<?xml version="1.0" encoding="UTF-8"?>
<!DOCTYPE html PUBLIC "-//W3C//DTD XHTML 1.0 Transitional//EN"
    "http://www.w3.org/TR/xhtml1/DTD/xhtml1-transitional.dtd">
<html xmlns="http://www.w3.org/1999/xhtml" xml:lang="en" lang="en">
 <head>
  <title>
</title>
<meta http-equiv="Content-Type" content="text/html;charset=utf-8" />
  <meta name='ocr-system' content='tesseract 3.04.00' />
  <meta name='ocr-capabilities' content='ocr_page ocr_carea ocr_par ocr_line ocrx_word'/>
</head>
<body>
  <div class='ocr_page' id='page_1' title='image "./definibusbonoru04cicegoog_0104.png"; bbox 0 0 2920 5012; ppageno 0'>
   <div class='ocr_carea' id='block_1_1' title="bbox 297 409 976 474">
    <p class='ocr_par' dir='ltr' id='par_1_1' title="bbox 297 409 976 474">
     <span class='ocr_line' id='line_1_1' title="bbox 297 409 976 474; baseline -0.004 -2"><span class='ocrx_word' id='word_1_1' title='bbox 297 409 339 474; x_wconf 84' lang='grc'>26</span> <span class='ocrx_word' id='word_1_2' title='bbox 687 425 732 470; x_wconf 86' lang='lat' dir='ltr'>nn</span> <span class='ocrx_word' id='word_1_3' title='bbox 753 423 883 472; x_wconf 75' lang='lat' dir='ltr'>sturnus</span> <span class='ocrx_word' id='word_1_4' title='bbox 905 423 976 469; x_wconf 82' lang='lat' dir='ltr'>sos.</span> 
     </span>
    </p>
   </div>
   <div class='ocr_carea' id='block_1_2' title="bbox 279 589 1368 984">
    <p class='ocr_par' dir='ltr' id='par_1_2' title="bbox 294 589 1368 777">
     <span class='ocr_line' id='line_1_2' title="bbox 294 589 1368 677; baseline -0.005 -19"><span class='ocrx_word' id='word_1_5' title='bbox 294 594 408 677; x_wconf 75' lang='lat' dir='ltr'>politis,</span> <span class='ocrx_word' id='word_1_6' title='bbox 436 600 548 676; x_wconf 84' lang='lat' dir='ltr'>postea</span> <span class='ocrx_word' id='word_1_7' title='bbox 569 595 693 677; x_wconf 91' lang='lat' dir='ltr'>quidem</span> <span class='ocrx_word' id='word_1_8' title='bbox 716 611 809 674; x_wconf 85' lang='lat' dir='ltr'>quam</span> <span class='ocrx_word' id='word_1_9' title='bbox 831 591 903 671; x_wconf 82' lang='lat' dir='ltr'>brit,</span> <span class='ocrx_word' id='word_1_10' title='bbox 935 611 1028 674; x_wconf 89' lang='lat' dir='ltr'>quem</span> <span class='ocrx_word' id='word_1_11' title='bbox 1048 590 1255 669; x_wconf 78' lang='lat' dir='ltr'>imitarentur,</span> <span class='ocrx_word' id='word_1_12' title='bbox 1285 589 1368 654; x_wconf 92' lang='lat' dir='ltr'>ullus</span> 
     </span>
     <span class='ocr_line' id='line_1_3' title="bbox 296 691 1214 777; baseline -0.008 -15"><span class='ocrx_word' id='word_1_13' title='bbox 296 696 444 762; x_wconf 89' lang='lat' dir='ltr'>orationis</span> <span class='ocrx_word' id='word_1_14' title='bbox 467 696 516 761; x_wconf 87' lang='lat' dir='ltr'>vel</span> <span class='ocrx_word' id='word_1_15' title='bbox 537 696 682 777; x_wconf 82' lang='lat' dir='ltr'>copiosae</span> <span class='ocrx_word' id='word_1_16' title='bbox 704 694 753 760; x_wconf 84' lang='lat' dir='ltr'>vel</span> <span class='ocrx_word' id='word_1_17' title='bbox 775 695 924 777; x_wconf 84' lang='lat' dir='ltr'>elegantis</span> <span class='ocrx_word' id='word_1_18' title='bbox 947 703 1074 760; x_wconf 89' lang='lat' dir='ltr'>omatus</span> <span class='ocrx_word' id='word_1_19' title='bbox 1096 691 1214 758; x_wconf 79' lang='lat' dir='ltr'>deluit?</span> 
     </span>
    </p>

    <p class='ocr_par' dir='ltr' id='par_1_3' title="bbox 279 793 1368 984">
     <span class='ocr_line' id='line_1_4' title="bbox 380 793 1368 880; baseline -0.005 -17"><span class='ocrx_word' id='word_1_20' title='bbox 380 799 434 863; x_wconf 92' lang='lat' dir='ltr'>IV.</span> <span class='ocrx_word' id='word_1_21' title='bbox 479 798 544 880; x_wconf 84' lang='lat' dir='ltr'>Ego</span> <span class='ocrx_word' id='word_1_22' title='bbox 567 816 655 876; x_wconf 88' lang='lat' dir='ltr'>vero,</span> <span class='ocrx_word' id='word_1_23' title='bbox 682 797 827 880; x_wconf 85' lang='lat' dir='ltr'>quoniam</span> <span class='ocrx_word' id='word_1_24' title='bbox 849 795 1024 862; x_wconf 82' lang='lat' dir='ltr'>forensibus</span> <span class='ocrx_word' id='word_1_25' title='bbox 1047 796 1164 878; x_wconf 86' lang='lat' dir='ltr'>operis,</span> <span class='ocrx_word' id='word_1_26' title='bbox 1197 793 1368 872; x_wconf 77' lang='lat' dir='ltr'>laboribus</span> 
     </span>
     <span class='ocr_line' id='line_1_5' title="bbox 279 896 1368 984; baseline -0.006 -18"><span class='ocrx_word' id='word_1_27' title='bbox 279 900 441 984; x_wconf 66' lang='lat' dir='ltr'>‘periculis</span> <span class='ocrx_word' id='word_1_28' title='bbox 462 919 524 965; x_wconf 91' lang='lat' dir='ltr'>non</span> <span class='ocrx_word' id='word_1_29' title='bbox 546 899 721 965; x_wconf 88' lang='lat' dir='ltr'>deseruisse</span> <span class='ocrx_word' id='word_1_30' title='bbox 745 899 819 964; x_wconf 91' lang='lat' dir='ltr'>mihi</span> <span class='ocrx_word' id='word_1_31' title='bbox 840 900 949 965; x_wconf 87' lang='lat' dir='ltr'>videor</span> <span class='ocrx_word' id='word_1_32' title='bbox 969 898 1173 981; x_wconf 81' lang='lat' dir='ltr'>praesidium,</span> <span class='ocrx_word' id='word_1_33' title='bbox 1206 896 1238 961; x_wconf 91' lang='lat' dir='ltr'>in</span> <span class='ocrx_word' id='word_1_34' title='bbox 1260 914 1323 978; x_wconf 91' lang='lat' dir='ltr'>quo</span> <span class='ocrx_word' id='word_1_35' title='bbox 1347 914 1368 960; x_wconf 86' lang='lat' dir='ltr'>a</span> 
     </span>
    </p>
   </div>
   <div class='ocr_carea' id='block_1_3' title="bbox 294 1066 1369 1222">
    <p class='ocr_par' dir='ltr' id='par_1_4' title="bbox 294 1066 1369 1222">
     <span class='ocr_line' id='line_1_6' title="bbox 364 1066 1369 1138; baseline -0.005 -18"><span class='ocrx_word' id='word_1_36' title='bbox 364 1077 385 1122; x_wconf 90' lang='grc'>1.</span> <span class='ocrx_word' id='word_1_37' title='bbox 401 1071 478 1138; x_wconf 69' lang='lat' dir='ltr'>pollis</span> <span class='ocrx_word' id='word_1_38' title='bbox 496 1071 585 1120; x_wconf 70' lang='lat' dir='ltr'>omi.</span> <span class='ocrx_word' id='word_1_39' title='bbox 623 1067 699 1136; x_wconf 60' lang='lat' dir='ltr'>[wem</span> <span class='ocrx_word' id='word_1_40' title='bbox 717 1086 779 1120; x_wconf 86' lang='lat' dir='ltr'>corr.</span> <span class='ocrx_word' id='word_1_41' title='bbox 798 1072 885 1121; x_wconf 80' lang='lat' dir='ltr'>ecdem</span> <span class='ocrx_word' id='word_1_42' title='bbox 903 1085 979 1120; x_wconf 85' lang='lat' dir='ltr'>manu</span> <span class='ocrx_word' id='word_1_43' title='bbox 1007 1085 1038 1119; x_wconf 87' lang='lat' dir='ltr'>ex</span> <span class='ocrx_word' id='word_1_44' title='bbox 1065 1085 1126 1133; x_wconf 76' lang='lat' dir='ltr'>paroc</span> <span class='ocrx_word' id='word_1_45' title='bbox 1144 1066 1179 1134; x_wconf 79' lang='lat' dir='ltr'>A]</span> <span class='ocrx_word' id='word_1_46' title='bbox 1221 1073 1244 1115; x_wconf 87' lang='lat' dir='ltr'>a.</span> <span class='ocrx_word' id='word_1_47' title='bbox 1263 1075 1369 1116; x_wconf 75' lang='lat' dir='ltr'>omarus</span> 
     </span>
     <span class='ocr_line' id='line_1_7' title="bbox 294 1133 1369 1222; baseline -0.005 -33"><span class='ocrx_word' id='word_1_48' title='bbox 294 1140 384 1205; x_wconf 78' lang='lat' dir='ltr'>rafolt</span> <span class='ocrx_word' id='word_1_49' title='bbox 402 1141 428 1222; x_wconf 40' lang='lat' dir='ltr'>E·</span> <span class='ocrx_word' id='word_1_50' title='bbox 452 1145 476 1189; x_wconf 78' lang='grc'>8.</span> <span class='ocrx_word' id='word_1_51' title='bbox 494 1155 544 1189; x_wconf 75' lang='lat' dir='ltr'>arm</span> <span class='ocrx_word' id='word_1_52' title='bbox 559 1137 692 1198; x_wconf 69' lang='lat' dir='ltr'>foecnmbuc</span> <span class='ocrx_word' id='word_1_53' title='bbox 710 1155 809 1199; x_wconf 80' lang='lat' dir='ltr'>omncs,</span> <span class='ocrx_word' id='word_1_54' title='bbox 829 1139 872 1191; x_wconf 88' lang='lat' dir='ltr'>Or.</span> <span class='ocrx_word' id='word_1_55' title='bbox 898 1147 921 1190; x_wconf 84' lang='grc'>4.</span> <span class='ocrx_word' id='word_1_56' title='bbox 939 1137 1017 1213; x_wconf 75' lang='lat' dir='ltr'>orden</span> <span class='ocrx_word' id='word_1_57' title='bbox 1030 1135 1074 1205; x_wconf 85' lang='grc' dir='ltr'>[Α]</span> <span class='ocrx_word' id='word_1_58' title='bbox 1091 1137 1113 1186; x_wconf 80' lang='grc' dir='ltr'>Ε</span> <span class='ocrx_word' id='word_1_59' title='bbox 1131 1153 1177 1200; x_wconf 83' lang='lat' dir='ltr'>qno</span> <span class='ocrx_word' id='word_1_60' title='bbox 1192 1133 1226 1186; x_wconf 82' lang='lat' dir='ltr'><em>M</em></span> <span class='ocrx_word' id='word_1_61' title='bbox 1231 1133 1321 1200; x_wconf 81' lang='lat' dir='ltr'>popolo</span> <span class='ocrx_word' id='word_1_62' title='bbox 1346 1135 1369 1184; x_wconf 84' lang='lat' dir='ltr'><strong>E</strong></span> 
     </span>
    </p>
   </div>
   <div class='ocr_carea' id='block_1_4' title="bbox 251 1293 1372 3250">
    <p class='ocr_par' dir='ltr' id='par_1_5' title="bbox 251 1293 1372 2824">
     <span class='ocr_line' id='line_1_8' title="bbox 293 1293 1369 1373; baseline -0.005 -19"><span class='ocrx_word' id='word_1_63' title='bbox 293 1315 409 1372; x_wconf 86' lang='lat' dir='ltr'>semper</span> <span class='ocrx_word' id='word_1_64' title='bbox 430 1316 484 1373; x_wconf 90' lang='lat' dir='ltr'>pro</span> <span class='ocrx_word' id='word_1_65' title='bbox 506 1299 547 1354; x_wconf 83' lang='lat' dir='ltr'>cel</span> <span class='ocrx_word' id='word_1_66' title='bbox 568 1296 712 1354; x_wconf 80' lang='lat' dir='ltr'>scribetur</span> <span class='ocrx_word' id='word_1_67' title='bbox 734 1307 772 1366; x_wconf 85' lang='lat' dir='ltr'>nt,</span> <span class='ocrx_word' id='word_1_68' title='bbox 794 1297 889 1354; x_wconf 86' lang='lat' dir='ltr'>rarius</span> <span class='ocrx_word' id='word_1_69' title='bbox 911 1307 936 1354; x_wconf 83' lang='lat' dir='ltr'>et</span> <span class='ocrx_word' id='word_1_70' title='bbox 958 1295 1067 1372; x_wconf 85' lang='lat' dir='ltr'>(vidl,</span> <span class='ocrx_word' id='word_1_71' title='bbox 1091 1295 1141 1365; x_wconf 88' lang='grc'>47,</span> <span class='ocrx_word' id='word_1_72' title='bbox 1160 1293 1210 1364; x_wconf 77' lang='lat'>52,</span> <span class='ocrx_word' id='word_1_73' title='bbox 1230 1293 1288 1362; x_wconf 69' lang='lat'>111,</span> <span class='ocrx_word' id='word_1_74' title='bbox 1313 1293 1369 1364; x_wconf 79' lang='grc'>21,</span> 
     </span>
     <span class='ocr_line' id='line_1_9' title="bbox 292 1377 1369 1458; baseline -0.006 -18"><span class='ocrx_word' id='word_1_75' title='bbox 292 1383 342 1453; x_wconf 74' lang='lat'>52,</span> <span class='ocrx_word' id='word_1_76' title='bbox 367 1382 416 1453; x_wconf 80' lang='lat'>53,</span> <span class='ocrx_word' id='word_1_77' title='bbox 439 1384 495 1453; x_wconf 94' lang='lat' dir='ltr'>IV,</span> <span class='ocrx_word' id='word_1_78' title='bbox 521 1381 569 1451; x_wconf 89' lang='lat'>13,</span> <span class='ocrx_word' id='word_1_79' title='bbox 594 1383 644 1452; x_wconf 92' lang='grc'>60,</span> <span class='ocrx_word' id='word_1_80' title='bbox 668 1383 705 1450; x_wconf 89' lang='lat' dir='ltr'>V,</span> <span class='ocrx_word' id='word_1_81' title='bbox 730 1384 758 1452; x_wconf 88' lang='grc'>6,</span> <span class='ocrx_word' id='word_1_82' title='bbox 783 1383 832 1453; x_wconf 82' lang='lat'>55,</span> <span class='ocrx_word' id='word_1_83' title='bbox 857 1381 921 1458; x_wconf 81' lang='lat'>85).</span> <span class='ocrx_word' id='word_1_84' title='bbox 964 1383 1040 1439; x_wconf 86' lang='lat' dir='ltr'>Item</span> <span class='ocrx_word' id='word_1_85' title='bbox 1063 1380 1093 1437; x_wconf 89' lang='lat' dir='ltr'>in</span> <span class='ocrx_word' id='word_1_86' title='bbox 1115 1378 1221 1436; x_wconf 88' lang='lat' dir='ltr'>ceteris</span> <span class='ocrx_word' id='word_1_87' title='bbox 1243 1377 1369 1454; x_wconf 90' lang='lat' dir='ltr'>optimis</span> 
     </span>
     <span class='ocr_line' id='line_1_10' title="bbox 290 1464 1370 1543; baseline -0.006 -18"><span class='ocrx_word' id='word_1_88' title='bbox 290 1467 391 1538; x_wconf 86' lang='lat' dir='ltr'>fuisse,</span> <span class='ocrx_word' id='word_1_89' title='bbox 413 1466 495 1527; x_wconf 82' lang='lat' dir='ltr'>facili</span> <span class='ocrx_word' id='word_1_90' title='bbox 518 1467 589 1524; x_wconf 89' lang='lat' dir='ltr'>mibi</span> <span class='ocrx_word' id='word_1_91' title='bbox 611 1468 787 1543; x_wconf 80' lang='lat' dir='ltr'>peravadeo,</span> <span class='ocrx_word' id='word_1_92' title='bbox 811 1467 866 1526; x_wconf 86' lang='lat' dir='ltr'>etsi</span> <span class='ocrx_word' id='word_1_93' title='bbox 889 1467 1035 1526; x_wconf 86' lang='lat' dir='ltr'>Gruterus</span> <span class='ocrx_word' id='word_1_94' title='bbox 1057 1484 1126 1524; x_wconf 88' lang='lat' dir='ltr'>suos</span> <span class='ocrx_word' id='word_1_95' title='bbox 1148 1464 1300 1540; x_wconf 85' lang='lat' dir='ltr'>vulgatum</span> <span class='ocrx_word' id='word_1_96' title='bbox 1327 1465 1370 1520; x_wconf 80' lang='lat' dir='ltr'>rel</span> 
     </span>
     <span class='ocr_line' id='line_1_11' title="bbox 290 1548 1369 1628; baseline -0.005 -18"><span class='ocrx_word' id='word_1_97' title='bbox 290 1554 364 1610; x_wconf 75' lang='lat' dir='ltr'>nobis</span> <span class='ocrx_word' id='word_1_98' title='bbox 386 1555 474 1612; x_wconf 80' lang='lat' dir='ltr'>dicam</span> <span class='ocrx_word' id='word_1_99' title='bbox 496 1551 572 1610; x_wconf 88' lang='lat' dir='ltr'>tueri</span> <span class='ocrx_word' id='word_1_100' title='bbox 594 1552 679 1624; x_wconf 85' lang='lat' dir='ltr'>dicit,</span> <span class='ocrx_word' id='word_1_101' title='bbox 702 1554 767 1612; x_wconf 88' lang='lat' dir='ltr'>Pal.</span> <span class='ocrx_word' id='word_1_102' title='bbox 788 1554 806 1612; x_wconf 95' lang='lat' dir='ltr'>I</span> <span class='ocrx_word' id='word_1_103' title='bbox 826 1572 885 1610; x_wconf 91' lang='lat' dir='ltr'>non</span> <span class='ocrx_word' id='word_1_104' title='bbox 918 1552 1068 1628; x_wconf 84' lang='lat' dir='ltr'>excipiens</span> <span class='ocrx_word' id='word_1_105' title='bbox 1102 1548 1203 1628; x_wconf 88' lang='lat' dir='ltr'>[quem</span> <span class='ocrx_word' id='word_1_106' title='bbox 1226 1549 1369 1607; x_wconf 81' lang='lat' dir='ltr'>debuisse</span> 
     </span>
     <span class='ocr_line' id='line_1_12' title="bbox 290 1637 1371 1716; baseline -0.004 -20"><span class='ocrx_word' id='word_1_107' title='bbox 290 1638 390 1714; x_wconf 86' lang='lat' dir='ltr'>excipi</span> <span class='ocrx_word' id='word_1_108' title='bbox 416 1656 494 1696; x_wconf 90' lang='lat' dir='ltr'>nunc</span> <span class='ocrx_word' id='word_1_109' title='bbox 526 1637 670 1716; x_wconf 84' lang='lat' dir='ltr'>constet];</span> <span class='ocrx_word' id='word_1_110' title='bbox 704 1638 898 1714; x_wconf 82' lang='lat' dir='ltr'>nequeenim</span> <span class='ocrx_word' id='word_1_111' title='bbox 921 1638 1053 1696; x_wconf 89' lang='lat' dir='ltr'>ordinem</span> <span class='ocrx_word' id='word_1_112' title='bbox 1074 1637 1233 1693; x_wconf 86' lang='lat' dir='ltr'>verborum</span> <span class='ocrx_word' id='word_1_113' title='bbox 1261 1653 1371 1692; x_wconf 84' lang='lat' dir='ltr'>curare</span> 
     </span>
     <span class='ocr_line' id='line_1_13' title="bbox 289 1721 1370 1798; baseline -0.005 -16"><span class='ocrx_word' id='word_1_114' title='bbox 289 1724 373 1782; x_wconf 82' lang='lat' dir='ltr'>solet.</span> <span class='ocrx_word' id='word_1_115' title='bbox 418 1724 515 1792; x_wconf 75' lang='lat' dir='ltr'>il&#39;obr&#39;a,</span> <span class='ocrx_word' id='word_1_116' title='bbox 543 1726 584 1780; x_wconf 84' lang='lat' dir='ltr'>oei</span> <span class='ocrx_word' id='word_1_117' title='bbox 610 1725 711 1792; x_wconf 83' lang='lat' dir='ltr'>dicam,</span> <span class='ocrx_word' id='word_1_118' title='bbox 734 1733 781 1782; x_wconf 83' lang='lat' dir='ltr'>ast</span> <span class='ocrx_word' id='word_1_119' title='bbox 802 1724 961 1794; x_wconf 83' lang='lat' dir='ltr'>oratoribus,</span> <span class='ocrx_word' id='word_1_120' title='bbox 989 1723 1020 1780; x_wconf 88' lang='lat' dir='ltr'>id</span> <span class='ocrx_word' id='word_1_121' title='bbox 1053 1730 1111 1793; x_wconf 85' lang='lat' dir='ltr'>ast,</span> <span class='ocrx_word' id='word_1_122' title='bbox 1134 1723 1175 1778; x_wconf 80' lang='lat' dir='ltr'>val</span> <span class='ocrx_word' id='word_1_123' title='bbox 1191 1723 1284 1796; x_wconf 66' lang='lat' dir='ltr'>maus</span> <span class='ocrx_word' id='word_1_124' title='bbox 1314 1721 1370 1798; x_wconf 87' lang='lat' dir='ltr'>(ne</span> 
     </span>
     <span class='ocr_line' id='line_1_14' title="bbox 288 1805 1369 1880; baseline -0.002 -14"><span class='ocrx_word' id='word_1_125' title='bbox 288 1809 325 1866; x_wconf 90' lang='lat' dir='ltr'>de</span> <span class='ocrx_word' id='word_1_126' title='bbox 348 1807 432 1868; x_wconf 90' lang='lat' dir='ltr'>nobis</span> <span class='ocrx_word' id='word_1_127' title='bbox 460 1807 568 1880; x_wconf 88' lang='lat' dir='ltr'>dicam)</span> <span class='ocrx_word' id='word_1_128' title='bbox 596 1811 699 1866; x_wconf 81' lang='lat' dir='ltr'>omnino</span> <span class='ocrx_word' id='word_1_129' title='bbox 720 1819 768 1866; x_wconf 83' lang='lat' dir='ltr'>aut</span> <span class='ocrx_word' id='word_1_130' title='bbox 788 1810 937 1867; x_wconf 70' lang='lat' dir='ltr'>oratoribus</span> <span class='ocrx_word' id='word_1_131' title='bbox 960 1817 1015 1866; x_wconf 87' lang='lat' dir='ltr'>etc.</span> <span class='ocrx_word' id='word_1_132' title='bbox 1070 1806 1120 1867; x_wconf 89' lang='lat' dir='ltr'>Sic</span> <span class='ocrx_word' id='word_1_133' title='bbox 1141 1806 1179 1862; x_wconf 90' lang='lat' dir='ltr'>ad</span> <span class='ocrx_word' id='word_1_134' title='bbox 1201 1806 1284 1864; x_wconf 77' lang='lat' dir='ltr'>Fam.</span> <span class='ocrx_word' id='word_1_135' title='bbox 1306 1805 1369 1878; x_wconf 83' lang='grc' dir='ltr'>Ν,</span> 
     </span>
     <span class='ocr_line' id='line_1_15' title="bbox 290 1892 1371 1970; baseline -0.004 -18"><span class='ocrx_word' id='word_1_136' title='bbox 290 1897 318 1965; x_wconf 88' lang='grc'>7,</span> <span class='ocrx_word' id='word_1_137' title='bbox 333 1895 365 1952; x_wconf 84' lang='lat'>3:</span> <span class='ocrx_word' id='word_1_138' title='bbox 388 1915 405 1952; x_wconf 88' lang='grc' dir='ltr'><em>α</em></span> <span class='ocrx_word' id='word_1_139' title='bbox 413 1897 558 1970; x_wconf 56' lang='lat' dir='ltr'>pleraque,</span> <span class='ocrx_word' id='word_1_140' title='bbox 581 1897 621 1952; x_wconf 83' lang='lat' dir='ltr'>vel</span> <span class='ocrx_word' id='word_1_141' title='bbox 632 1897 728 1964; x_wconf 82' lang='lat' dir='ltr'>dicam,</span> <span class='ocrx_word' id='word_1_142' title='bbox 750 1896 785 1952; x_wconf 83' lang='lat' dir='ltr'>ab</span> <span class='ocrx_word' id='word_1_143' title='bbox 796 1897 928 1963; x_wconf 58' lang='lat' dir='ltr'>marcidum</span> <span class='ocrx_word' id='word_1_144' title='bbox 940 1894 978 1950; x_wconf 85' lang='lat' dir='ltr'>nd</span> <span class='ocrx_word' id='word_1_145' title='bbox 989 1892 1081 1951; x_wconf 81' lang='lat' dir='ltr'>Attio.</span> <span class='ocrx_word' id='word_1_146' title='bbox 1087 1893 1145 1962; x_wconf 88' lang='lat' dir='ltr'>IX,</span> <span class='ocrx_word' id='word_1_147' title='bbox 1159 1893 1187 1962; x_wconf 91' lang='grc'>7,</span> <span class='ocrx_word' id='word_1_148' title='bbox 1204 1894 1230 1949; x_wconf 85' lang='lat'>1:</span> <span class='ocrx_word' id='word_1_149' title='bbox 1253 1893 1371 1966; x_wconf 81' lang='lat' dir='ltr'>nequid</span> 
     </span>
     <span class='ocr_line' id='line_1_16' title="bbox 288 1977 1370 2055; baseline -0.004 -17"><span class='ocrx_word' id='word_1_150' title='bbox 288 1983 402 2055; x_wconf 65' lang='lat' dir='ltr'>accpiter</span> <span class='ocrx_word' id='word_1_151' title='bbox 416 1983 546 2055; x_wconf 79' lang='lat' dir='ltr'>focarem,</span> <span class='ocrx_word' id='word_1_152' title='bbox 568 1983 610 2037; x_wconf 85' lang='lat' dir='ltr'>vcl</span> <span class='ocrx_word' id='word_1_153' title='bbox 630 1982 727 2052; x_wconf 67' lang='lat' dir='ltr'>dicam</span> <span class='ocrx_word' id='word_1_154' title='bbox 749 1983 803 2038; x_wconf 78' lang='lat' dir='ltr'>sbm</span> <span class='ocrx_word' id='word_1_155' title='bbox 818 1983 959 2055; x_wconf 64' lang='lat' dir='ltr'>secessas,</span> <span class='ocrx_word' id='word_1_156' title='bbox 981 1980 1065 2038; x_wconf 73' lang='lat' dir='ltr'>Brut.</span> <span class='ocrx_word' id='word_1_157' title='bbox 1090 1978 1165 2035; x_wconf 77' lang='lat'><strong>207:</strong></span> <span class='ocrx_word' id='word_1_158' title='bbox 1187 1977 1254 2034; x_wconf 73' lang='lat' dir='ltr'>mibi</span> <span class='ocrx_word' id='word_1_159' title='bbox 1270 1979 1370 2052; x_wconf 80' lang='lat' dir='ltr'>place·</span> 
     </span>
     <span class='ocr_line' id='line_1_17' title="bbox 289 2063 1370 2142; baseline -0.002 -20"><span class='ocrx_word' id='word_1_160' title='bbox 289 2065 516 2141; x_wconf 81' lang='lat' dir='ltr'>botPomponias,</span> <span class='ocrx_word' id='word_1_161' title='bbox 539 2067 580 2122; x_wconf 81' lang='lat' dir='ltr'>vel</span> <span class='ocrx_word' id='word_1_162' title='bbox 600 2067 696 2136; x_wconf 76' lang='grc' dir='ltr'>ἀὲεαηι,</span> <span class='ocrx_word' id='word_1_163' title='bbox 719 2069 823 2123; x_wconf 80' lang='lat' dir='ltr'>minime</span> <span class='ocrx_word' id='word_1_164' title='bbox 844 2066 1015 2142; x_wconf 55' lang='lat' dir='ltr'>displicebam</span> <span class='ocrx_word' id='word_1_165' title='bbox 1037 2063 1098 2120; x_wconf 93' lang='lat' dir='ltr'>ibd.</span> <span class='ocrx_word' id='word_1_166' title='bbox 1117 2063 1193 2120; x_wconf 75' lang='lat'><strong>246:</strong></span> <span class='ocrx_word' id='word_1_167' title='bbox 1216 2081 1262 2118; x_wconf 83' lang='lat' dir='ltr'>nec</span> <span class='ocrx_word' id='word_1_168' title='bbox 1286 2063 1370 2120; x_wconf 77' lang='lat' dir='ltr'>babes</span> 
     </span>
     <span class='ocr_line' id='line_1_18' title="bbox 287 2148 1369 2226; baseline -0.003 -19"><span class='ocrx_word' id='word_1_169' title='bbox 287 2152 314 2207; x_wconf 82' lang='lat' dir='ltr'>in</span> <span class='ocrx_word' id='word_1_170' title='bbox 336 2153 440 2219; x_wconf 70' lang='lat' dir='ltr'>cauma,</span> <span class='ocrx_word' id='word_1_171' title='bbox 463 2153 504 2208; x_wconf 79' lang='lat' dir='ltr'>vel</span> <span class='ocrx_word' id='word_1_172' title='bbox 525 2153 626 2216; x_wconf 61' lang='lat' dir='ltr'>ducam</span> <span class='ocrx_word' id='word_1_173' title='bbox 645 2153 710 2226; x_wconf 80' lang='lat' dir='ltr'>plus</span> <span class='ocrx_word' id='word_1_174' title='bbox 732 2154 810 2208; x_wconf 78' lang='lat' dir='ltr'>etiam</span> <span class='ocrx_word' id='word_1_175' title='bbox 832 2171 914 2226; x_wconf 83' lang='lat' dir='ltr'>qoam</span> <span class='ocrx_word' id='word_1_176' title='bbox 941 2171 991 2208; x_wconf 77' lang='lat' dir='ltr'>nort</span> <span class='ocrx_word' id='word_1_177' title='bbox 1015 2151 1105 2220; x_wconf 57' lang='lat' dir='ltr'>bahem</span> <span class='ocrx_word' id='word_1_178' title='bbox 1133 2148 1211 2206; x_wconf 90' lang='lat' dir='ltr'>Phil.</span> <span class='ocrx_word' id='word_1_179' title='bbox 1234 2148 1282 2218; x_wconf 94' lang='grc' dir='ltr'>Π,</span> <span class='ocrx_word' id='word_1_180' title='bbox 1307 2149 1369 2205; x_wconf 89' lang='lat'>30:</span> 
     </span>
     <span class='ocr_line' id='line_1_19' title="bbox 251 2234 1371 2312; baseline -0.003 -19"><span class='ocrx_word' id='word_1_181' title='bbox 251 2291 258 2306; x_wconf 75' lang='grc'>,</span> <span class='ocrx_word' id='word_1_182' title='bbox 286 2237 336 2293; x_wconf 80' lang='lat' dir='ltr'>aad</span> <span class='ocrx_word' id='word_1_183' title='bbox 356 2247 490 2311; x_wconf 76' lang='lat' dir='ltr'>stuporem</span> <span class='ocrx_word' id='word_1_184' title='bbox 512 2236 636 2306; x_wconf 67' lang='lat' dir='ltr'>bmnium,</span> <span class='ocrx_word' id='word_1_185' title='bbox 665 2239 706 2294; x_wconf 83' lang='lat' dir='ltr'>ccl</span> <span class='ocrx_word' id='word_1_186' title='bbox 726 2239 822 2306; x_wconf 61' lang='lat' dir='ltr'>daona,</span> <span class='ocrx_word' id='word_1_187' title='bbox 841 2239 955 2312; x_wconf 78' lang='lat' dir='ltr'>perndie</span> <span class='ocrx_word' id='word_1_188' title='bbox 976 2237 1110 2293; x_wconf 72' lang='lat' dir='ltr'>omnnia.</span> <span class='ocrx_word' id='word_1_189' title='bbox 1155 2234 1192 2291; x_wconf 90' lang='lat' dir='ltr'>In</span> <span class='ocrx_word' id='word_1_190' title='bbox 1219 2234 1284 2292; x_wconf 86' lang='lat' dir='ltr'>eolo</span> <span class='ocrx_word' id='word_1_191' title='bbox 1307 2234 1371 2291; x_wconf 88' lang='lat' dir='ltr'>hoc</span> 
     </span>
     <span class='ocr_line' id='line_1_20' title="bbox 287 2319 1372 2396; baseline -0.001 -18"><span class='ocrx_word' id='word_1_192' title='bbox 287 2329 419 2378; x_wconf 88' lang='lat' dir='ltr'>extremo</span> <span class='ocrx_word' id='word_1_193' title='bbox 441 2320 506 2379; x_wconf 89' lang='lat' dir='ltr'>loco</span> <span class='ocrx_word' id='word_1_194' title='bbox 528 2339 604 2379; x_wconf 88' lang='lat' dir='ltr'>unus</span> <span class='ocrx_word' id='word_1_195' title='bbox 636 2322 730 2380; x_wconf 82' lang='lat' dir='ltr'>codex</span> <span class='ocrx_word' id='word_1_196' title='bbox 752 2323 894 2393; x_wconf 87' lang='lat' dir='ltr'>deflectit,</span> <span class='ocrx_word' id='word_1_197' title='bbox 927 2322 1118 2396; x_wconf 83' lang='lat' dir='ltr'>tentabatqne</span> <span class='ocrx_word' id='word_1_198' title='bbox 1141 2319 1304 2377; x_wconf 81' lang='lat' dir='ltr'>Lambinus</span> <span class='ocrx_word' id='word_1_199' title='bbox 1338 2339 1372 2377; x_wconf 77' lang='lat' dir='ltr'>ne</span> 
     </span>
     <span class='ocr_line' id='line_1_21' title="bbox 286 2405 1370 2487; baseline -0.001 -24"><span class='ocrx_word' id='word_1_200' title='bbox 286 2407 382 2464; x_wconf 81' lang='lat' dir='ltr'>dicam.</span> <span class='ocrx_word' id='word_1_201' title='bbox 428 2405 586 2487; x_wconf 70' lang='lat' dir='ltr'>Suetonius</span> <span class='ocrx_word' id='word_1_202' title='bbox 609 2405 702 2484; x_wconf 88' lang='lat' dir='ltr'>Calig.</span> <span class='ocrx_word' id='word_1_203' title='bbox 728 2407 765 2464; x_wconf 85' lang='lat'>13</span> <span class='ocrx_word' id='word_1_204' title='bbox 788 2408 890 2466; x_wconf 86' lang='lat' dir='ltr'>habet:</span> <span class='ocrx_word' id='word_1_205' title='bbox 916 2409 1046 2483; x_wconf 82' lang='lat' dir='ltr'>populum</span> <span class='ocrx_word' id='word_1_206' title='bbox 1068 2406 1233 2470; x_wconf 81' lang='lat' dir='ltr'>Romanum,</span> <span class='ocrx_word' id='word_1_207' title='bbox 1256 2406 1297 2461; x_wconf 83' lang='lat' dir='ltr'>cel</span> <span class='ocrx_word' id='word_1_208' title='bbox 1322 2407 1370 2462; x_wconf 84' lang='lat' dir='ltr'>cli-</span> 
     </span>
     <span class='ocr_line' id='line_1_22' title="bbox 285 2488 1368 2565; baseline -0.002 -17"><span class='ocrx_word' id='word_1_209' title='bbox 285 2510 353 2560; x_wconf 87' lang='lat' dir='ltr'>com,</span> <span class='ocrx_word' id='word_1_210' title='bbox 376 2493 509 2550; x_wconf 65' lang='lat' dir='ltr'>bonarium</span> <span class='ocrx_word' id='word_1_211' title='bbox 528 2511 626 2565; x_wconf 55' lang='lat' dir='ltr'>penam</span> <span class='ocrx_word' id='word_1_212' title='bbox 649 2493 679 2549; x_wconf 90' lang='lat' dir='ltr'>in</span> <span class='ocrx_word' id='word_1_213' title='bbox 702 2492 843 2552; x_wconf 77' lang='lat' dir='ltr'>Claudi</span> <span class='ocrx_word' id='word_1_214' title='bbox 867 2503 897 2551; x_wconf 86' lang='lat' dir='ltr'>et</span> <span class='ocrx_word' id='word_1_215' title='bbox 919 2493 958 2550; x_wconf 84' lang='lat'>39</span> <span class='ocrx_word' id='word_1_216' title='bbox 982 2493 1078 2550; x_wconf 80' lang='lat' dir='ltr'>ndnus</span> <span class='ocrx_word' id='word_1_217' title='bbox 1099 2501 1180 2548; x_wconf 88' lang='lat' dir='ltr'>recte</span> <span class='ocrx_word' id='word_1_218' title='bbox 1202 2490 1278 2547; x_wconf 85' lang='lat' dir='ltr'>banc</span> <span class='ocrx_word' id='word_1_219' title='bbox 1300 2488 1368 2548; x_wconf 81' lang='lat' dir='ltr'>for-</span> 
     </span>
     <span class='ocr_line' id='line_1_23' title="bbox 287 2575 1369 2657; baseline 0 -24"><span class='ocrx_word' id='word_1_220' title='bbox 287 2577 394 2634; x_wconf 86' lang='lat' dir='ltr'>mulam</span> <span class='ocrx_word' id='word_1_221' title='bbox 418 2575 526 2635; x_wconf 83' lang='lat' dir='ltr'>inferre</span> <span class='ocrx_word' id='word_1_222' title='bbox 549 2587 700 2635; x_wconf 89' lang='lat' dir='ltr'>conantur.</span> <span class='ocrx_word' id='word_1_223' title='bbox 744 2577 856 2657; x_wconf 85' lang='lat' dir='ltr'>[Varro</span> <span class='ocrx_word' id='word_1_224' title='bbox 868 2580 901 2636; x_wconf 88' lang='lat' dir='ltr'>L.</span> <span class='ocrx_word' id='word_1_225' title='bbox 913 2579 948 2636; x_wconf 82' lang='lat'>1..</span> <span class='ocrx_word' id='word_1_226' title='bbox 960 2579 1048 2649; x_wconf 87' lang='lat' dir='ltr'>VIII,</span> <span class='ocrx_word' id='word_1_227' title='bbox 1071 2577 1170 2654; x_wconf 84' lang='lat' dir='ltr'>p.106</span> <span class='ocrx_word' id='word_1_228' title='bbox 1193 2576 1261 2651; x_wconf 88' lang='lat' dir='ltr'>Bip.</span> <span class='ocrx_word' id='word_1_229' title='bbox 1284 2575 1369 2634; x_wconf 81' lang='lat' dir='ltr'>dixit</span> 
     </span>
     <span class='ocr_line' id='line_1_24' title="bbox 285 2661 1369 2738; baseline 0 -20"><span class='ocrx_word' id='word_1_230' title='bbox 285 2661 317 2718; x_wconf 87' lang='lat' dir='ltr'>ia</span> <span class='ocrx_word' id='word_1_231' title='bbox 343 2663 492 2738; x_wconf 83' lang='lat' dir='ltr'>augendo:</span> <span class='ocrx_word' id='word_1_232' title='bbox 514 2683 601 2720; x_wconf 76' lang='lat' dir='ltr'>omnm</span> <span class='ocrx_word' id='word_1_233' title='bbox 624 2664 697 2720; x_wconf 70' lang='lat' dir='ltr'>iosos</span> <span class='ocrx_word' id='word_1_234' title='bbox 718 2667 851 2736; x_wconf 70' lang='lat' dir='ltr'>cornulas,</span> <span class='ocrx_word' id='word_1_235' title='bbox 874 2666 915 2721; x_wconf 83' lang='lat' dir='ltr'>ccl</span> <span class='ocrx_word' id='word_1_236' title='bbox 936 2666 1022 2721; x_wconf 82' lang='lat' dir='ltr'>dicum</span> <span class='ocrx_word' id='word_1_237' title='bbox 1046 2665 1175 2738; x_wconf 81' lang='lat' dir='ltr'>amplias,</span> <span class='ocrx_word' id='word_1_238' title='bbox 1204 2664 1293 2718; x_wconf 78' lang='lat' dir='ltr'>mania</span> <span class='ocrx_word' id='word_1_239' title='bbox 1317 2681 1369 2718; x_wconf 76' lang='lat' dir='ltr'>rso·</span> 
     </span>
     <span class='ocr_line' id='line_1_25' title="bbox 284 2745 814 2824; baseline 0.006 -20"><span class='ocrx_word' id='word_1_240' title='bbox 284 2745 381 2824; x_wconf 83' lang='lat' dir='ltr'>minc]</span> <span class='ocrx_word' id='word_1_241' title='bbox 425 2746 616 2806; x_wconf 78' lang='lat' dir='ltr'>Coniecturae</span> <span class='ocrx_word' id='word_1_242' title='bbox 634 2749 746 2807; x_wconf 85' lang='lat' dir='ltr'>omitto.</span> <span class='ocrx_word' id='word_1_243' title='bbox 811 2762 814 2768; x_wconf 80' lang='grc'>’</span> 
     </span>
    </p>

    <p class='ocr_par' dir='ltr' id='par_1_6' title="bbox 285 2831 1370 3250">
     <span class='ocr_line' id='line_1_26' title="bbox 372 2831 1369 2911; baseline -0.004 -19"><span class='ocrx_word' id='word_1_244' title='bbox 372 2832 444 2909; x_wconf 85' lang='lat' dir='ltr'>Cap.</span> <span class='ocrx_word' id='word_1_245' title='bbox 461 2835 516 2892; x_wconf 87' lang='lat' dir='ltr'>IV.</span> <span class='ocrx_word' id='word_1_246' title='bbox 564 2833 695 2901; x_wconf 74' lang='lat' dir='ltr'>Quonam</span> <span class='ocrx_word' id='word_1_247' title='bbox 716 2867 758 2878; x_wconf 91' lang='lat'><em>—</em></span> <span class='ocrx_word' id='word_1_248' title='bbox 780 2836 845 2891; x_wconf 81' lang='lat' dir='ltr'>mibi</span> <span class='ocrx_word' id='word_1_249' title='bbox 866 2831 969 2911; x_wconf 75' lang='lat' dir='ltr'>videor)</span> <span class='ocrx_word' id='word_1_250' title='bbox 992 2833 1155 2891; x_wconf 85' lang='lat' dir='ltr'>Tollendus</span> <span class='ocrx_word' id='word_1_251' title='bbox 1183 2840 1248 2889; x_wconf 84' lang='lat' dir='ltr'>erat</span> <span class='ocrx_word' id='word_1_252' title='bbox 1275 2850 1369 2906; x_wconf 86' lang='lat' dir='ltr'>aper·</span> 
     </span>
     <span class='ocr_line' id='line_1_27' title="bbox 285 2917 1370 2994; baseline -0.003 -18"><span class='ocrx_word' id='word_1_253' title='bbox 285 2929 333 2976; x_wconf 90' lang='lat' dir='ltr'>tus</span> <span class='ocrx_word' id='word_1_254' title='bbox 355 2919 491 2994; x_wconf 83' lang='lat' dir='ltr'>vulgatae</span> <span class='ocrx_word' id='word_1_255' title='bbox 503 2918 665 2994; x_wconf 85' lang='lat' dir='ltr'>scripturae</span> <span class='ocrx_word' id='word_1_256' title='bbox 677 2919 875 2990; x_wconf 87' lang='lat' dir='ltr'>soloecismus,</span> <span class='ocrx_word' id='word_1_257' title='bbox 899 2938 986 2994; x_wconf 87' lang='lat' dir='ltr'>quem</span> <span class='ocrx_word' id='word_1_258' title='bbox 1003 2919 1156 2976; x_wconf 87' lang='lat' dir='ltr'>Ernestius</span> <span class='ocrx_word' id='word_1_259' title='bbox 1178 2917 1303 2988; x_wconf 84' lang='lat' dir='ltr'>viderat,</span> <span class='ocrx_word' id='word_1_260' title='bbox 1330 2935 1370 2974; x_wconf 87' lang='lat' dir='ltr'>ea</span> 
     </span>
     <span class='ocr_line' id='line_1_28' title="bbox 285 3002 1370 3081; baseline -0.001 -21"><span class='ocrx_word' id='word_1_261' title='bbox 285 3003 415 3072; x_wconf 89' lang='lat' dir='ltr'>ratione,</span> <span class='ocrx_word' id='word_1_262' title='bbox 449 3021 507 3078; x_wconf 86' lang='lat' dir='ltr'>qna</span> <span class='ocrx_word' id='word_1_263' title='bbox 539 3013 607 3080; x_wconf 90' lang='lat' dir='ltr'>post</span> <span class='ocrx_word' id='word_1_264' title='bbox 633 3003 707 3062; x_wconf 88' lang='lat' dir='ltr'>alios</span> <span class='ocrx_word' id='word_1_265' title='bbox 729 3023 823 3081; x_wconf 88' lang='lat' dir='ltr'>nuper</span> <span class='ocrx_word' id='word_1_266' title='bbox 846 3005 1013 3062; x_wconf 89' lang='lat' dir='ltr'>Wunderus</span> <span class='ocrx_word' id='word_1_267' title='bbox 1041 3015 1071 3062; x_wconf 90' lang='lat' dir='ltr'>et</span> <span class='ocrx_word' id='word_1_268' title='bbox 1093 3002 1223 3063; x_wconf 88' lang='lat' dir='ltr'>Orellius</span> <span class='ocrx_word' id='word_1_269' title='bbox 1245 3003 1275 3059; x_wconf 92' lang='lat' dir='ltr'>in</span> <span class='ocrx_word' id='word_1_270' title='bbox 1299 3003 1370 3079; x_wconf 89' lang='lat' dir='ltr'>epi·</span> 
     </span>
     <span class='ocr_line' id='line_1_29' title="bbox 285 3088 1369 3159; baseline -0.002 -12"><span class='ocrx_word' id='word_1_271' title='bbox 285 3089 428 3147; x_wconf 84' lang='lat' dir='ltr'>stularum</span> <span class='ocrx_word' id='word_1_272' title='bbox 451 3088 603 3148; x_wconf 86' lang='lat' dir='ltr'>Ciceronis</span> <span class='ocrx_word' id='word_1_273' title='bbox 624 3089 708 3148; x_wconf 85' lang='lat' dir='ltr'>libris</span> <span class='ocrx_word' id='word_1_274' title='bbox 730 3090 777 3148; x_wconf 89' lang='lat' dir='ltr'>usi</span> <span class='ocrx_word' id='word_1_275' title='bbox 798 3101 880 3159; x_wconf 84' lang='lat' dir='ltr'>sunt;</span> <span class='ocrx_word' id='word_1_276' title='bbox 903 3091 1033 3148; x_wconf 78' lang='lat' dir='ltr'>correxit</span> <span class='ocrx_word' id='word_1_277' title='bbox 1055 3089 1144 3147; x_wconf 89' lang='lat' dir='ltr'>etiam</span> <span class='ocrx_word' id='word_1_278' title='bbox 1167 3088 1248 3148; x_wconf 87' lang='lat' dir='ltr'>Otto.</span> <span class='ocrx_word' id='word_1_279' title='bbox 1289 3089 1369 3145; x_wconf 86' lang='lat' dir='ltr'>Bre-</span> 
     </span>
     <span class='ocr_line' id='line_1_30' title="bbox 286 3173 1366 3250; baseline 0.001 -19"><span class='ocrx_word' id='word_1_280' title='bbox 286 3175 361 3232; x_wconf 90' lang='lat' dir='ltr'>mius</span> <span class='ocrx_word' id='word_1_281' title='bbox 394 3173 585 3232; x_wconf 86' lang='lat' dir='ltr'>indicativum</span> <span class='ocrx_word' id='word_1_282' title='bbox 617 3186 686 3250; x_wconf 86' lang='lat' dir='ltr'>post</span> <span class='ocrx_word' id='word_1_283' title='bbox 712 3192 771 3232; x_wconf 83' lang='lat' dir='ltr'>oum</span> <span class='ocrx_word' id='word_1_284' title='bbox 799 3195 834 3232; x_wconf 87' lang='lat' dir='ltr'>eo</span> <span class='ocrx_word' id='word_1_285' title='bbox 863 3174 1036 3244; x_wconf 83' lang='lat' dir='ltr'>defendens,</span> <span class='ocrx_word' id='word_1_286' title='bbox 1071 3173 1150 3250; x_wconf 90' lang='lat' dir='ltr'>quod</span> <span class='ocrx_word' id='word_1_287' title='bbox 1183 3173 1291 3233; x_wconf 87' lang='lat' dir='ltr'>Cicero</span> <span class='ocrx_word' id='word_1_288' title='bbox 1326 3174 1366 3232; x_wconf 87' lang='lat' dir='ltr'>de</span> 
     </span>
    </p>
   </div>
   <div class='ocr_carea' id='block_1_5' title="bbox 284 3257 1455 3335">
    <p class='ocr_par' dir='ltr' id='par_1_7' title="bbox 284 3257 1455 3335">
     <span class='ocr_line' id='line_1_31' title="bbox 284 3257 1455 3335; baseline 0.001 -19"><span class='ocrx_word' id='word_1_289' title='bbox 284 3260 341 3316; x_wconf 86' lang='lat' dir='ltr'>hac</span> <span class='ocrx_word' id='word_1_290' title='bbox 361 3277 393 3316; x_wconf 88' lang='lat' dir='ltr'>re</span> <span class='ocrx_word' id='word_1_291' title='bbox 416 3269 564 3334; x_wconf 82' lang='lat' dir='ltr'>tamquam</span> <span class='ocrx_word' id='word_1_292' title='bbox 587 3268 667 3318; x_wconf 87' lang='lat' dir='ltr'>certa</span> <span class='ocrx_word' id='word_1_293' title='bbox 689 3271 719 3318; x_wconf 90' lang='lat' dir='ltr'>et</span> <span class='ocrx_word' id='word_1_294' title='bbox 740 3279 799 3318; x_wconf 89' lang='lat' dir='ltr'>uon</span> <span class='ocrx_word' id='word_1_295' title='bbox 822 3261 910 3318; x_wconf 84' lang='lat' dir='ltr'>dubia</span> <span class='ocrx_word' id='word_1_296' title='bbox 933 3262 1078 3335; x_wconf 88' lang='lat' dir='ltr'>loquatur,</span> <span class='ocrx_word' id='word_1_297' title='bbox 1102 3259 1205 3318; x_wconf 85' lang='lat' dir='ltr'>incidit</span> <span class='ocrx_word' id='word_1_298' title='bbox 1226 3257 1257 3316; x_wconf 90' lang='lat' dir='ltr'>in</span> <span class='ocrx_word' id='word_1_299' title='bbox 1281 3277 1369 3317; x_wconf 85' lang='lat' dir='ltr'>erro·</span> <span class='ocrx_word' id='word_1_300' title='bbox 1454 3285 1455 3288; x_wconf 40' lang='lat'>¹</span> 
     </span>
    </p>
   </div>
   <div class='ocr_carea' id='block_1_6' title="bbox 284 3343 1369 4530">
    <p class='ocr_par' dir='ltr' id='par_1_8' title="bbox 284 3343 1369 4530">
     <span class='ocr_line' id='line_1_32' title="bbox 284 3343 1367 3422; baseline 0 -21"><span class='ocrx_word' id='word_1_301' title='bbox 284 3363 347 3402; x_wconf 90' lang='lat' dir='ltr'>rem</span> <span class='ocrx_word' id='word_1_302' title='bbox 369 3363 400 3402; x_wconf 88' lang='lat' dir='ltr'>se</span> <span class='ocrx_word' id='word_1_303' title='bbox 423 3345 574 3422; x_wconf 88' lang='lat' dir='ltr'>indignum</span> <span class='ocrx_word' id='word_1_304' title='bbox 596 3365 711 3416; x_wconf 86' lang='lat' dir='ltr'>eorum,</span> <span class='ocrx_word' id='word_1_305' title='bbox 745 3345 796 3420; x_wconf 93' lang='lat' dir='ltr'>qui</span> <span class='ocrx_word' id='word_1_306' title='bbox 824 3347 853 3404; x_wconf 92' lang='lat' dir='ltr'>in</span> <span class='ocrx_word' id='word_1_307' title='bbox 884 3346 995 3404; x_wconf 87' lang='lat' dir='ltr'>causali</span> <span class='ocrx_word' id='word_1_308' title='bbox 1017 3346 1163 3404; x_wconf 86' lang='lat' dir='ltr'>sententia</span> <span class='ocrx_word' id='word_1_309' title='bbox 1184 3343 1367 3419; x_wconf 84' lang='lat' dir='ltr'>caterisque,</span> 
     </span>
     <span class='ocr_line' id='line_1_33' title="bbox 284 3429 1369 3503; baseline 0.002 -17"><span class='ocrx_word' id='word_1_310' title='bbox 284 3429 314 3486; x_wconf 93' lang='lat' dir='ltr'>in</span> <span class='ocrx_word' id='word_1_311' title='bbox 337 3429 444 3503; x_wconf 87' lang='lat' dir='ltr'>quibus</span> <span class='ocrx_word' id='word_1_312' title='bbox 466 3431 703 3488; x_wconf 86' lang='lat' dir='ltr'>coniunctivuse</span> <span class='ocrx_word' id='word_1_313' title='bbox 725 3450 805 3488; x_wconf 86' lang='lat' dir='ltr'>nexu</span> <span class='ocrx_word' id='word_1_314' title='bbox 827 3432 1038 3488; x_wconf 84' lang='lat' dir='ltr'>sententiarum</span> <span class='ocrx_word' id='word_1_315' title='bbox 1060 3431 1154 3488; x_wconf 88' lang='lat' dir='ltr'>oritur</span> <span class='ocrx_word' id='word_1_316' title='bbox 1171 3431 1295 3503; x_wconf 85' lang='lat' dir='ltr'>eiusque</span> <span class='ocrx_word' id='word_1_317' title='bbox 1318 3430 1369 3488; x_wconf 92' lang='lat' dir='ltr'>in·</span> 
     </span>
     <span class='ocr_line' id='line_1_34' title="bbox 285 3515 1368 3592; baseline 0 -20"><span class='ocrx_word' id='word_1_318' title='bbox 285 3515 344 3572; x_wconf 88' lang='lat' dir='ltr'>dex</span> <span class='ocrx_word' id='word_1_319' title='bbox 360 3524 414 3586; x_wconf 83' lang='lat' dir='ltr'>cst,</span> <span class='ocrx_word' id='word_1_320' title='bbox 432 3515 560 3572; x_wconf 85' lang='lat' dir='ltr'>incertae</span> <span class='ocrx_word' id='word_1_321' title='bbox 572 3525 601 3573; x_wconf 90' lang='lat' dir='ltr'>et</span> <span class='ocrx_word' id='word_1_322' title='bbox 618 3515 724 3573; x_wconf 89' lang='lat' dir='ltr'>dubiae</span> <span class='ocrx_word' id='word_1_323' title='bbox 735 3517 778 3574; x_wconf 89' lang='lat' dir='ltr'>rei</span> <span class='ocrx_word' id='word_1_324' title='bbox 791 3535 856 3574; x_wconf 84' lang='lat' dir='ltr'>snm</span> <span class='ocrx_word' id='word_1_325' title='bbox 869 3517 1112 3592; x_wconf 85' lang='lat' dir='ltr'>significationem</span> <span class='ocrx_word' id='word_1_326' title='bbox 1123 3516 1233 3573; x_wconf 84' lang='lat' dir='ltr'>habere</span> <span class='ocrx_word' id='word_1_327' title='bbox 1245 3525 1368 3590; x_wconf 87' lang='lat' dir='ltr'>putant,</span> 
     </span>
     <span class='ocr_line' id='line_1_35' title="bbox 286 3599 1367 3676; baseline 0 -18"><span class='ocrx_word' id='word_1_328' title='bbox 286 3599 385 3674; x_wconf 75' lang='lat' dir='ltr'>qussi,</span> <span class='ocrx_word' id='word_1_329' title='bbox 415 3617 480 3657; x_wconf 90' lang='lat' dir='ltr'>cum</span> <span class='ocrx_word' id='word_1_330' title='bbox 503 3601 544 3658; x_wconf 85' lang='lat' dir='ltr'>ite</span> <span class='ocrx_word' id='word_1_331' title='bbox 566 3601 678 3658; x_wconf 88' lang='lat' dir='ltr'>dicam:</span> <span class='ocrx_word' id='word_1_332' title='bbox 710 3620 770 3658; x_wconf 82' lang='lat' dir='ltr'>curn</span> <span class='ocrx_word' id='word_1_333' title='bbox 802 3605 920 3665; x_wconf 77' lang='lat' dir='ltr'>videorn,</span> <span class='ocrx_word' id='word_1_334' title='bbox 951 3603 1015 3660; x_wconf 78' lang='lat' dir='ltr'>boec</span> <span class='ocrx_word' id='word_1_335' title='bbox 1030 3605 1115 3676; x_wconf 78' lang='lat' dir='ltr'>Jinpr&#39;,</span> <span class='ocrx_word' id='word_1_336' title='bbox 1148 3621 1200 3658; x_wconf 84' lang='lat' dir='ltr'>non</span> <span class='ocrx_word' id='word_1_337' title='bbox 1227 3602 1367 3675; x_wconf 64' lang='lat' dir='ltr'>retinebo,</span> 
     </span>
     <span class='ocr_line' id='line_1_36' title="bbox 285 3685 1368 3761; baseline 0.004 -19"><span class='ocrx_word' id='word_1_338' title='bbox 285 3685 430 3752; x_wconf 88' lang='lat' dir='ltr'>dubitem,</span> <span class='ocrx_word' id='word_1_339' title='bbox 458 3695 524 3754; x_wconf 85' lang='lat' dir='ltr'>aut,</span> <span class='ocrx_word' id='word_1_340' title='bbox 553 3704 618 3744; x_wconf 85' lang='lat' dir='ltr'>cum</span> <span class='ocrx_word' id='word_1_341' title='bbox 641 3685 698 3744; x_wconf 86' lang='lat' dir='ltr'>ita:</span> <span class='ocrx_word' id='word_1_342' title='bbox 726 3706 842 3761; x_wconf 77' lang='lat' dir='ltr'>qrroero.</span> <span class='ocrx_word' id='word_1_343' title='bbox 870 3707 919 3744; x_wconf 83' lang='lat' dir='ltr'>cur</span> <span class='ocrx_word' id='word_1_344' title='bbox 941 3689 1030 3749; x_wconf 80' lang='lat' dir='ltr'>dicos.</span> <span class='ocrx_word' id='word_1_345' title='bbox 1059 3707 1118 3752; x_wconf 86' lang='lat' dir='ltr'>non</span> <span class='ocrx_word' id='word_1_346' title='bbox 1141 3697 1252 3744; x_wconf 89' lang='lat' dir='ltr'>certum</span> <span class='ocrx_word' id='word_1_347' title='bbox 1290 3686 1368 3746; x_wconf 83' lang='lat' dir='ltr'>mihi</span> 
     </span>
     <span class='ocr_line' id='line_1_37' title="bbox 285 3771 1369 3842; baseline 0.003 -15"><span class='ocrx_word' id='word_1_348' title='bbox 285 3771 333 3842; x_wconf 87' lang='lat' dir='ltr'>sit,</span> <span class='ocrx_word' id='word_1_349' title='bbox 356 3771 480 3828; x_wconf 88' lang='lat' dir='ltr'>alterum</span> <span class='ocrx_word' id='word_1_350' title='bbox 503 3771 608 3828; x_wconf 88' lang='lat' dir='ltr'>dicere.</span> <span class='ocrx_word' id='word_1_351' title='bbox 653 3771 691 3828; x_wconf 89' lang='lat' dir='ltr'>Et</span> <span class='ocrx_word' id='word_1_352' title='bbox 714 3781 810 3828; x_wconf 81' lang='lat' dir='ltr'>tannen</span> <span class='ocrx_word' id='word_1_353' title='bbox 832 3772 863 3828; x_wconf 90' lang='lat' dir='ltr'>in</span> <span class='ocrx_word' id='word_1_354' title='bbox 885 3773 940 3830; x_wconf 88' lang='lat' dir='ltr'>hac</span> <span class='ocrx_word' id='word_1_355' title='bbox 963 3773 1115 3830; x_wconf 84' lang='lat' dir='ltr'>notionum</span> <span class='ocrx_word' id='word_1_356' title='bbox 1134 3771 1309 3830; x_wconf 82' lang='lat' dir='ltr'>confusione</span> <span class='ocrx_word' id='word_1_357' title='bbox 1335 3785 1369 3830; x_wconf 87' lang='lat' dir='ltr'>et</span> 
     </span>
     <span class='ocr_line' id='line_1_38' title="bbox 284 3855 1367 3932; baseline 0.003 -20"><span class='ocrx_word' id='word_1_358' title='bbox 284 3855 494 3913; x_wconf 87' lang='lat' dir='ltr'>elementorum</span> <span class='ocrx_word' id='word_1_359' title='bbox 518 3855 701 3932; x_wconf 82' lang='lat' dir='ltr'>ignoratione</span> <span class='ocrx_word' id='word_1_360' title='bbox 724 3875 811 3930; x_wconf 81' lang='lat' dir='ltr'>quarn</span> <span class='ocrx_word' id='word_1_361' title='bbox 835 3876 865 3914; x_wconf 91' lang='lat' dir='ltr'>se</span> <span class='ocrx_word' id='word_1_362' title='bbox 893 3857 1017 3915; x_wconf 82' lang='lat' dir='ltr'>iactanti</span> <span class='ocrx_word' id='word_1_363' title='bbox 1051 3859 1110 3914; x_wconf 89' lang='lat' dir='ltr'>vid.</span> <span class='ocrx_word' id='word_1_364' title='bbox 1139 3858 1226 3915; x_wconf 89' lang='lat' dir='ltr'>modo</span> <span class='ocrx_word' id='word_1_365' title='bbox 1255 3857 1367 3915; x_wconf 83' lang='lat' dir='ltr'>Rams-</span> 
     </span>
     <span class='ocr_line' id='line_1_39' title="bbox 284 3941 1367 4020; baseline 0.004 -22"><span class='ocrx_word' id='word_1_366' title='bbox 284 3941 367 3998; x_wconf 91' lang='lat' dir='ltr'>horn.</span> <span class='ocrx_word' id='word_1_367' title='bbox 390 3960 418 4016; x_wconf 90' lang='lat' dir='ltr'>p.</span> <span class='ocrx_word' id='word_1_368' title='bbox 443 3942 503 3998; x_wconf 79' lang='lat'>712</span> <span class='ocrx_word' id='word_1_369' title='bbox 538 3951 567 3998; x_wconf 89' lang='lat' dir='ltr'>et</span> <span class='ocrx_word' id='word_1_370' title='bbox 600 3942 662 3998; x_wconf 86' lang='grc'>768</span> <span class='ocrx_word' id='word_1_371' title='bbox 696 3951 724 3998; x_wconf 86' lang='lat' dir='ltr'>et</span> <span class='ocrx_word' id='word_1_372' title='bbox 758 3941 850 3999; x_wconf 86' lang='lat' dir='ltr'>Kritz.</span> <span class='ocrx_word' id='word_1_373' title='bbox 873 3943 910 3999; x_wconf 88' lang='lat' dir='ltr'>ad</span> <span class='ocrx_word' id='word_1_374' title='bbox 933 3943 1004 4003; x_wconf 89' lang='lat' dir='ltr'>Sall.</span> <span class='ocrx_word' id='word_1_375' title='bbox 1026 3945 1091 4020; x_wconf 81' lang='lat' dir='ltr'>lug.</span> <span class='ocrx_word' id='word_1_376' title='bbox 1116 3947 1150 4013; x_wconf 80' lang='lat'>4,</span> <span class='ocrx_word' id='word_1_377' title='bbox 1180 3947 1208 4000; x_wconf 82' lang='grc'>4.</span> <span class='ocrx_word' id='word_1_378' title='bbox 1252 3942 1367 4017; x_wconf 87' lang='lat' dir='ltr'>Neque</span> 
     </span>
     <span class='ocr_line' id='line_1_40' title="bbox 284 4024 1368 4105; baseline 0.004 -23"><span class='ocrx_word' id='word_1_379' title='bbox 284 4033 381 4082; x_wconf 85' lang='lat' dir='ltr'>tamen</span> <span class='ocrx_word' id='word_1_380' title='bbox 404 4027 549 4093; x_wconf 82' lang='lat' dir='ltr'>Bromius,</span> <span class='ocrx_word' id='word_1_381' title='bbox 573 4027 652 4102; x_wconf 91' lang='lat' dir='ltr'>quod</span> <span class='ocrx_word' id='word_1_382' title='bbox 669 4024 762 4085; x_wconf 78' lang='lat' dir='ltr'>Gaius</span> <span class='ocrx_word' id='word_1_383' title='bbox 785 4027 811 4082; x_wconf 88' lang='lat' dir='ltr'>ei</span> <span class='ocrx_word' id='word_1_384' title='bbox 833 4026 948 4104; x_wconf 83' lang='lat' dir='ltr'>effingit</span> <span class='ocrx_word' id='word_1_385' title='bbox 970 4039 1000 4086; x_wconf 91' lang='lat' dir='ltr'>et</span> <span class='ocrx_word' id='word_1_386' title='bbox 1021 4030 1137 4105; x_wconf 87' lang='lat' dir='ltr'>probat,</span> <span class='ocrx_word' id='word_1_387' title='bbox 1161 4029 1204 4087; x_wconf 89' lang='lat' dir='ltr'>sic</span> <span class='ocrx_word' id='word_1_388' title='bbox 1220 4028 1295 4085; x_wconf 90' lang='lat' dir='ltr'>haec</span> <span class='ocrx_word' id='word_1_389' title='bbox 1312 4047 1368 4086; x_wconf 82' lang='lat' dir='ltr'>ac·</span> 
     </span>
     <span class='ocr_line' id='line_1_41' title="bbox 284 4111 1367 4188; baseline 0.004 -20"><span class='ocrx_word' id='word_1_390' title='bbox 284 4111 343 4186; x_wconf 89' lang='lat' dir='ltr'>cipi</span> <span class='ocrx_word' id='word_1_391' title='bbox 365 4111 443 4180; x_wconf 84' lang='lat' dir='ltr'>vult,</span> <span class='ocrx_word' id='word_1_392' title='bbox 467 4123 499 4169; x_wconf 90' lang='lat' dir='ltr'>nt</span> <span class='ocrx_word' id='word_1_393' title='bbox 520 4123 587 4168; x_wconf 85' lang='lat' dir='ltr'>ante</span> <span class='ocrx_word' id='word_1_394' title='bbox 610 4111 968 4188; x_wconf 80' lang='lat' dir='ltr'>‹lcbeointellegaturtmn.</span> <span class='ocrx_word' id='word_1_395' title='bbox 987 4115 1038 4172; x_wconf 90' lang='lat' dir='ltr'>sed</span> <span class='ocrx_word' id='word_1_396' title='bbox 1050 4133 1115 4172; x_wconf 87' lang='lat' dir='ltr'>curn</span> <span class='ocrx_word' id='word_1_397' title='bbox 1136 4115 1177 4171; x_wconf 93' lang='lat' dir='ltr'>ibi</span> <span class='ocrx_word' id='word_1_398' title='bbox 1195 4114 1367 4172; x_wconf 80' lang='lat' dir='ltr'>Lambinus</span> 
     </span>
     <span class='ocr_line' id='line_1_42' title="bbox 284 4196 1367 4276; baseline 0.004 -24"><span class='ocrx_word' id='word_1_399' title='bbox 284 4206 339 4252; x_wconf 82' lang='lat' dir='ltr'>lom</span> <span class='ocrx_word' id='word_1_400' title='bbox 371 4196 532 4254; x_wconf 85' lang='lat' dir='ltr'>addidisset</span> <span class='ocrx_word' id='word_1_401' title='bbox 566 4196 677 4276; x_wconf 90' lang='lat' dir='ltr'>(audiri</span> <span class='ocrx_word' id='word_1_402' title='bbox 700 4197 778 4253; x_wconf 89' lang='lat' dir='ltr'>enim</span> <span class='ocrx_word' id='word_1_403' title='bbox 801 4216 901 4272; x_wconf 89' lang='lat' dir='ltr'>posse,</span> <span class='ocrx_word' id='word_1_404' title='bbox 935 4201 1030 4257; x_wconf 88' lang='lat' dir='ltr'>neutri</span> <span class='ocrx_word' id='word_1_405' title='bbox 1058 4200 1087 4256; x_wconf 91' lang='lat' dir='ltr'>in</span> <span class='ocrx_word' id='word_1_406' title='bbox 1117 4211 1244 4257; x_wconf 88' lang='lat' dir='ltr'>mentem</span> <span class='ocrx_word' id='word_1_407' title='bbox 1267 4201 1367 4265; x_wconf 76' lang='lat' dir='ltr'>venit,</span> 
     </span>
     <span class='ocr_line' id='line_1_43' title="bbox 284 4279 1366 4362; baseline 0.006 -26"><span class='ocrx_word' id='word_1_408' title='bbox 284 4298 338 4336; x_wconf 88' lang='lat' dir='ltr'>nec</span> <span class='ocrx_word' id='word_1_409' title='bbox 360 4282 457 4356; x_wconf 91' lang='lat' dir='ltr'>potuit</span> <span class='ocrx_word' id='word_1_410' title='bbox 472 4282 528 4338; x_wconf 88' lang='lat' dir='ltr'>nisi</span> <span class='ocrx_word' id='word_1_411' title='bbox 541 4279 640 4362; x_wconf 76' lang='lat' dir='ltr'>Gaio).</span> <span class='ocrx_word' id='word_1_412' title='bbox 664 4281 801 4350; x_wconf 86' lang='lat' dir='ltr'>ostendit,</span> <span class='ocrx_word' id='word_1_413' title='bbox 824 4281 866 4338; x_wconf 89' lang='lat' dir='ltr'>sic</span> <span class='ocrx_word' id='word_1_414' title='bbox 888 4283 952 4340; x_wconf 93' lang='lat' dir='ltr'>tolli</span> <span class='ocrx_word' id='word_1_415' title='bbox 974 4293 1107 4360; x_wconf 85' lang='lat' dir='ltr'>apertam</span> <span class='ocrx_word' id='word_1_416' title='bbox 1131 4284 1366 4343; x_wconf 88' lang='lat' dir='ltr'>conclusionem.</span> 
     </span>
     <span class='ocr_line' id='line_1_44' title="bbox 284 4366 1366 4446; baseline 0.006 -24"><span class='ocrx_word' id='word_1_417' title='bbox 284 4367 426 4442; x_wconf 79' lang='lat' dir='ltr'>Magnum</span> <span class='ocrx_word' id='word_1_418' title='bbox 449 4385 599 4424; x_wconf 87' lang='lat' dir='ltr'>numerum</span> <span class='ocrx_word' id='word_1_419' title='bbox 623 4367 768 4436; x_wconf 87' lang='lat' dir='ltr'>locorum,</span> <span class='ocrx_word' id='word_1_420' title='bbox 801 4366 830 4423; x_wconf 91' lang='lat' dir='ltr'>in</span> <span class='ocrx_word' id='word_1_421' title='bbox 855 4367 960 4440; x_wconf 89' lang='lat' dir='ltr'>quibus</span> <span class='ocrx_word' id='word_1_422' title='bbox 983 4371 1118 4446; x_wconf 86' lang='lat' dir='ltr'>imperite</span> <span class='ocrx_word' id='word_1_423' title='bbox 1150 4391 1211 4428; x_wconf 76' lang='lat' dir='ltr'>mun</span> <span class='ocrx_word' id='word_1_424' title='bbox 1240 4371 1366 4428; x_wconf 77' lang='lat' dir='ltr'>caustde</span> 
     </span>
     <span class='ocr_line' id='line_1_45' title="bbox 284 4443 1368 4530; baseline 0.004 -22"><span class='ocrx_word' id='word_1_425' title='bbox 284 4443 460 4508; x_wconf 70' lang='lat' dir='ltr'>indicafivus</span> <span class='ocrx_word' id='word_1_426' title='bbox 483 4453 565 4526; x_wconf 89' lang='lat' dir='ltr'>sequi</span> <span class='ocrx_word' id='word_1_427' title='bbox 588 4465 721 4528; x_wconf 85' lang='lat' dir='ltr'>putatur,</span> <span class='ocrx_word' id='word_1_428' title='bbox 744 4452 852 4509; x_wconf 85' lang='lat' dir='ltr'>rectius</span> <span class='ocrx_word' id='word_1_429' title='bbox 874 4453 1094 4530; x_wconf 83' lang='lat' dir='ltr'>interpretando</span> <span class='ocrx_word' id='word_1_430' title='bbox 1117 4455 1243 4514; x_wconf 87' lang='lat' dir='ltr'>removit</span> <span class='ocrx_word' id='word_1_431' title='bbox 1265 4455 1368 4512; x_wconf 90' lang='lat' dir='ltr'>Wun-</span> 
     </span>
    </p>
   </div>
   <div class='ocr_carea' id='block_1_7' title="bbox 0 0 1464 5012">
    <p class='ocr_par' dir='ltr' id='par_1_9' title="bbox 0 0 1464 5012">
     <span class='ocr_line' id='line_1_46' title="bbox 0 0 1464 5012; baseline 0 1"><span class='ocrx_word' id='word_1_432' title='bbox 0 0 1464 5012; x_wconf 95' lang='lat' dir='ltr'> </span> 
     </span>
    </p>
   </div>
  </div>
 </body>
</html>
