3034 5030
377 439 420 484 nn
444 437 524 484 nni„
542 437 604 482 nm.
624 437 645 482 u
668 437 740 484 cna.
764 437 874 486 :ic-as.
1103 419 1166 484 333

97 617 265 671 nostrorum
288 605 452 682 hominum,
475 605 684 686 legecestrae
701 604 850 684 familiam
874 605 1026 670 neminem
1049 605 1166 670 videbis

96 709 135 772 ita
154 709 321 786 laudatum,
343 713 380 771 ut
400 705 511 772 artifex
534 707 663 772 callidus
680 709 960 788 comparandarum
972 708 1166 790 voluptatum

98 810 251 875 diceretur.
296 811 366 874 Non
395 809 495 891 elogia
511 815 779 874 monumentorum
808 810 839 874 id
862 808 1049 890 significant,
1084 809 1167 874 velut

15 936 16 974 r
98 912 148 978 hoc
167 913 207 977 ad
227 919 365 993 portam:
400 931 492 977 nuuc
516 931 612 976 unum
634 930 806 977 Pnnnrnnn
829 929 1060 977 cousnnnrunr
1084 929 1166 976 oan-

158 1139 179 1182 2.
201 1131 327 1182 utilitatum
353 1131 445 1200 [Apin
498 1137 521 1181 3,
545 1130 637 1197 εαὶοφία
663 1130 809 1198 [A]F,LMC
865 1131 1064 1199 [monimentorum
1091 1133 1165 1198 AEh]

99 1207 119 1251 4.
139 1219 175 1251 ore
192 1209 249 1267 (pro
266 1201 320 1262 loc)
338 1201 366 1250 M
388 1217 433 1250 ara
452 1202 473 1249 u
489 1201 534 1251 loc
552 1219 591 1250 ore
612 1201 632 1251 C
667 1218 713 1250 ano
731 1218 781 1250 cnm
802 1201 922 1268 tempu
941 1219 987 1251 uno
1005 1201 1046 1250 cui
1058 1201 1079 1250 L
1097 1219 1166 1252 unum

99 1287 142 1318 cue
158 1270 177 1320 O
195 1269 262 1318 immo
279 1287 330 1320 cum
351 1270 372 1319 R
422 1271 494 1320 Unum
512 1269 573 1318 loric
591 1269 634 1322 Or.

101 1492 183 1553 Gaius
209 1496 291 1553 addit
303 1495 367 1552 cod.
380 1495 509 1552 vindob.
544 1494 676 1572 Singulis
698 1493 900 1570 superioribus
917 1493 1001 1570 paria
1017 1495 1167 1554 hominum

15 1637 16 1642 ,
103 1580 314 1638 coniunctorum
338 1580 441 1638 Cicero
465 1579 554 1636 addit.

174 1667 416 1741 comparandarum
440 1663 617 1742 uoluptatum)
645 1665 796 1733 Utilitatum
809 1665 898 1720 etiam
910 1663 976 1742 [ss‚]
999 1664 1078 1740 apud
1090 1665 1166 1721 Dav.

15 1769 16 1774 ¹
101 1748 140 1804 El.
152 1751 177 1820 2,
200 1752 283 1808 Par-r.
303 1753 331 1822 2,
346 1751 375 1821 3,
399 1749 484 1820 CCC,
508 1751 615 1808 Mead..
639 1750 730 1819 Ball.;
754 1749 902 1807 Gruterus
913 1760 943 1806 et
955 1749 1048 1808 Gzius
1060 1745 1167 1806 tacent.

15 1863 16 1872 κ
102 1835 225 1893 Alterum
249 1837 320 1911 quin
344 1837 542 1893 necessarium
566 1836 604 1892 sit
626 1836 656 1892 in
679 1835 809 1893 notanda
831 1835 884 1892 vili
907 1836 1064 1892 etabiecta
1085 1853 1117 1891 re
1140 1849 1169 1892 et

103 1938 193 1992 pamm
214 1922 305 1998 digna
326 1921 443 1978 illorum
466 1921 616 1978 hominum
640 1921 787 1988 laudibus,
811 1940 869 1977 non
887 1920 1008 1977 dubium
1031 1929 1091 1990 est3
1114 1939 1168 1977 nec

103 2003 144 2060 hic
163 2006 196 2064 iis
217 2008 260 2065 uti
283 2009 361 2076 licet
386 2025 461 2081 qnae
483 2006 521 2062 ad
543 2008 567 2070 L
592 2007 632 2063 34
655 2006 733 2076 dixi3
767 2005 900 2080 seqnitur
927 2005 1017 2062 etiam
1038 2008 1066 2062 ia
1088 2007 1168 2079 cond-

15 2119 16 2136 :
102 2093 189 2148 ciendis
209 2095 404 2168 voluptatium
433 2092 484 2150 sed
507 2092 643 2148 mendum
667 2091 697 2148 in
720 2092 784 2149 cod.
807 2091 967 2168 archetypo
985 2090 1051 2148 fuir.
1095 2091 1168 2148 Mox

15 2201 16 2210 ¹
102 2178 192 2250 ortloffii
213 2179 301 2234 etiam
324 2197 376 2234 sex
394 2178 480 2248 Pali,
504 2175 570 2256 [Β,]
594 2177 673 2236 Oxx.
686 2173 786 2251 Εΰξχ.
814 2177 1038 2234 Emendatiores
1054 2176 1169 2252 antiqui

103 2261 175 2318 codd.
186 2263 420 2321 Tusculanarum
438 2272 468 2319 et
479 2272 566 2321 oratt.
578 2282 632 2338 pro
644 2262 782 2321 Cluentio
799 2272 829 2319 ct
846 2262 876 2319 in
888 2262 1027 2320 Pisonem
1050 2259 1168 2340 (saltem

103 2345 178 2424 Eri).
214 2350 289 2406 Post
315 2351 465 2422 apolicam
487 2367 577 2424 prave
599 2347 800 2424 interrogandi
827 2357 926 2404 notam
956 2347 1065 2405 multae
1093 2347 1168 2417 edd,

104 2431 180 2490 etiam
201 2433 294 2492 Gaius
316 2444 346 2491 et
369 2433 498 2492 Orellius
521 2435 639 2491 habent.

177 2522 345 2594 adportant:
357 2521 438 2576 Hunc
456 2518 551 2596 uncam)
574 2521 612 2576 A.
630 2519 719 2577 Atilii
736 2517 864 2576 Calatini
877 2516 950 2596 (cos.
962 2537 988 2574 a.
997 2519 1058 2574 258
1071 2518 1169 2574 etita

103 2619 126 2656 a.
137 2601 188 2680 u),
210 2605 337 2662 hominis
349 2605 466 2681 saepius
478 2624 496 2662 a
508 2605 650 2662 Cicerone
673 2605 750 2660 inter
773 2623 901 2661 summos
920 2603 1000 2660 viros
1016 2603 1169 2674 nominati,

104 2687 177 2745 cuius
197 2709 294 2747 rernm
318 2689 476 2747 memoriae
500 2700 615 2765 tempus
638 2690 749 2758 nocuit,
773 2689 901 2765 elogium
924 2699 1170 2746 commemoratur

103 2773 181 2831 etiam
203 2776 232 2832 in
255 2775 320 2834 Cat.
345 2778 394 2832 61.
439 2775 499 2835 Sed
533 2777 680 2851 scriptura
712 2775 824 2832 incerta
857 2783 910 2830 est.
960 2773 1085 2832 Codices
1113 2773 1169 2830 fide

103 2856 188 2933 dignit
214 2857 253 2918 aci
270 2871 380 2936 portam
403 2880 454 2916 uno
476 2881 535 2917 cum
558 2859 649 2938 (Pell.
665 2863 690 2932 1,
715 2863 744 2932 4,
770 2861 798 2931 5,
824 2861 858 2930 6,
881 2857 1037 2916 Davisiani
1059 2858 1168 2934 plures,

104 2941 173 3000 ΟΠ.
193 2957 247 3021 χψ,
273 2945 350 3021 Spir.
365 2942 434 3031 [B];
457 2944 569 3004 Gadi
593 2949 644 3002 imo
666 2965 735 3011 cum,
758 2944 824 3002 Pal.
844 2946 860 3000 2
885 2963 937 3001 reno
958 2943 1170 3020 complurirnac);

17 3069 18 3072 η
103 3031 258 3100 paucissimi
282 3051 334 3088 uno
356 3034 401 3088 cui
421 3030 499 3108 (Pal.
514 3031 547 3102 3,
571 3049 647 3088 unus
669 3029 795 3088 fortasse
819 3039 848 3086 et
870 3029 945 3086 alter
967 3030 1054 3101 Dan,
1077 3030 1115 3101 U,
1139 3039 1171 3086 ut

101 3112 228 3192 ridetur).
279 3116 366 3190 Quod
396 3117 485 3193 vulgo
512 3116 666 3192 legebatur
693 3125 761 3174 ante
790 3114 951 3173 Orellium:
984 3117 1023 3172 acl
1046 3125 1170 3190 portarii:

106 3197 159 3256 l'no
178 3221 221 3258 ore
241 3206 287 3258 cui
303 3205 440 3276 plurimae
461 3213 532 3273 cet,
566 3201 666 3258 nescio
694 3221 712 3258 a
742 3220 800 3275 quo
829 3201 942 3258 editore
963 3200 1111 3258 invectum
1133 3200 1171 3258 sit

102 3285 153 3358 (ore
172 3307 221 3343 carro
242 3291 289 3344 cui
309 3288 387 3344 lunt.
432 3285 464 3346 si
487 3297 566 3344 recte
589 3286 668 3346 Oxx.
691 3295 845 3357 notarunt,
879 3285 909 3342 in
939 3280 983 3354 Εξ
1004 3285 1170 3362 legebatur:

101 3371 136 3424 acl
151 3383 271 3446 portam:
299 3393 344 3430 ore
366 3375 411 3430 cui
426 3375 576 3448 plurimos,
600 3373 651 3430 sed
674 3372 761 3430 valde
784 3369 910 3450 dubito).
953 3371 1081 3429 Dativus
1109 3391 1171 3452 pm·

101 3454 163 3512 nino
183 3457 256 3514 nihil
280 3458 370 3515 habet
396 3457 463 3515 loci.
507 3459 543 3516 ln
567 3457 680 3518 Catone
709 3457 825 3516 codices
858 3457 959 3514 etiam.
975 3457 1172 3531 antiquissimi

101 3537 213 3600 habent:
247 3545 332 3600 Atilio
358 3543 496 3615 (alamno,
529 3547 557 3600 in
579 3561 657 3618 quem
684 3546 755 3600 illud
781 3545 892 3618 cuffiam
914 3546 1018 3598 ornicum
1036 3545 1172 3617 plum‘mae

100 3633 254 3686 coricentinnt
283 3638 338 3686 cet.
383 3629 595 3702 Ptaeterqnam
619 3629 698 3702 qnod
722 3629 781 3686 alio
805 3629 916 3685 ducunt
937 3627 1064 3704 vestigia
1092 3628 1171 3685 codi-

101 3727 158 3767 cum
189 3714 277 3770 hnius
305 3714 422 3790 operis,
463 3732 522 3771 non
555 3723 653 3789 potest
680 3715 782 3771 deesse
816 3714 845 3770 in
879 3713 976 3789 elogio
1009 3732 1171 3789 pronomen

100 3794 237 3856 hominem
249 3799 474 3858 demonstrans.
507 3799 647 3861 Accedit.
671 3819 758 3874 quam
781 3800 893 3875 primus
906 3799 1059 3856 Ernestius
1078 3800 1171 3860 aniru-

100 3881 231 3954 adrertit,
265 3903 380 3941 summa
413 3885 575 3943 similitudo
608 3885 697 3961 elogii
725 3885 754 3940 in
789 3893 977 3942 monumento
999 3885 1033 3942 L.
1057 3883 1171 3960 Scipio-

100 3966 139 4023 nis
161 3969 282 4026 Barbati
298 3971 332 4027 F.
355 3969 440 4028 incisi
464 3970 556 4048 (apud
579 3969 671 4028 Orell.
693 3969 787 4027 Inscr.
806 3970 872 4026 Lat.
894 3988 922 4025 n.
946 3970 1018 4037 552,
1047 3971 1172 4027 Momm·

100 4069 154 4108 sen.
175 4054 263 4130 Corp.
286 4057 379 4112 Inscr.
402 4056 496 4114 Latl
512 4075 541 4112 n.
565 4055 604 4112 32
629 4074 657 4130 p.
678 4050 747 4135 18):
776 4056 874 4112 Hunc
901 4058 975 4111 oino
997 4057 1173 4130 ploirumc

100 4145 282 4198 concoctioni
321 4142 407 4198 R...
436 4146 449 4214 tl
480 4143 644 4198 Dnonoro
671 4151 804 4216 optumo
830 4143 927 4214 fuine
960 4144 1041 4197 uiro.
1093 4141 1172 4196 Hinc

100 4221 220 4283 Orellius
248 4225 347 4284 effecit
374 4248 453 4284 rrnrrm
483 4229 567 4296 lirum
601 4227 638 4284 ad
672 4227 787 4283 codices
815 4224 1010 4304 (monstrante
1044 4226 1171 4282 maxime

100 4305 189 4368 littera
205 4309 234 4390 c)
257 4313 380 4388 propius
402 4312 517 4370 accedit
538 4312 568 4369 id
586 4313 692 4388 ipsum,
716 4311 794 4385 quod
806 4321 851 4367 est
867 4311 897 4367 in
910 4310 1056 4386 Scipionis
1069 4330 1171 4368 monu-

100 4405 188 4454 mento
223 4406 254 4454 et
280 4397 419 4455 Ernestio
452 4399 618 4474 placuerat:
652 4399 721 4454 lurco
749 4417 839 4454 unani.
883 4397 962 4454 Nam
985 4395 1064 4471 qnod
1086 4397 1171 4456 Orel-
