2928 5012
493 1537 746 1628 innuunt
782 1537 844 1625 ET
881 1531 1237 1626 conbiberint.

668 1889 688 1945 L
723 1889 755 1945 In
772 1887 907 1944 ciceronis
923 1886 1053 1944 emtione.

330 2013 413 2068 e436
432 2029 455 2063 r.
474 2011 491 2066 4
509 2017 645 2077 praecipue
665 2018 689 2062 et
707 2012 722 2060 i.
741 2015 886 2075 praecipue,
906 2016 931 2061 et

365 2098 415 2154 533
433 2113 455 2148 v.
476 2099 492 2150 b
510 2112 570 2162 crgo
588 2097 601 2147 i.
622 2101 698 2161 igitur
717 2107 753 2146 ree
770 2097 819 2146 Eri.
838 2103 860 2144 et
879 2097 916 2150 nt

309 2363 317 2376 ,
644 2298 676 2354 u.
712 2299 743 2354 ln
761 2295 899 2354 verietate
917 2296 1078 2366 sennium.

382 2421 455 2475 3ονΙ
475 2423 490 2475 1
509 2435 554 2486 pro
573 2421 623 2474 31.
642 2422 703 2473 4et
721 2435 742 2471 r.
762 2421 778 2472 2
796 2421 845 2470 dcl.
864 2419 888 2471 4.

365 2507 416 2560 310
433 2523 456 2557 rr.
476 2507 492 2559 2
509 2514 568 2571 post
587 2515 756 2570 „venerintque
774 2508 867 2556 ceteri“
888 2505 944 2554 edd.
964 2503 1073 2554 bonitate
1091 2511 1147 2568 ipro
1164 2502 1302 2567 probitili

366 2592 416 2646 319
435 2607 457 2642 r.
478 2593 494 2644 2
512 2592 528 2642 1.
548 2607 599 2642 non
618 2592 726 2648 deiectat.
744 2605 796 2642 non
814 2593 833 2641 L

366 2677 417 2731 360
435 2692 459 2727 r.
477 2677 494 2730 3
511 2691 558 2742 pro
576 2679 593 2730 b
610 2679 627 2728 i.
645 2676 669 2728 t.
707 2678 777 2732 tNurn
796 2681 905 2727 varietus
924 2677 955 2726 nd
974 2675 1070 2724 tollenti
1087 2679 1216 2738 pertinet.)

367 2763 415 2816 451
436 2779 457 2813 r.
477 2763 528 2816 21.
547 2763 647 2813 iusserit

367 2847 418 2901 470
436 2863 457 2898 r.
477 2848 493 2900 4
511 2848 527 2898 1.
548 2848 561 2899 7
581 2855 604 2898 et
622 2848 651 2897 dc
669 2847 739 2896 bonis
758 2853 780 2896 ct
798 2847 841 2897 MR

368 2933 418 2986 498
437 2935 453 2983 Ι.
475 2947 596 2983 comnes
615 2940 715 2997 praeter
733 2933 761 2990 L,
772 2933 812 2982 Or.

368 3017 418 3071 506
436 3033 461 3068 rr.
481 3019 493 3071 1
514 3020 529 3068 i.
549 3033 605 3067 eum
624 3032 675 3068 orn.
697 3017 818 3067 ubertus.

369 3103 419 3157 703
436 3119 460 3154 v.
478 3105 494 3156 4
512 3104 528 3153 i.
548 3103 564 3156 8
582 3104 627 3166 qni
645 3117 700 3166 ipre
718 3107 780 3166 que)
799 3103 818 3152 Ε

713 3287 758 3344 IIL
792 3287 824 3343 lu
841 3286 1025 3343 annotatione.

370 3411 400 3464 11
421 3414 447 3460 iu
467 3415 534 3470 note,
554 3413 597 3460 cui
614 3411 798 3474 praescribitur
816 3411 916 3468 curten,
936 3410 995 3459 eddi
1014 3409 1103 3459 debuit
1120 3409 1198 3458 buius
1217 3410 1301 3471 operis
1321 3406 1350 3462 ΙΙ,
1372 3405 1410 3459 28

370 3495 403 3548 13
422 3501 472 3546 not.
494 3495 505 3546 1
528 3495 622 3558 (pectre
639 3495 756 3556 nomini).
803 3495 837 3546 Dc
858 3509 939 3558 paene
962 3495 1079 3544 subiecto
1102 3494 1265 3543 substantivo
1284 3505 1333 3542 suc
1351 3493 1409 3541 edd.

404 3581 458 3631 Gai.
477 3579 518 3638 78,
537 3581 569 3630 ed
588 3581 654 3630 Furn.
676 3581 715 3638 iV,
734 3580 797 3640 6,1‚
818 3580 923 3644 Philipp,
944 3580 973 3636 ii.
986 3579 1016 3630 ri
1037 3581 1089 3632 ibic
1109 3579 1181 3628 loeus
1197 3577 1345 3640 abnienu);
1365 3579 1409 3626 ed·

404 3669 495 3716 iectiro
515 3666 642 3715 subicitur
660 3666 691 3716 de
710 3665 777 3716 Orat.
796 3666 815 3724 i,
834 3665 893 3718 214.

371 3749 404 3803 16
422 3757 473 3800 not.
492 3753 508 3802 2
527 3750 605 3812 (dicia
621 3749 682 3812 sint)
705 3751 763 3800 ndrli
783 3751 913 3806 debuerat.
933 3751 995 3814 quid
1012 3749 1034 3798 ei
1051 3752 1125 3799 initio
1144 3747 1183 3807 ab
1201 3760 1270 3797 nunc
1290 3749 1351 3796 exn
1371 3761 1410 3797 re·

404 3841 523 3886 stitutum
542 3849 605 3886 csse

370 3923 400 3974 ‘ci
422 3925 472 3972 not.
495 3924 505 3974 i
527 3925 597 3972 vocis
617 3919 681 3969 nlius
703 3935 780 3970 usunr
800 3924 877 3971 nimis
892 3923 969 3970 eretis
988 3921 1084 3971 linibus
1095 3923 1126 3970 ud
1136 3933 1219 3969 unum
1229 3918 1335 3981 aliquod
1345 3923 1411 3968 tem·

404 4021 453 4070 pus
472 4011 587 4064 astrinxi,
607 4009 728 4069 queniam
739 4005 920 4068 ettcepeelies
937 4013 962 4055 et
980 4020 1119 4068 utinquam
1137 4005 1203 4054 elias
1219 4005 1314 4054 dieitur
1332 4009 1357 4053 et
1377 4007 1412 4054 si·

405 4091 483 4141 milia.

371 4175 404 4227 22
422 4191 444 4226 r.
465 4175 481 4227 9
499 4177 515 4226 i.
536 4177 595 4226 berre
613 4183 637 4227 et
655 4177 725 4226 mele.

371 4262 405 4314 25
422 4275 444 4312 r.
465 4265 517 4312 inre
536 4270 560 4314 et
578 4262 612 4316 26
630 4277 652 4310 r.
673 4265 694 4314 1.
732 4263 832 4312 incuria
851 4264 893 4314 bie
912 4277 941 4313 ex
960 4263 998 4312 ed.
1016 4265 1100 4324 priore
1118 4263 1237 4312 relictum
1256 4263 1305 4312 boc
1325 4267 1365 4311 eet
1383 4262 1413 4310 de

406 4355 496 4412 cipro
515 4348 552 4396 cci
570 4353 595 4398 in
615 4349 665 4398 Eri.
686 4349 762 4397 scribi
782 4349 865 4402 solito,
884 4353 1006 4412 quoniam
1025 4353 1051 4397 in
1063 4361 1093 4397 eo
1103 4347 1141 4396 vei
1151 4351 1244 4398 ceteris
1255 4347 1318 4396 locis
1330 4350 1411 4410 scrip·

405 4439 461 4482 turn
481 4447 538 4484 esec
558 4432 672 4482 Huiurius
692 4438 811 4490 testetur,
832 4433 871 4488 ΙΙΙ,
890 4434 919 4486 21
942 4441 966 4482 et
985 4433 1012 4490 V,
1032 4432 1065 4484 55
1084 4440 1114 4489 et,
1136 4433 1331 4491 utenburron
1351 4439 1395 4480 uti
