3034 5030
412 365 454 410 er
479 365 559 411 mou.
577 365 639 411 um.
657 365 680 410 u
703 365 775 412 ose.
789 369 899 412 or-oo.
1118 349 1179 414 317

110 533 275 613 quisalius
299 541 399 598 artem
420 533 585 598 memoriae
612 533 825 615 polliceretur,
855 533 1040 613 ObliviouiS,
1073 534 1181 616 iuquit,

110 635 238 715 mallem;
272 653 344 699 nom
368 635 492 700 memini
515 635 617 714 etiam,
641 654 721 716 quoe
743 636 829 716 uolo,
863 635 1001 701 oblivisci
1023 654 1084 700 nou
1107 655 1181 717 pos-

111 756 186 812 sum,
206 755 286 818 quae
308 737 388 802 volo.
436 737 506 802 105.
530 737 645 818 Magno
666 736 717 802 hio
739 737 877 819 ingenim
901 739 957 802 sed
970 755 1020 802 res
1032 755 1066 802 so
1078 746 1182 802 tumen

110 839 155 902 sic
175 839 272 916 hebet,
296 849 331 902 ut
353 837 443 902 nimis
465 837 624 918 imperiosi
634 839 812 920 philosophi
827 840 870 904 sit
880 847 987 904 vetare
998 839 1181 903 meminisse.

110 939 200 1018 Vide,
226 959 265 1004 ue
287 940 350 1004 ista
372 939 435 1004 sint
461 939 620 1005 Manliana
647 949 752 1006 vestro
790 951 845 1006 aut
872 941 989 1006 maiora
1016 941 1122 1018 etium,
1157 941 1215 1005 si:

109 1042 245 1121 imperes
268 1043 353 1122 quod
375 1041 477 1106 faeere
499 1060 561 1106 nou
584 1043 711 1124 possim.
756 1042 851 1121 Quid,
886 1043 913 1106 si
935 1042 1027 1107 etiam
1050 1043 1183 1108 iucunda

110 1143 252 1208 memoria
274 1151 323 1208 est
344 1143 585 1224 praeteritorum
600 1144 774 1208 mulorum?
796 1151 832 1209 ut
848 1143 1013 1224 proverbia
1036 1145 1184 1210 nonnulle

111 1415 131 1463 E
179 1352 199 1396 5.
213 1347 281 1466 :ng
301 1345 375 1398 ullo
421 1352 470 1396 siut
488 1363 536 1396 om.
558 1347 577 1396 P
597 1347 654 1406 (aim
672 1346 720 1397 isto
738 1348 773 1411 L)
808 1357 892 1398 nostro
909 1348 1007 1398 LPMR
1048 1353 1072 1398 6.
1087 1363 1184 1414 possm

183 1433 212 1478 ⁹¹⁴

110 1589 157 1658 11,
181 1589 218 1646 28
245 1589 293 1664 (ou
316 1598 386 1646 uerte
408 1589 632 1664 Pyliuqmemu),
655 1590 719 1646 iure
742 1589 863 1647 dubium
877 1589 996 1648 Haudio
1013 1591 1109 1648 visum
1123 1599 1185 1660 est3

109 1693 176 1730 nam
203 1683 230 1729 et
256 1683 326 1730 certe
348 1675 386 1730 ab
408 1674 463 1730 heo
485 1673 581 1731 forma
603 1674 742 1732 abhorret
781 1683 810 1731 et
837 1675 1037 1732 induciturin
1061 1676 1185 1732 iuterro-

109 1758 204 1834 gando
224 1757 301 1818 falsa
322 1758 480 1828 diiuncti03
503 1777 557 1816 nec
579 1759 620 1815 ibi
642 1760 704 1816 ulla
726 1768 772 1816 est
782 1759 952 1831 declaratio,
976 1761 1022 1818 eui
1040 1760 1185 1818 dubitatio

109 1853 287 1901 annectatur.
339 1843 427 1917 Quod
449 1852 494 1900 est
516 1843 553 1900 de
575 1844 610 1901 R.
633 1844 668 1900 P.
692 1846 722 1915 1,
750 1846 803 1901 18:
837 1865 889 1902 uno
916 1866 951 1902 on
978 1849 1063 1903 altero
1090 1848 1186 1921 quatio,

108 1928 241 1986 Handius
262 1949 291 2005 p,
316 1929 377 1986 302
402 1929 532 1986 vindicat
554 1939 724 2004 comparato
747 1929 833 1988 Ovio.
857 1931 938 1987 Fest.
961 1931 1002 2002 Π,
1028 1931 1098 2002 392,
1121 1931 1186 1988 loeo

108 2014 316 2085 incertissimo;
334 2013 457 2084 aceedit,
475 2014 553 2088 quod
567 2022 596 2071 et
608 2032 696 2090 saepe
712 2035 782 2072 outo
797 2025 846 2072 out
861 2019 930 2073 ulter
952 2016 1057 2075 Cicero
1085 2025 1113 2072 et
1136 2015 1187 2072 olii

109 2099 244 2156 dixerunt
267 2100 392 2157 ethaeo
415 2099 568 2156 dubitandi
590 2097 686 2157 forma
708 2101 746 2157 ad
768 2099 849 2156 illam
871 2102 956 2176 parvi
968 2102 1082 2158 numeri
1097 2101 1187 2176 signi-

109 2184 272 2241 fioationem
295 2202 400 2260 perum
423 2193 493 2260 apta
515 2184 641 2242 videtur.
689 2186 781 2242 Recte
804 2186 940 2244 Handius
968 2206 997 2262 p.
1021 2187 1082 2243 308
1106 2186 1188 2243 addit

108 2269 193 2326 Brut.
214 2270 253 2326 89
277 2267 401 2350 (peuda,
423 2279 567 2344 antequam
578 2280 698 2328 mortuus
720 2281 768 2340 est,
790 2271 884 2328 diebus
905 2269 1112 2350 urzmeoaiboe);
1136 2271 1187 2328 sed

109 2354 215 2411 addere
237 2354 365 2412 debebat
388 2354 476 2411 etiam
499 2355 536 2412 ad
547 2355 641 2413 Attio.
653 2357 711 2426 XI,
725 2358 753 2426 6,
772 2357 805 2426 7;
825 2375 893 2413 nam
905 2357 984 2431 quod
1006 2357 1070 2432 ipse
1087 2355 1187 2415 defeu-

110 2440 152 2496 dit
175 2440 365 2514 sequiturque
388 2439 533 2499 Orellius=
560 2461 595 2498 ort
624 2449 745 2498 contero?
778 2461 813 2498 oo
835 2443 889 2499 iam
912 2445 938 2498 iu
961 2441 1050 2499 Asia?
1083 2441 1187 2500 Cicero

109 2524 236 2582 seribere
258 2543 318 2583 nou
341 2525 447 2600 potuit,
471 2525 522 2599 qui
544 2544 704 2600 numquam
728 2526 851 2584 dixerit:
874 2545 984 2601 quaero,
1007 2547 1053 2584 otu.
1075 2525 1188 2584 Etfru·

109 2620 171 2666 stra
192 2609 428 2686 interpungeudo
451 2611 626 2668 obscuratur
647 2620 750 2687 operta
772 2611 929 2683 diiunctio,
958 2612 984 2669 si
1005 2613 1132 2683 auditur,
1155 2619 1189 2668 ut

110 2695 152 2752 illi
176 2696 288 2766 volunt,
312 2714 412 2770 quaere
434 2695 537 2771 (ulmum
559 2706 675 2768 molon,
709 2717 745 2752 ou
772 2699 826 2753 iam
853 2701 880 2754 in
902 2695 998 2777 Asia).
1043 2699 1089 2755 De
1112 2697 1188 2766 loeo,

110 2799 197 2855 quem
219 2781 249 2836 in
272 2799 319 2856 ep.
331 2781 370 2838 ad
381 2781 446 2838 Au.
458 2781 499 2852 Π,
515 2783 572 2851 6,1
597 2781 666 2838 huie
688 2781 815 2839 similem
837 2782 974 2840 Handius
996 2791 1095 2859 putet,
1129 2801 1188 2840 non

110 2867 206 2922 miuus
227 2866 359 2942 graviter
381 2876 459 2923 errat
482 2885 570 2940 quem
583 2867 687 2937 ceteri3
710 2885 813 2924 verum
836 2868 980 2939 esteuim,
1004 2867 1189 2942 quodomni-

108 2953 164 3008 bus
188 2951 294 3008 litteris
316 2951 427 3008 hebent
450 2951 565 3008 codices
588 2948 659 3030 (nisi
672 2952 751 3026 quod
763 2955 828 3026 quin
840 2972 894 3028 pro
906 2951 983 3028 quo:
1006 2957 1055 3028 qui
1065 2950 1189 3032 (quippe

109 3035 176 3114 qui)
198 3041 276 3093 etiam
299 3037 432 3105 dubitem,
465 3057 501 3092 uo
531 3038 573 3094 lio
601 3037 679 3094 Antii
704 3039 849 3094 coruidum.
895 3038 1062 3114 Epistulam
1085 3037 1190 3097 Cicero

109 3121 227 3197 scripsit
255 3123 284 3178 in
308 3121 442 3190 Antiati3
474 3122 575 3196 itaque
603 3121 675 3179 dioit
702 3122 832 3179 animum
866 3141 951 3180 suum
978 3123 1126 3181 interdum
1154 3141 1189 3180 eo

109 3207 252 3264 inclinare
275 3204 391 3279 (dubito,
404 3205 463 3282 arr),
487 3214 521 3263 ut
538 3207 580 3264 lio
592 3207 670 3264 Antii
690 3207 834 3278 considat,
856 3209 887 3265 in
900 3208 1083 3283 quietissimo
1095 3209 1190 3266 muni-

108 3291 197 3368 cipio.
242 3292 283 3350 Ut
305 3291 427 3348 adrem
450 3292 619 3364 redeamus,
654 3293 742 3350 otiam
765 3295 798 3351 11
825 3293 862 3351 de
884 3293 968 3353 Orat.
991 3295 1052 3352 299
1076 3304 1106 3351 et
1128 3295 1187 3350 351

108 3379 150 3434 sio
168 3375 274 3436 Cicero
298 3376 438 3452 loquitur,
462 3387 495 3434 ut
506 3385 665 3452 appareat,
699 3379 729 3435 in
752 3378 808 3436 huo
831 3379 867 3436 de
889 3379 1089 3438 Themistocle
1111 3378 1191 3436 fama

108 3481 168 3520 oon
193 3471 303 3519 certam
326 3462 427 3520 sedem
449 3461 589 3520 habuisse
613 3462 783 3536 Simonidis,
806 3465 900 3540 ipsius
922 3465 995 3522 ortis
1017 3465 1189 3531 inventoris,

107 3565 226 3606 nomen.
270 3546 333 3606 cfr.
356 3546 452 3604 Aoad.
473 3547 516 3618 Π,
540 3548 568 3605 2.

199 3633 268 3690 105.
309 3651 342 3690 ne
369 3635 422 3689 ista
449 3635 502 3690 sint
530 3634 675 3690 llonliouo
704 3639 807 3711 vestra)
841 3633 916 3693 Cum
945 3643 975 3692 et
1001 3634 1191 3710 praecederet

107 3719 246 3794 imperiosi
266 3725 297 3774 et
319 3727 492 3792 sequeretur
514 3720 540 3774 si
559 3721 682 3793 imperes,
705 3729 822 3794 poteret
839 3719 943 3779 Cicero
966 3719 1039 3776 heeo
1061 3719 1104 3776 sio
1125 3719 1191 3777 uni-

14 3843 15 3890 i
108 3821 196 3860 verse
229 3801 346 3877 eloqui,
380 3802 462 3860 nullo
490 3802 591 3860 addito
619 3803 814 3863 substantivo.
863 3805 967 3862 Νοεινα
994 3805 1083 3861 etiam
1111 3804 1190 3863 Oxx.

14 3901 15 3956 ἒ
108 3897 259 3963 quattuor.
304 3889 352 3945 De
374 3887 535 3946 Manliouis
557 3887 705 3963 imperiis,
740 3908 816 3964 quae
848 3889 879 3947 iu
912 3891 1070 3966 proverbio
1098 3899 1191 3960 erant,

14 3985 15 3996 ¹
107 3975 167 4031 rid.
193 3973 259 4030 Liv.
281 3971 339 4044 IV,
364 3973 413 4045 29,
436 3973 525 4038 vm,
550 3974 584 4044 73
607 3971 669 4044 cfr,
692 3992 768 4048 quoe
791 3975 829 4032 ed
851 3979 865 4046 ξ
891 3976 930 4032 60
954 3975 1025 4033 dixi.
1054 3975 1192 4032 Provide

107 4059 201 4116 eoteri
234 4075 354 4133 quoque
384 4058 546 4116 deteriores
574 4058 658 4116 codd.
687 4055 781 4136 (Oxx.
809 4079 911 4118 omnes
939 4069 969 4118 et
998 4058 1081 4137 Bas.)
1109 4062 1191 4118 uides.

107 4143 205 4202 Paulo
227 4154 298 4202 ante
321 4141 401 4202 Gud.
425 4145 442 4201 2
466 4163 495 4200 oe
516 4164 560 4201 reo
583 4154 678 4216 touzeu,
702 4143 817 4204 Gud.1
843 4156 872 4203 et
894 4146 963 4204 Bas.
985 4165 1029 4203 rea
1051 4157 1136 4202 toouo
1154 4167 1190 4216 se,

108 4230 190 4290 Oxx.
217 4224 263 4298 Εξ
291 4247 349 4286 om.
371 4249 407 4286 se.
452 4229 548 4286 Paulo
575 4239 644 4306 post
674 4230 763 4288 etiam
789 4231 855 4288 Pal.
882 4233 895 4288 l
926 4240 956 4289 et
979 4240 1119 4306 quattuor
1141 4231 1192 4289 alii

15 4351 16 4372 r
107 4315 196 4386 Pau,
219 4315 297 4391 Πχψ
319 4316 441 4372 lucrando.
492 4383 496 4395 ι
