3034 5030
272 473 275 480 .
330 386 393 452 378
721 407 766 452 nn
788 407 918 456 snmus
940 407 1012 454 eos.

330 581 469 653 manea
490 591 547 640 nee
568 581 671 640 nmen
692 579 729 640 ut
749 573 807 642 hoc
829 575 871 642 sit
894 576 1045 642 bonorum
1063 577 1213 656 dunum,
1234 584 1407 660 propterea

330 676 414 756 quod
425 695 486 742 non
497 675 736 759 inestinprimis
748 683 878 742 natiuae
889 677 1153 744 conciliationibus
1164 679 1295 746 honesta
1306 679 1405 758 actio;

332 794 525 860 consequens
546 783 596 844 est
616 777 696 844 euim
717 785 843 860 etpost
863 779 971 858 oritur,
992 786 1029 845 ut
1043 781 1115 846 dixi
1159 781 1217 846 Est
1238 789 1340 848 tumen
1361 799 1407 848 ca

330 881 498 946 secundum
519 885 664 946 neutram
690 881 848 963 mumque
875 901 931 948 uos
957 882 999 946 ad
1021 899 1055 948 se
1077 884 1281 965 expetendam
1301 885 1406 966 magis

290 981 313 1050 5
331 981 475 1048 hortatu
497 1001 590 1064 quam
612 983 775 1065 superiora
797 981 907 1048 omnia
941 983 1002 1050 Sed
1024 1002 1062 1050 ex
1083 985 1141 1052 hoc
1161 985 1296 1067 primum
1312 1005 1407 1052 error

328 1084 482 1150 tollendus
504 1090 565 1164 est,
601 1103 641 1150 ne
668 1083 738 1166 quis
761 1085 848 1168 sequi
870 1084 1038 1166 existimet,
1070 1093 1106 1152 ut
1126 1088 1188 1152 duo
1211 1087 1273 1152 sint
1293 1088 1406 1153 dtima

328 1185 488 1252 bonorum.
521 1187 566 1252 Ut
586 1186 667 1252 enim
689 1186 716 1251 si
737 1187 787 1252 cui
808 1187 1004 1269 propositum
1024 1187 1067 1254 sit
1093 1188 1256 1254 coltineare
1278 1188 1406 1254 hastam

399 1394 419 1438 1.
437 1399 574 1440 nectamur
593 1417 624 1428 -
643 1398 745 1440 mucce
767 1405 816 1441 ona.
840 1391 869 1440 Μ
939 1397 963 1444 2.
986 1408 1032 1441 non
1055 1400 1090 1442 eat
1112 1392 1180 1443 ELC
1246 1397 1269 1444 8.
1288 1392 1347 1442 asin
1366 1403 1406 1443 est

330 1456 497 1526 [AJLPMOR
536 1464 559 1508 6.
577 1458 629 1523 quc
645 1458 677 1508 ιιι
694 1459 739 1524 qui
752 1458 865 1510 eadm
882 1459 980 1511 Lucu
997 1460 1093 1524 (minet
1110 1461 1141 1521 B)
1179 1464 1200 1513 7.
1218 1459 1355 1528 [cenidium
1365 1461 1403 1528 Α]

326 1525 407 1592 aliquio
424 1527 518 1578 Ῐιιιιαιιι
535 1529 557 1577 Ε
576 1525 693 1592 (aliqum
711 1527 796 1594 Mcss)

411 1720 485 1794 quod
505 1738 557 1776 non
578 1721 646 1776 inest
667 1751 708 1760 -
730 1720 839 1778 Ιιοιιιιιι
865 1719 948 1795 actio)
981 1727 1067 1778 extra
1093 1739 1182 1795 quam
1209 1721 1318 1778 bonum
1339 1739 1404 1778 non

326 1813 380 1862 est.
416 1805 615 1864 Concidetiooes
647 1804 756 1880 plurali
788 1823 909 1862 numero
937 1804 1014 1862 dixit
1039 1823 1088 1864 res
1115 1805 1196 1881 ipsas
1218 1805 1403 1878 conciliatas,

325 1889 421 1966 prima
443 1897 581 1960 naturae;
604 1890 662 1948 vid.
685 1907 748 1948 exc.
771 1889 809 1947 ad
830 1890 872 1962 11,
897 1889 946 1948 33.
990 1886 1064 1969 [Pro
1086 1891 1265 1949 incitatione
1288 1889 1403 1969 Best];

326 1975 385 2034 vid.
407 1976 445 2033 ad
466 1975 577 2046 11,34.
621 1976 699 2034 Tum
720 1985 759 2034 est
780 1978 848 2033 enim
870 1973 963 2036 Gaius
986 1975 1074 2034 etiam
1097 1974 1281 2054 eSpir.[B].
1303 1976 1403 2034 Paulo

326 2070 394 2136 post
414 2080 447 2118 na
468 2064 529 2136 quale
551 2064 628 2136 sequi
648 2063 724 2118 erist.
747 2059 816 2118 libri
837 2068 953 2119 veteres
975 2061 1127 2130 Lambini,
1151 2061 1227 2120 Pall.
1250 2071 1403 2137 quattuor,

326 2147 390 2204 cod.
401 2146 478 2204 Mor.
490 2143 544 2226 [B]
556 2157 587 2204 et
608 2147 667 2204 iam
689 2145 758 2204 edit
770 2148 846 2205 Ven.
861 2147 952 2218 1480,
975 2155 1038 2204 tum
1048 2147 1201 2204 Manutius
1216 2157 1306 2222 atque
1318 2145 1402 2206 Gru·

325 2241 420 2301 terua3
442 2235 478 2290 ait
499 2235 548 2307 qui
567 2231 655 2290 etiam
678 2231 758 2290 Oxx.
779 2232 890 2306 Εὓχψ.
934 2232 1010 2290 Dav.
1033 2240 1063 2288 et
1084 2231 1178 2292 Gaius
1199 2243 1306 2290 tacent.

417 2317 453 2376 Ut
473 2320 541 2376 edm
562 2320 587 2374 si
607 2320 651 2376 cui
671 2316 740 2392 ιιι)
774 2317 880 2376 Totius
901 2317 1129 2393 comparationis
1151 2319 1224 2376 haec
1246 2326 1291 2376 est
1311 2318 1403 2391 ratio,

325 2421 413 2476 quam
436 2403 563 2461 editores
584 2421 644 2460 non
660 2403 891 2478 explicaverunt.
925 2401 999 2462 Cum
1018 2402 1111 2462 Stoici
1129 2421 1274 2461 summum
1289 2403 1404 2462 bonum

325 2498 470 2563 ponerent
490 2489 520 2546 in
543 2489 667 2546 honesta
687 2488 812 2560 actione,
836 2506 921 2546 omne
944 2495 1043 2546 autem
1064 2489 1171 2565 agendi
1193 2487 1348 2546 consilium
1371 2498 1406 2546 ιι

324 2572 454 2631 officium
475 2573 580 2632 referri
601 2583 740 2650 putarent
760 2573 798 2631 ad
819 2573 915 2650 prima
937 2583 1073 2644 naturae,
1108 2592 1146 2630 ax
1168 2593 1227 2648 quo
1249 2573 1405 2632 oriebatur

323 2659 384 2727 illa,
413 2677 501 2733 quam
522 2660 623 2735 posui,
655 2659 809 2735 Antipatri
836 2658 966 2716 definitio
989 2658 1095 2716 summi
1116 2659 1201 2730 boni,
1235 2657 1403 2716 cavendum

325 2752 397 2816 arat,
421 2763 457 2801 ne
474 2745 568 2821 ipsam
589 2745 776 2821 adeptionem
798 2745 960 2822 primorum
971 2753 1094 2802 naturae
1105 2744 1201 2802 ultimi
1211 2744 1278 2803 loco
1288 2761 1403 2820 ponere

324 2829 502 2888 viderentur.
545 2831 651 2905 Itaque
673 2829 820 2888 hominem
842 2828 938 2906 prima
953 2839 1076 2888 naturae
1099 2829 1229 2888 consiliis
1246 2839 1276 2887 et
1292 2827 1403 2888 officiis

324 2925 472 2991 petentem
495 2923 525 2972 ιι
545 2915 610 2974 eius
631 2915 675 2974 rei
698 2933 787 2972 causa
808 2915 908 2974 omnia
928 2913 1086 2972 facientem
1105 2915 1316 2991 comparabant
1331 2931 1404 2972 curn

325 3019 370 3072 eo,
393 3000 440 3058 eui
463 3001 646 3078 propositum
669 3011 748 3058 esset
768 3001 858 3058 telum
881 3001 981 3074 aliquo
1004 3000 1172 3073 collineare,
1194 3001 1250 3060 hoc
1272 3009 1331 3070 est,
1354 3001 1403 3058 sic

325 3086 467 3158 emittere,
490 3095 524 3144 ut
544 3096 624 3144 recte
646 3105 681 3144 eo
704 3086 845 3144 tenderet.
888 3085 982 3144 Aliud
1009 3095 1055 3144 est
1083 3085 1162 3144 enim
1181 3089 1283 3160 forre,
1317 3085 1404 3144 aliud

324 3175 472 3243 collinam,
495 3172 526 3229 in
548 3190 607 3246 quo
629 3172 707 3230 actio
729 3179 844 3230 tantum
866 3171 939 3238 eius,
962 3171 1012 3245 qui
1035 3170 1126 3228 telum
1149 3171 1249 3242 mittit,
1283 3170 1405 3228 intolle-

324 3258 411 3333 gitur,
435 3275 493 3316 non
516 3257 605 3315 etiarn
627 3267 750 3314 eventus
772 3257 850 3332 ipse;
872 3265 970 3332 potest
991 3256 1069 3314 enirn
1091 3275 1139 3314 res
1161 3267 1293 3328 externa,
1316 3255 1405 3314 velut

324 3343 401 3400 aeris
424 3353 521 3400 motus
550 3351 602 3401 aut
628 3343 692 3400 eius
720 3342 778 3414 rei,
801 3361 877 3416 quse
899 3342 1023 3420 petitur,
1046 3342 1183 3420 migratio
1210 3341 1404 3402 intervenire.

324 3427 385 3508 (Ne
407 3428 440 3486 11
462 3428 498 3484 de
520 3429 620 3486 Divin.
643 3428 761 3503 quidam
787 3429 844 3485 121
875 3428 947 3486 haec
968 3427 1073 3486 verba:
1101 3431 1151 3503 qui
1170 3448 1222 3486 non
1249 3429 1405 3504 αἰίᾳιιωιάο

323 3515 440 3572 cothiseet
466 3515 585 3590 proprie
612 3523 642 3571 et
663 3514 759 3590 prima
780 3513 993 3590 significatione
1015 3512 1096 3572 aliud
1123 3513 1282 3588 quidquem
1304 3512 1404 3572 conti-

323 3607 394 3656 nent
415 3599 472 3656 nisi
494 3599 563 3658 hoc:
597 3601 646 3658 der
672 3600 928 3672 reicit-weniystens
955 3601 1053 3656 sumat
1079 3600 1122 3656 die
1148 3600 1241 3656 wadre
1261 3599 1404 3674 Recdtwaq

316 3687 412 3759 stridon
434 3683 531 3761 solita.)
575 3684 680 3759 Itaque
708 3684 760 3742 tali
789 3684 901 3742 homini
923 3683 1100 3742 collineandi
1122 3703 1212 3742 causa
1233 3685 1332 3742 omnia
1352 3683 1404 3742 fa-

323 3771 660 3840 ciendaessedicebant,
682 3789 741 3828 non
759 3779 891 3840 eventus,
914 3778 947 3827 ut
957 3789 1026 3827 vere
1048 3767 1165 3840 feriret3
1187 3770 1308 3828 sienem
1329 3788 1405 3846 par-

323 3863 382 3912 tam
404 3855 528 3914 actionis
555 3855 751 3932 implevisset,
784 3855 871 3912 finem
905 3875 972 3914 aum
999 3863 1187 3914 consecutum
1213 3855 1292 3927 fore3
1314 3855 1404 3927 illud,

323 3950 356 3998 ut
377 3941 466 3998 etiam
488 3940 600 4012 feriret,
623 3941 795 3999 sumendum
816 3940 881 4000 fore
893 3952 923 4000 et
934 3941 1125 4020 seligendum,
1148 3941 1244 4012 idest,
1261 3933 1403 4016 ληπτέον,

322 4037 356 4084 ut
378 4026 470 4086 Stoici
493 4027 529 4085 de
552 4027 712 4086 commodis
732 4037 764 4084 et
785 4027 889 4103 primis
911 4036 1033 4086 neutrae
1055 4027 1202 4098 dicebant,
1225 4045 1284 4084 non
1307 4045 1405 4102 expe-

322 4112 452 4184 tendum,
476 4103 626 4189 αἱρετέον,
660 4122 694 4172 ιιι
715 4113 834 4170 bonum.
878 4113 938 4173 Sed
960 4121 1005 4170 est
1025 4112 1126 4187 aliqua
1147 4113 1178 4172 in
1201 4113 1256 4171 hac
1279 4131 1404 4188 compa·

321 4197 436 4254 ratione
458 4198 644 4274 ambiguitas,
668 4197 777 4258 Stoicis
799 4199 973 4260 necessaria.
1022 4199 1155 4256 Primum
1184 4199 1261 4257 enim
1289 4217 1404 4274 propo-

322 4283 411 4340 situm
423 4301 487 4342 esse
499 4284 651 4360 sagittario
663 4283 822 4342 collineare
834 4276 996 4363 (εὐστοχεῖν
1013 4303 1051 4342 an
1064 4272 1269 4358 στοχάζεσθαι
1281 4283 1403 4342 Graece

322 4368 461 4440 dixerint,
484 4369 612 4442 dubito),
636 4370 678 4427 sic
699 4379 823 4446 ponunt,
846 4381 878 4428 ut
900 4379 1019 4445 putetur
1040 4369 1071 4426 in
1093 4369 1146 4425 iila
1168 4369 1288 4428 notione
1308 4369 1404 4427 simul
