3018 5052
335 395 400 462 484
724 413 769 459 nn
792 413 921 460 nmmos
944 413 1014 460 sen.

336 583 469 648 virtutes
491 581 557 664 apti
580 559 732 660 essemus,
761 581 841 664 q'uae
863 588 955 647 notas
976 581 1175 664 illustresque
1197 589 1283 658 sunt,
1313 581 1393 646 insti·

335 685 410 752 tiam
443 684 525 762 dieo,
558 683 807 764 temperantiam,
840 689 959 748 ceteras
991 684 1115 765 generis
1147 683 1283 748 eiusdem
1309 685 1394 764 (quac

336 805 442 852 omnes
464 785 578 850 similes
601 785 714 850 artium
735 784 923 867 reliquarum
945 786 1074 850 materia
1095 791 1215 850 tantum
1236 786 1278 851 ad
1298 784 1394 849 melio

405 979 429 1027 ἱ.
447 981 582 1037 campas
601 972 687 1025 tPcss

336 1129 448 1206 aliquid
479 1130 535 1188 hoc
567 1130 633 1186 loco
666 1129 852 1187 obversatum
886 1129 984 1186 animo
1017 1128 1167 1188 Ciceronis
1205 1148 1279 1188 esse.
1326 1129 1395 1186 Nam

335 1215 475 1276 scientiae
498 1215 701 1292 cupiditatem,
736 1231 810 1289 qnae
837 1213 1032 1290 aprudentia
1054 1232 1112 1270 101
1133 1213 1221 1272 facile
1243 1225 1395 1290 separatur,

337 1309 440 1379 postea
466 1309 675 1359 commemorat
707 1309 737 1356 ct
763 1300 800 1357 ab
827 1299 873 1356 his
901 1299 1058 1357 virtutibus
1091 1299 1252 1358 seiunctam
1280 1299 1396 1374 quodam

338 1387 425 1446 modo
446 1387 477 1444 in
499 1387 594 1444 altera
615 1395 698 1462 parte
708 1385 807 1461 ponit;
828 1384 963 1459 idemque
975 1383 1047 1442 feeit
1069 1385 1147 1456 518,
1170 1397 1211 1456 ut,
1234 1385 1396 1443 fortitudine

337 1481 425 1530 antee
447 1469 517 1550 (17)
539 1471 715 1548 significata,
743 1479 891 1544 tamquam
914 1481 999 1526 extra
1021 1479 1150 1541 coetum,
1179 1489 1295 1530 omnem
1316 1471 1397 1528 hone·

339 1565 454 1630 statem,
477 1575 552 1632 quaa
574 1575 590 1613 0
611 1555 763 1632 principiis
774 1564 896 1612 naturae
907 1555 1040 1627 ducatur,
1063 1556 1198 1612 absolvat
1213 1556 1320 1632 partim
1336 1573 1396 1612 con·

338 1643 529 1719 templatione
551 1660 648 1698 rerum
671 1641 850 1699 occultarum
873 1647 903 1697 et
923 1641 1086 1698 disserendi
1097 1641 1267 1717 cupiditate,
1290 1641 1396 1717 partim.

338 1737 372 1786 nt
382 1727 439 1798 hic,
451 1727 564 1786 iustitia
576 1735 606 1783 et
616 1726 818 1802 temperantia
846 1725 1038 1801 Perspicuum
1051 1727 1123 1784 mihi
1135 1727 1259 1798 videtur,
1283 1736 1397 1799 utroque

337 1815 404 1872 loco
426 1813 598 1872 Aristotelis
621 1821 651 1869 et
671 1811 936 1888 Peripateticorum
959 1811 1132 1869 divisionem
1154 1809 1206 1885 τῆς
1224 1805 1398 1886 anaemaris

337 1887 387 1955 καὶ
408 1895 463 1974 τῆς
480 1889 584 1973 ἠθικῆς
606 1887 712 1974 ἀρετῆς
734 1896 907 1973 significari,
935 1896 972 1953 de
994 1915 1052 1971 qua
1079 1897 1126 1954 hic
1148 1897 1220 1954 satis
1242 1897 1297 1952 erit
1319 1913 1398 1971 agen·

339 1993 398 2040 tem
420 1983 636 2040 demonstrasse
659 1982 805 2040 Ritterum
827 1982 857 2038 in
880 1981 958 2038 Hiet.
981 1982 1093 2041 Philos.
1115 1982 1164 2039 III
1185 2001 1214 2057 p.
1228 1982 1288 2038 302
1311 1999 1353 2055 sq.
1373 1988 1398 2034 et

338 2069 375 2126 da
397 2067 602 2144 Peripateticis
624 2075 692 2142 post
713 2067 904 2125 Aristotelem
928 2065 1086 2126 Stobaeum
1113 2067 1176 2124 Ecl.
1198 2067 1266 2124 Eth.
1293 2087 1322 2142 p.
1345 2065 1397 2122 246

338 2163 369 2212 et
391 2153 461 2210 292.
506 2151 592 2226 Quod
613 2161 712 2210 autem
734 2152 851 2210 virtutis
872 2152 985 2208 ethicae
1007 2152 1080 2210 duas
1099 2153 1274 2229 praecipuas
1295 2150 1399 2226 species

339 2239 432 2315 ponit,
456 2257 520 2294 eam
543 2237 606 2294 eius
628 2237 811 2310 divisionem,
835 2254 1026 2312 quamquam,
1060 2239 1111 2312 qui
1133 2237 1248 2297 Graece
1270 2256 1333 2294 earn
1355 2253 1399 2292 ex·

340 2323 480 2400 posuerit,
503 2341 561 2380 non
583 2323 677 2381 habeo
699 2325 864 2392 nominare,
892 2323 1030 2380 usitatam
1058 2333 1155 2380 tannen
1177 2322 1282 2394 fuisse,
1316 2319 1399 2378 mani-

339 2407 447 2467 festum
469 2417 514 2466 ast
536 2427 573 2464 ex
594 2409 627 2466 Π
650 2407 707 2468 off.
734 2411 785 2481 18,
825 2409 876 2465 ubi
903 2409 997 2465 omnis
1019 2409 1112 2466 virtus
1134 2408 1241 2466 dicitur
1261 2408 1336 2465 verti
1356 2413 1401 2462 aut

340 2495 371 2550 in
393 2493 596 2569 perspiciendo
619 2481 888 2572 (tauromenitani
914 2493 944 2549 in
971 2493 1061 2550 111111
1090 2494 1216 2551 motibus
1239 2491 1400 2550 cohibendis

339 2579 429 2658 (quae
451 2579 646 2654 temperantia
667 2587 726 2649 est,
755 2578 848 2636 altera
869 2597 937 2655 pars
964 2575 1016 2651 τῆς
1038 2569 1142 2652 ἠθικῆς
1165 2569 1283 2656 ἀρετῆς)
1305 2576 1400 2635 autin

341 2663 508 2721 hominibus
531 2663 679 2722 moderate
701 2664 817 2720 utendis
839 2661 975 2742 (iustitia,
997 2663 1091 2719 altera
1112 2681 1181 2738 pars
1202 2660 1255 2737 τῆς
1279 2655 1400 2740 ἠθικῆς).

342 2749 547 2809 Obscurarunt
568 2769 634 2806 enm
656 2749 752 2806 locum
776 2749 955 2826 Goeringius
977 2757 1007 2804 et
1017 2747 1149 2816 Beierus,
1172 2747 1240 2804 dum
1263 2749 1299 2804 ad
1316 2746 1400 2822 ipsius

341 2834 514 2893 Aristotelis
535 2833 660 2891 formem
671 2834 890 2891 accommodare
901 2833 1027 2903 student,
1050 2834 1102 2906 qui
1113 2834 1194 2890 nulla
1205 2842 1285 2890 certa
1296 2833 1401 2890 ethices

341 2919 459 2976 virtutis
481 2918 638 2994 partitione
665 2919 772 2990 utitur;
806 2920 899 2996 magia
921 2927 1018 2976 tamen
1041 2918 1160 2975 aberrat
1180 2919 1366 2976 Petersenius
1376 2917 1401 2973 in

340 3004 514 3079 Philosoph.
536 3003 690 3082 Chrysipp.
712 3004 855 3062 Fundam.
877 3024 905 3080 p.
929 3005 1005 3074 260,
1028 3021 1152 3080 negans,
1185 3003 1237 3062 illo
1264 3004 1329 3061 loco
1351 3003 1402 3058 vir·

342 3090 414 3148 tutis
435 3089 610 3147 divisionem
631 3090 717 3146 tradi,
748 3089 861 3147 Eodem
883 3097 1030 3166 spectant,
1054 3107 1129 3163 quae
1151 3089 1181 3146 in
1198 3089 1402 3147 Partitionibus

341 3175 437 3236 Oratt.
466 3179 480 3245 ξ
511 3176 635 3233 76-78
664 3175 831 3244 traduntur,
865 3175 920 3232 etsi
947 3175 989 3233 ibi
1017 3174 1113 3232 minus
1141 3183 1277 3232 accurate
1299 3185 1402 3248 tempe·

342 3260 456 3319 rantiae
478 3260 595 3318 nomine
618 3261 712 3318 omnis
734 3261 828 3318 virtue
851 3261 947 3317 ethica
974 3255 1062 3341 (qnae
1085 3263 1112 3316 io
1134 3261 1236 3334 apeudo
1258 3259 1309 3335 eet)
1332 3277 1402 3317 com·

343 3346 549 3422 prehenditur,
582 3345 727 3420 huiusque
755 3345 848 3403 altera
874 3346 987 3421 species
1014 3345 1147 3421 ponitur,
1181 3363 1256 3418 quae
1278 3345 1314 3402 ad
1337 3344 1403 3402 alios

343 3431 490 3508 pertineat
511 3439 541 3488 et
557 3430 587 3487 in
599 3432 802 3488 communione
814 3441 955 3499 versatur,
978 3430 1099 3488 institia.
1133 3431 1309 3488 Huiusmodi
1321 3431 1403 3507 igitur

343 3517 518 3575 divisionem
544 3516 601 3573 hoc
629 3516 694 3574 loco
717 3517 868 3575 Ciceronis
896 3517 992 3573 animo
1020 3515 1205 3573 obversatam
1229 3535 1293 3573 essa
1314 3515 1403 3572 crede.

344 3601 396 3677 qni
416 3611 518 3658 ceteras
539 3603 655 3659 eusdem
674 3605 777 3675 90110νὶ1
804 3621 862 3660 non
890 3602 963 3658 aliae
986 3601 1154 3677 primariae,
1187 3601 1239 3658 sed
1262 3611 1359 3677 partes
1379 3609 1403 3653 et

345 3686 457 3762 species
483 3687 530 3744 his
558 3687 718 3759 subiectas,
746 3687 829 3744 velut
849 3686 1040 3760 aequitatem,
1069 3686 1403 3758 110101100111111,111111,Ι

345 3772 501 3843 intellexit,
524 3772 768 3846 quemadmodum
790 3775 828 3842 V,
852 3773 902 3844 36,
925 3772 1082 3830 nominatis
1104 3781 1243 3846 quattuor
1265 3769 1403 3849 primariis

345 3857 512 3930 virtutibus,
535 3875 610 3932 qnae
632 3877 747 3914 ornnem
769 3858 887 3915 virtutis
909 3857 968 3914 vim
991 3858 1148 3929 continent,
1171 3867 1269 3914 tarnem
1286 3855 1403 3914 addidit:

346 3953 371 3999 et
392 3945 511 4018 reliquae
532 3945 649 4000 0111οᾱ001
668 3946 779 4017 pencris.
823 3943 869 4000 Ea
890 3950 997 4014 antem,
1020 3961 1094 4016 quae
1117 3951 1185 4018 post
1201 3943 1339 4000 scientiae
1361 3958 1403 3996 cu·

345 4027 498 4103 piditatem
520 4037 681 4102 sequuntur
702 4029 738 4086 de
760 4027 967 4086 communitate
994 4027 1109 4104 generis
1136 4028 1271 4096 humani,
1305 4027 1404 4084 cadum

346 4113 401 4170 snb
423 4113 552 4170 iustitiae
575 4114 732 4184 notionem,
756 4113 807 4171 ssd
830 4112 1310 4189 aCiceroneseorsumponuntur,
1333 4108 1405 4186 quod

346 4199 532 4270 meminerat,
566 4199 661 4256 locum
689 4199 834 4256 derebus
855 4198 982 4272 publicis
1004 4198 1121 4274 copiose
1143 4217 1162 4256 a
1183 4199 1331 4256 veteribus
1352 4195 1405 4254 illis

346 4291 646 4358 pertractatum‘esse.
1072 4351 1073 4354 Ἴ

433 4387 502 4444 quae
534 4389 620 4427 comes
642 4372 739 4426 01111101
765 4371 930 4444 reliquarum
955 4372 1054 4426 01111011
1082 4367 1150 4444 cet)
1185 4368 1403 4429 Similitudinem
