2938 5020
334 365 395 430 166
723 384 768 429 nn
791 382 921 430 rmrnus
943 383 1014 430 eos.

330 553 418 618 utin
440 553 600 634 voluptate
622 554 672 632 sit,
694 553 747 634 qui
760 552 911 633 epuletur,
939 553 971 618 in
993 553 1109 632 dolore,
1131 554 1186 634 qui
1212 561 1398 635 torquentur.

401 745 420 790 l.
439 741 487 792 rint
507 769 537 778 -
556 739 677 806 epulentur
696 767 723 776 -
744 747 899 804 torqueantur
917 741 939 790 R
960 743 1107 804 (torquentur
1124 740 1157 806 P)

331 935 404 1008 quod
425 935 485 990 item
501 935 591 1008 fratri
606 942 683 1008 puto,
705 939 822 1007 poterat
845 931 987 989 seribere:
1010 932 1090 988 oredo
1111 934 1171 988 item
1186 933 1283 1006 fratri.
1317 931 1399 988 Lete·

330 1019 381 1075 bat
408 1018 480 1074 heco
507 1018 653 1094 scriptura
685 1036 743 1074 non
772 1017 896 1074 obscure
924 1017 954 1074 in
982 1017 1100 1092 optimis
1129 1027 1158 1074 et
1184 1015 1247 1074 fere
1268 1017 1400 1075 omnibus

330 1103 493 1161 codicibus:
516 1105 622 1178 qroiden
647 1103 717 1176 (boc
733 1103 763 1159 in
780 1102 842 1160 Erl.
860 1100 904 1180 [et
921 1099 961 1180 B]
979 1121 1048 1159 oesu
1071 1101 1195 1176 excidit)
1212 1121 1303 1160 euntem
1325 1103 1400 1158 credo

331 1191 400 1247 idern
433 1209 479 1246 vos
512 1187 596 1268 (idem
618 1207 675 1265 mg.
698 1187 794 1258 Crat,
822 1188 918 1258 Pall,
953 1188 978 1244 si
1006 1186 1153 1246 Gruterus
1175 1197 1255 1245 recte
1277 1187 1400 1262 scripsit

329 1291 444 1342 omnes;
466 1277 546 1333 oredo
567 1276 683 1349 qudem
706 1274 785 1348 quod
806 1283 875 1332 ante
898 1271 1059 1332 Gruterum
1081 1273 1232 1342 edebatur,
1262 1273 1398 1330 Davisius

329 1369 451 1418 annotet
484 1379 521 1418 ex
549 1360 647 1418 Mead.
675 1369 704 1416 et
726 1360 812 1430 Bell,
846 1359 1019 1434 videturque
1042 1357 1133 1416 fuisse
1161 1359 1191 1416 in
1214 1357 1400 1434 Oxx.['1v;

331 1445 424 1505 Gzius
457 1446 567 1504 oblitus
601 1455 643 1503 est
677 1445 714 1502 de
745 1445 806 1502 auis
839 1445 922 1502 codd.
946 1445 1051 1502 dicere.
1095 1444 1211 1501 Deinde
1239 1463 1286 1501 nos
1308 1443 1399 1500 estin

329 1529 384 1609 [B]
408 1527 511 1608 Εῦξχῑ
545 1550 583 1588 ex
612 1529 717 1588 ceteris
750 1549 809 1588 non
836 1523 1017 1610 annotatur.)
1061 1529 1140 1603 Quid
1167 1529 1246 1587 enim
1274 1529 1400 1606 apertius

330 1635 417 1692 quem
440 1617 628 1688 Ciceronem,
657 1635 723 1673 cum
746 1617 828 1692 prius
850 1616 886 1672 de
909 1634 940 1674 se
962 1614 1131 1686 affirmarit,
1165 1615 1339 1692 adiungere,
1372 1632 1399 1669 se

330 1703 406 1760 idem
430 1703 465 1760 de
488 1703 641 1778 Torquato
664 1713 694 1758 ct
715 1702 833 1760 Triario
857 1697 994 1758 credere?
1038 1701 1144 1775 Itaque
1167 1701 1314 1758 contraria
1337 1707 1400 1757 sum

328 1791 449 1863 equidem
472 1798 502 1845 et
523 1808 585 1856 vos,
620 1788 743 1864 (habent
769 1789 890 1862 equidem
912 1781 956 1855 Εξ
982 1785 1062 1844 felici
1085 1786 1288 1844 emendatione
1296 1786 1318 1860 ;)
1351 1803 1400 1840 nec

329 1895 420 1931 mersos
442 1873 539 1931 dicere
562 1873 666 1932 Cicero
689 1874 799 1950 potuit,
833 1892 892 1946 quo
920 1872 1114 1930 communiter
1135 1871 1171 1928 de
1198 1891 1230 1930 se
1253 1881 1281 1928 et
1304 1871 1400 1928 alteris

329 1960 435 2035 posito,
470 1959 622 2036 perinepte
655 1959 773 2016 additur
800 1977 865 2015 oum
894 1958 1077 2015 dubitatione
1099 1952 1207 2038 (credo)
1234 1957 1265 2014 id
1298 1958 1399 2032 ipsum.

328 2045 487 2120 quodiam
510 2043 687 2102 affirmatum
710 2054 763 2102 est.
809 2045 885 2101 Nam
908 2044 988 2118 quod
1010 2042 1103 2102 Gzius
1125 2063 1217 2100 neruos
1244 2043 1282 2099 ad
1310 2042 1398 2100 solum

329 2129 500 2189 Ciceronem
524 2129 627 2188 referri
651 2141 765 2195 narrat,
795 2149 831 2186 ne
853 2130 908 2186 boo
931 2129 1048 2204 quidem
1071 2129 1233 2198 intellexit,
1262 2128 1312 2185 ubi
1336 2145 1399 2183 con·

329 2215 412 2272 trerii
435 2234 489 2292 ego
512 2225 542 2273 et
564 2216 615 2273 elii
637 2215 742 2286 simus,
771 2234 829 2272 non
851 2233 939 2290 posse
960 2215 1033 2272 dici:
1066 2233 1158 2272 summ
1181 2211 1233 2292 (de
1257 2233 1302 2270 me
1326 2207 1399 2288 ipso)

330 2335 370 2343 -
393 2321 447 2358 vos.
492 2301 559 2358 Item
582 2301 719 2358 Ernestio
742 2300 879 2371 debetur,
903 2300 953 2374 qui
976 2300 1085 2370 sensit,
1108 2301 1176 2356 idern
1200 2299 1326 2376 (idest,
1350 2315 1399 2372 ego

330 2381 422 2467 idem)
444 2385 564 2448 sicdici,
595 2397 744 2460 tamquam
771 2386 852 2443 aliud
880 2386 1026 2460 prolatum
1055 2395 1133 2442 esset
1155 2384 1308 2445 Ciceronis
1329 2383 1399 2441 iudi·

329 2473 416 2540 cium,
440 2489 564 2546 quocum
587 2472 644 2529 hoc
667 2481 895 2547 compararetur.
929 2471 1044 2529 Deinde
1067 2473 1146 2528 merlo
1168 2473 1238 2528 idem
1259 2470 1398 2547 integram

328 2557 458 2633 postulet
480 2558 670 2628 sententiam
697 2558 797 2632 itaque
820 2567 887 2614 ante
912 2556 1114 2626 Schuetzium,
1138 2557 1190 2632 qui
1212 2565 1291 2612 recte
1314 2555 1399 2612 verba

328 2642 478 2714 distinxit,
501 2645 569 2700 idem
591 2643 726 2717 reliquit,
750 2643 792 2700 sic
814 2642 886 2700 heec
909 2643 1133 2700 continuabant:
1166 2643 1245 2700 oredo
1267 2643 1336 2698 idem
1358 2659 1398 2695 ros

328 2748 374 2786 neo
396 2732 421 2785 in
445 2730 535 2786 dolore
557 2749 602 2786 nec
624 2732 650 2784 in
674 2731 807 2804 voluptate
829 2747 892 2793 esse,
916 2728 1048 2784 seiuncta
1070 2727 1266 2804 descriptione
1288 2725 1399 2804 generis

328 2815 365 2870 ab
388 2833 433 2884 co,
457 2815 504 2870 cui
526 2815 692 2872 necessario
714 2814 900 2889 adiungenda
922 2823 976 2882 est,
999 2815 1104 2870 terrimo
1127 2815 1183 2870 loo.
1239 2811 1298 2872 Sed
1332 2810 1398 2868 illud

329 2919 399 2969 ease,
434 2899 497 2956 sine
525 2919 583 2974 quo
612 2901 684 2956 haec
711 2918 748 2957 na
776 2900 903 2974 speciem
927 2899 1044 2973 quidem
1067 2909 1164 2956 rectae
1187 2898 1330 2956 orationis
1353 2898 1398 2952 ha·

329 2985 407 3054 bant,
432 2984 505 3042 mire
523 2986 708 3062 neglegentia
730 2984 858 3042 editores
880 3003 938 3042 non
961 2985 1245 3054 animadverterunt,
1269 2984 1299 3040 in
1322 2981 1397 3039 nullo

328 3071 448 3128 omnino
471 3089 534 3128 csse
557 3071 672 3140 codice,
708 3070 786 3145 quod
814 3071 885 3127 satis
907 3069 1036 3127 ostendit
1058 3089 1174 3138 eorum,
1208 3069 1258 3144 qui
1276 3087 1397 3126 comme·

328 3166 494 3227 morantur,
522 3175 682 3214 consensus
710 3156 801 3233 (Pell.
823 3156 952 3213 omnium
982 3166 1011 3212 et
1034 3175 1164 3213 meorum
1187 3165 1216 3212 at
1238 3154 1302 3212 cod.
1328 3155 1397 3212 Vict.

329 3250 372 3312 et,
406 3260 480 3316 quos
513 3242 572 3300 elia
605 3242 640 3299 dc
674 3259 764 3299 cause
791 3241 932 3298 Davisius
965 3242 1112 3311 nominet,
1145 3240 1221 3299 Ball.
1244 3251 1273 3298 et
1295 3238 1397 3298 Meed..

328 3345 505 3401 quemquam
528 3328 564 3385 de
586 3327 807 3386 Oxoniensibus
830 3323 966 3404 tacetur).
1002 3325 1096 3384 Gzius
1118 3326 1265 3402 quomodo
1290 3327 1397 3394 „iustae

328 3412 504 3470 dubitationi
526 3413 623 3470 locum
636 3412 809 3480 exemerit“,
838 3412 968 3488 lepidum
991 3423 1035 3470 est
1052 3412 1166 3482 videre,
1194 3411 1315 3468 inducta
1337 3429 1398 3487 per·

329 3497 442 3555 enthesi
464 3517 483 3555 a
504 3501 583 3556 oredo
605 3517 698 3572 usque
720 3498 758 3554 ed
780 3517 837 3555 esse
859 3508 889 3555 et
910 3497 1009 3556 verbis
1032 3517 1078 3556 neo
1095 3501 1121 3554 in
1138 3500 1288 3556 dolneor'u
1305 3499 1397 3570 oolupt.

330 3583 453 3640 divulsis
475 3585 512 3640 ab
536 3584 581 3640 his
604 3594 633 3640 ut
655 3587 682 3639 t'n
704 3586 802 3659 volupt.
827 3617 867 3625 —
890 3585 1037 3641 indolere.

413 3679 442 3726 ut
463 3672 489 3725 in
513 3671 646 3745 uoluptate
672 3667 720 3744 st't)
753 3669 882 3728 Uberius
909 3687 956 3726 res
984 3669 1128 3745 exemplis
1156 3667 1323 3726 declaratur
1350 3663 1398 3746 (on

329 3765 357 3811 ot
379 3749 458 3835 etc),
482 3755 533 3812 sed
556 3755 670 3812 duobus
693 3763 805 3812 tentum
829 3755 931 3830 primis
954 3754 1110 3831 generibus
1132 3753 1236 3830 positis
1254 3749 1294 3833 (in
1312 3755 1397 3826 volup

329 3850 395 3908 toto,
418 3844 444 3897 in
467 3836 586 3920 dolore),
620 3859 685 3898 curn
719 3841 801 3915 sequi
835 3841 954 3898 tertium
988 3840 1109 3898 deberet
1140 3835 1200 3921 (noc
1222 3842 1249 3896 in
1271 3842 1398 3914 uoluptate

328 3937 415 3982 oeteo
437 3944 483 3983 neo
509 3930 537 3984 in
559 3927 662 3997 dolore,
697 3929 745 4001 qui
771 3925 854 4004 ete),
890 3926 968 4000 quod
1001 3925 1121 3983 difficile
1153 3936 1217 3982 crat
1249 3924 1396 3982 relativam

328 4012 503 4068 sententiam
537 4021 605 4088 epte
644 4011 821 4087 specialibus
854 4011 998 4088 exemplis
1031 4012 1165 4088 explere,
1200 4011 1339 4086 quoniam
1371 4009 1396 4064 in

328 4113 392 4153 eam
415 4097 514 4154 omnia
524 4098 677 4168 cedebant,
701 4115 776 4171 quae
788 4097 902 4154 duobus
914 4097 1016 4172 primis
1027 4097 1184 4173 generibus
1201 4113 1259 4152 non
1272 4097 1396 4154 contine·

328 4181 443 4252 bantur,
467 4183 609 4241 orationis
631 4201 819 4260 progressum
832 4182 936 4241 Cicero
953 4183 1072 4259 abrupit
1094 4183 1238 4257 aliterque
1260 4181 1396 4241 absolvit:

333 4267 374 4323 Tu
396 4278 483 4324 ortum
506 4279 575 4339 etc,
609 4288 730 4344 prorsus
758 4267 861 4325 codem
895 4268 996 4338 modo,
1030 4267 1141 4343 quoin
1164 4267 1286 4326 libroI.
1311 4271 1396 4326 4501

329 4353 379 4410 46.
424 4353 489 4410 Hoc
511 4371 577 4412 cum
599 4374 659 4412 non
680 4354 885 4430 intellegerent
905 4363 1022 4412 veteres
1046 4354 1164 4430 quidam
1188 4353 1326 4425 editores,
1350 4371 1396 4429 pro
