2948 5024
322 393 353 438 nn
369 393 445 442 usn.
464 393 526 440 nna.
545 395 565 440 v
589 393 661 440 ene.
686 396 725 440 sn.
992 375 1055 440 749

109 560 301 640 onisnuuershis,
317 563 416 643 ondens,
438 562 561 642 liberos,
584 561 787 644 propinquos
801 562 934 642 divitias,
957 560 1056 628 hono·

109 681 132 740 s,
152 680 213 742 opes.
242 662 327 728 Contra
343 665 388 731 hoc
407 666 535 730 attende
555 684 605 730 me
626 663 702 729 nihil
723 665 840 744 dicere;
861 662 938 728 mod
953 662 1056 742 dicere,

120 765 166 830 ists
183 764 244 830 nsls
260 773 320 844 sunt
337 767 361 831 in
379 787 457 849 quse
478 773 584 849 potest
604 767 741 832 incidere
763 766 903 847 sapiens,
932 766 1057 848 sapien·

109 885 196 931 neme
213 885 259 930 non
276 869 334 934 satis
352 887 412 936 csse
438 871 478 935 ad
506 870 595 938 beate
622 870 797 934 vivendum.
849 870 946 933 Immo
974 886 1057 946 vero,

109 969 157 1050 ruit
175 970 205 1034 ad
224 969 359 1035 beatissime
376 972 537 1038 vivendum
559 991 672 1053 parum
694 981 755 1050 est,
789 973 830 1038 sd
856 971 947 1036 beate
969 971 1097 1039 satist)

109 1071 247 1149 incensent,
272 1071 382 1154 inquam,
415 1083 446 1138 te
466 1074 528 1140 isto
550 1075 641 1140 modo
664 1074 758 1156 paulo
786 1081 858 1139 ante
880 1091 1005 1154 ponere
1028 1076 1060 1137 et

118 1247 137 1295 t,
154 1241 224 1292 Castro
238 1243 285 1296 lose
303 1245 434 1299 necnon·
489 1245 547 1294 nnat
564 1259 622 1295 cnm
640 1246 713 1295 nucis
731 1244 774 1296 Or.
832 1243 893 1294 illud
914 1243 992 1293 dicere
1009 1259 1057 1293 om.

109 1325 135 1368 ns,
151 1311 186 1360 Or.
223 1317 242 1367 4,
261 1331 298 1364 noo
312 1321 333 1363 et
347 1331 389 1364 ms
412 1329 460 1364 om.
480 1313 500 1362 l’
518 1314 578 1364 rotis
597 1322 691 1378 transp.
710 1322 768 1378 post
785 1313 906 1363 vivendum
925 1310 1059 1363 L'PCROr.

109 1396 136 1428 me
151 1381 196 1445 (pro
210 1381 273 1448 heom)
288 1382 305 1431 L
320 1382 371 1432 Post
387 1383 452 1434 mate
470 1384 529 1436 sdd.
548 1400 604 1432 vero
622 1383 766 1442 nPcsror„
785 1383 826 1432 hie
841 1397 899 1431 cum
917 1383 989 1432 nucis

109 1555 161 1607 tres,
182 1537 282 1596 Ottonis
301 1558 333 1596 ex
352 1540 482 1598 omnibns
504 1539 643 1598 confusos
665 1539 904 1598 erroresomitto.
931 1538 1060 1596 Kerrrius

110 1631 219 1680 erecte.

111 1728 146 1764 roe
164 1710 222 1766 oilrl
239 1711 323 1781 dicere,
342 1711 406 1768 illud
426 1707 527 1788 nlicere)
551 1710 783 1781 „Animadverte
805 1711 910 1788 igitur,
934 1727 979 1766 me
1002 1728 1060 1767 non

110 1813 183 1868 psum
203 1795 403 1870 reprehendere,
427 1797 506 1871 quod
527 1797 586 1854 tris
601 1797 864 1872 generabonorum
877 1795 1060 1853 etmalorum

109 1899 117 1942 ³,
138 1879 184 1936 sed
204 1881 283 1954 qnod,
304 1899 363 1938 cnm
384 1881 438 1940 hoe
461 1880 563 1953 facias,
586 1893 683 1939 tomen
696 1882 858 1956 sapientem
875 1899 934 1938 una
946 1881 1060 1956 sepien-

127 1965 225 2022 rirtute
246 1966 352 2024 beatum
374 1985 437 2025 csso
460 1967 569 2026 diees.“
597 1968 680 2025 Idem
694 1967 798 2026 Cicero
821 1975 911 2037 tenet,
934 1967 1013 2040 quod
1031 1966 1061 2023 in

109 2069 146 2106 roe
166 2051 239 2120 loeo,
258 2061 287 2108 ut
307 2071 361 2110 non
382 2053 476 2128 ipsam
494 2053 668 2112 sententiam
681 2052 786 2110 falsam
797 2071 861 2110 esse
873 2070 950 2109 nunc
962 2051 1061 2127 dispu-

111 2136 128 2191 d
140 2155 199 2193 eam
210 2137 264 2194 sihi
274 2156 329 2195 uon
341 2147 482 2196 constare.
516 2141 552 2198 In
572 2139 635 2197 cod.
648 2139 727 2196 arch.
744 2139 962 2202 interciderant
986 2156 1061 2211 quae

109 2221 186 2292 m'tui,
209 2223 296 2279 verba
311 2226 378 2282 illud
397 2226 498 2294 dicere,
527 2223 683 2282 manifesta
705 2242 808 2296 eausa,
832 2231 952 2300 propter
974 2241 1060 2297 quem

109 2317 167 2364 nost
183 2307 210 2363 r'rr
223 2308 249 2366 P
265 2327 327 2366 meo
344 2318 373 2366 et
385 2308 463 2368 Gud.
476 2319 601 2386 utroque
613 2309 788 2368 exciderunt
801 2329 853 2366 non
864 2329 928 2366 esse.
957 2309 1062 2382 Itaque

109 2412 160 2462 rus,
184 2393 343 2460 Ernestiust
368 2393 542 2454 Schuetzius
569 2415 587 2452 a
609 2395 756 2453 sententie
777 2394 864 2472 louge
886 2394 1063 2452 coniecturis

109 2488 174 2548 urrt;
197 2479 338 2538 Davisius
355 2491 453 2538 autem
470 2491 501 2538 et
512 2479 606 2539 Gzius
628 2500 703 2552 eam,
726 2500 813 2556 qnam
836 2481 887 2538 ille
898 2479 1061 2556 perspicue,

109 2564 201 2622 tribus
225 2565 407 2642 implicatam
429 2567 513 2638 vidit,
541 2567 717 2625 sententiam
740 2565 856 2624 efficere
879 2585 938 2623 non
960 2573 1063 2640 potne-

109 2649 129 2704 'e
151 2651 301 2710 scribens:
325 2653 506 2718 nihildr'eerm
528 2656 570 2710 sin
587 2657 641 2711 ista
662 2661 727 2724 eet,
749 2653 807 2724 hic,
830 2669 895 2710 cnm
908 2652 938 2708 iu
951 2650 1061 2710 Gudn

117 2738 170 2791 sect
189 2755 247 2810 pro
270 2742 298 2795 si
312 2738 457 2813 seriptum
470 2746 556 2809 esset,
579 2738 636 2795 ite:
658 2739 831 2809 nihildum,
849 2739 933 2794 sedsr'
942 2740 996 2793 isto
1008 2746 1062 2793 cet.

109 2821 256 2880 erationis
278 2823 381 2882 formo
402 2843 471 2894 non,
493 2832 527 2881 ut
548 2824 684 2894 debebat,
708 2843 745 2882 ex
768 2825 835 2880 citit
850 2822 1064 2881 ds'cereaudire·

109 2925 133 2974 e,
159 2907 215 2964 sed
239 2910 398 2966 sententis
419 2909 535 2967 infinita
556 2919 624 2986 post
645 2912 707 2979 sed,
729 2917 763 2966 ut
785 2909 932 2984 superior,
955 2908 1065 2983 pende-

109 2992 143 3048 lo
168 2996 294 3052 atterrde.
343 2991 456 3072 (Aean.
475 2995 516 3065 Π,
539 2995 615 3052 103:
638 2997 775 3070 aquibus
797 3013 943 3068 numquam
965 2995 1065 3050 dictum

109 3080 141 3133 ot
163 3081 202 3134 sit
226 3081 483 3156 disputaremest.
517 3081 629 3138 Eodem
657 3080 744 3138 modo
767 3080 815 3137 hic
843 3081 861 3137 7
866 3079 882 3136 9
906 3081 974 3136 illud
996 3080 1065 3150 dieo,

109 3163 264 3242 erponem.)
291 3163 376 3246 [Pro
398 3169 472 3224 orata
494 3177 555 3224 sont
577 3165 703 3224 fortasse
727 3165 912 3223 scribendum
940 3186 974 3220 m.
1002 3167 1065 3234 sint,

110 3267 175 3306 non
204 3251 278 3307 sine
310 3269 410 3309 causa
439 3248 628 3331 suspicatum]
665 3251 766 3309 Contra
798 3253 846 3308 hoc
877 3251 965 3308 etiam
989 3249 1065 3307 Pell.

113 3333 296 3411 [Baiterus
322 3337 420 3394 tacite
443 3339 516 3396 haec.
561 3338 624 3395 Noc
645 3340 712 3394 setis
739 3356 796 3394 esse
818 3336 905 3394 etiam
929 3333 979 3412 B.]
1023 3329 1067 3404 Εξ

109 3423 193 3477 mrim
244 3424 333 3495 lero,
362 3424 445 3497 quod
467 3423 556 3498 paulo
579 3431 646 3499 post
667 3423 745 3480 inter
766 3423 840 3479 beate
851 3431 882 3479 et
896 3425 965 3478 satis
975 3421 1066 3478 iuter-

110 3549 117 3573 ‚
155 3507 347 3564 omittebat
372 3508 463 3566 etiam
488 3509 565 3586 Spin.
589 3507 654 3586 [B].
698 3509 738 3565 Et
760 3507 931 3584 saepissime
953 3505 1068 3564 librarii

115 3592 370 3654 adversativae
395 3595 522 3665 addunt,
546 3595 596 3674 nbi
620 3593 755 3653 Ciceroni
779 3594 808 3651 in
831 3593 987 3652 contrariis
1004 3593 1067 3650 sine

109 3687 200 3734 uxta
226 3679 363 3754 positis
390 3679 484 3737 maius
506 3680 621 3756 pondus
644 3679 786 3737 orationis
809 3697 872 3737 osse
895 3680 991 3737 visum
1013 3686 1067 3735 est

112 3762 210 3838 carate)
241 3769 259 3834 ς
293 3766 356 3822 71.
396 3765 577 3823 Antiochum
599 3765 687 3822 huius
709 3765 906 3822 distinctionis
917 3773 1067 3821 auctorem

110 3859 122 3904 t
153 3849 269 3906 etiarn
286 3850 405 3908 Aead.
418 3851 460 3920 ΙΙ,
477 3852 549 3918 134,
573 3851 630 3908 uisi
643 3851 823 3908 Antiochum
846 3869 900 3925 pro
912 3849 1066 3925 Peripate-

114 3955 150 3990 rm
182 3935 343 3992 decreta
371 3936 487 3995 abillo
510 3937 653 4008 sumebat,
676 3936 854 4005 nominarim
877 3934 1067 4010 nequeenim

139 4031 213 4091 est,
245 4021 328 4078 iam
359 4031 435 4079 ante
457 4023 589 4096 sliquos,
618 4031 683 4079 orte
705 4021 876 4098 praesertim
900 4020 1068 4080 Stoicorum

109 4116 280 4163 :mantem
315 4107 508 4166 Aristotelis
530 4107 753 4181 mollioremque
776 4107 974 4182 Theophrasti
1003 4124 1068 4162 sen·

110 4211 223 4249 snam
255 4191 453 4250 formulam
476 4195 517 4252 sic
540 4195 691 4251 conflasse.
734 4193 784 4250 Ab
807 4193 957 4250 Antiocho
979 4192 1068 4248 etiam

144 4279 259 4352 apud
291 4280 522 4355 Augustinum
545 4280 580 4336 de
603 4279 667 4338 Cirr.
680 4279 736 4336 Dei
749 4279 886 4350 XIX,3=
914 4279 991 4336 Haec
1007 4297 1068 4352 erpo

131 4383 236 4437 quae
267 4368 403 4422 virtute
424 4376 449 4422 et
470 4368 532 4423 alais
553 4368 637 4422 orrimr'
657 4375 682 4422 et
703 4365 918 4440 conpositionis,
941 4366 1068 4439 saireqoi·
