2928 5012
367 357 501 424 XXXIV
809 375 1005 422 salernam.

368 565 461 629 quam
483 546 555 612 illae
574 546 607 610 in
629 541 673 616 Εξ
695 545 793 610 mirae
804 545 999 610 mutationes.
1043 546 1155 626 ltaque
1178 546 1332 627 quaedam
1358 565 1403 609 ex
1422 545 1457 608 ii·

367 649 430 720 iam
452 655 505 720 diu
526 654 628 720 locum
648 655 680 718 in
702 653 843 719 oratione
864 660 972 719 tenent
993 659 1025 718 et
1046 660 1101 718 aut
1121 653 1297 735 ignoratam,
1326 653 1448 718 coniec

368 769 439 828 tura
462 763 649 844 scripturam
671 768 772 827 ortam
795 781 878 841 esse,
911 768 966 827 ont
987 762 1089 828 editor
1110 762 1222 844 aliquis
1249 761 1316 826 eius
1341 769 1446 825 aucto

367 877 506 953 putatur,
529 871 613 936 velut
634 871 695 950 1,6
721 868 949 950 Theophrastus
970 870 1028 950 (ita
1048 869 1145 949 Leid,
1167 869 1232 934 Pal.
1250 871 1294 948 3),
1316 871 1363 934 34
1389 888 1450 932 cor

369 979 482 1059 rrqoisti
494 978 604 1060 (Leid,
627 978 724 1043 edidit
739 978 784 1042 ita
802 978 864 1042 iam
882 978 1050 1043 ascensius
1064 979 1177 1057 1511),
1209 979 1252 1043 43
1278 976 1451 1042 dammi

369 1088 484 1169 (Laid,
511 1086 576 1152 Pal.
604 1088 654 1166 2),
677 1088 719 1152 64
741 1086 875 1174 oopoosoo'
897 1090 926 1150 ct
942 1085 1060 1166 percipi
1081 1085 1192 1168 (Laid,
1208 1086 1248 1164 Ρ,
1284 1085 1390 1169 [12]),
1419 1087 1453 1150 11

371 1193 681 1278 retemptabit),
698 1196 805 1274 lV,13
823 1193 860 1258 dc
872 1191 1016 1274 plurimis
1027 1195 1077 1277 (L,
1088 1193 1155 1275 Εξ),
1180 1194 1220 1260 15
1242 1199 1380 1258 umorue
1406 1195 1453 1274 (L

369 1301 492 1387 Pala),
514 1303 593 1368 aliae
615 1303 913 1380 ameaacitaesunt,
935 1303 1092 1381 1111145
1114 1321 1329 1382 marcaon
1342 1302 1409 1374 (ΕΙ.
1427 1304 1443 1366 1

369 1429 442 1476 nam
464 1413 503 1477 de
525 1410 625 1476 tribus
646 1410 736 1475 Parr.
759 1409 877 1476 fallitur
899 1409 1057 1488 Davisius3
1089 1401 1185 1474 urium
1206 1410 1344 1476 fortasse
1367 1419 1458 1474 rect·

286 1577 290 1586 .
370 1518 689 1600 appellarepoterat),
711 1519 753 1583 48
776 1516 914 1580 bobium
935 1518 984 1598 (L,
995 1518 1067 1583 Pal.
1080 1520 1125 1600 2),
1153 1525 1208 1583 aut
1229 1519 1396 1596 reductae,
1424 1538 1447 1581 ιι

371 1626 505 1690 mnemon
526 1631 716 1690 octaorum
737 1626 790 1704 IV,
803 1627 844 1691 33
867 1627 916 1707 (L,
940 1625 1057 1707 Sigonii
1079 1626 1166 1706 liber,
1188 1626 1255 1702 Εξ).

456 1735 527 1817 ξ4.
571 1733 866 1800 commemorandae
888 1740 963 1798 sunt
984 1734 1145 1814 deincepS,
1167 1733 1304 1816 exceptis
1325 1733 1457 1798 duabu

371 1842 479 1925 prinde
501 1841 687 1908 editionibus
715 1847 748 1908 et
774 1842 947 1923 perspicuis
970 1841 1135 1906 Cratandri
1164 1847 1196 1906 et
1216 1841 1337 1907 Morelii
1360 1842 1460 1906 testi-

371 1949 493 2028 moniis,
516 1950 655 2032 reliquae
677 1956 750 2015 ante
773 1949 942 2014 Gruterum
966 1949 1116 2014 editiones
1139 1949 1330 2030 codicesque,
1354 1949 1461 2030 quiin

372 2058 410 2122 iis
433 2057 580 2122 curandis
603 2057 732 2123 adhibiti
753 2063 914 2139 putantur.
960 2057 1021 2122 Sed
1043 2057 1145 2122 dicam
1172 2059 1212 2122 de
1234 2057 1281 2122 bis
1303 2056 1461 2136 breuiter,

372 2167 457 2246 quod
478 2165 508 2229 in
532 2164 614 2230 omni
636 2165 694 2230 hac
714 2165 954 2246 investigatione
975 2165 1091 2229 nullam
1103 2164 1270 2230 isrealiam
1282 2164 1460 2229 utilitatem

374 2291 443 2338 esse
464 2271 574 2352 indico,
596 2271 655 2336 nisi
678 2291 760 2353 qnae
781 2273 812 2337 in
836 2273 1058 2353 superstitione
1085 2273 1220 2354 quadam
1242 2275 1461 2354 expugnanda

372 2379 588 2463 perspicietur.
632 2379 747 2444 Nescio
768 2380 851 2445 enim
872 2381 1027 2461 quomodo
1049 2381 1169 2445 malunt
1190 2381 1315 2462 quidam
1337 2381 1377 2444 de
1398 2399 1460 2444 ve-

372 2494 475 2553 terum
502 2488 656 2552 editorum
685 2487 840 2552 codicibus
868 2487 1021 2568 suspicari
1044 2506 1138 2570 quam
1160 2505 1229 2566 coe,
1263 2505 1341 2568 quos
1367 2487 1459 2566 licet,

372 2595 573 2677 perscrutari.
616 2595 739 2660 Primae
761 2595 913 2661 editiones
933 2595 1083 2660 librorum
1106 2595 1146 2661 de
1167 2595 1295 2673 finibus,
1328 2599 1363 2658 ut
1383 2593 1459 2660 fere

373 2711 547 2768 ceterorum
570 2701 726 2768 Ciceronis
748 2703 950 2783 scriptorum,
984 2704 1097 2769 ductae
1126 2709 1200 2767 sunt
1225 2721 1244 2767 e
1270 2702 1459 2783 vidgeribus

374 2809 544 2888 codicibus;
567 2829 623 2874 eae
644 2809 756 2874 deinde
778 2811 822 2874 sic
844 2811 1004 2892 repetitae,
1026 2817 1062 2876 nt
1078 2811 1217 2875 nonnihil
1227 2817 1402 2874 mutaretur
1414 2830 1457 2874 ex

374 2917 442 2981 aliis
471 2917 609 2982 eiusdem
637 2917 760 2998 generis
788 2917 958 2998 codicibus,
991 2920 1146 3000 quaedam
1172 2918 1355 2984 coniectura
1401 2918 1459 2983 Sic

374 3024 544 3090 extiterrmt
559 3025 757 3107 cognationes
780 3027 934 3108 quaedam
956 3025 1141 3106 editionum,
1173 3027 1255 3091 duae
1281 3031 1379 3091 tamen
1404 3024 1457 3090 la-

373 3131 493 3198 tissime
513 3139 670 3214 patentes3
693 3152 764 3198 nam
787 3151 825 3199 ex
848 3133 983 3216 editione
1005 3133 1182 3199 Coloniensi
1202 3129 1356 3216 permulta
1376 3133 1458 3214 (per

374 3241 511 3306 Venetas
533 3241 677 3322 antiquas
700 3247 732 3306 et
752 3241 907 3320 Aldinam,
929 3247 965 3306 nt
986 3259 1058 3306 mox
1079 3241 1196 3323 dicam)
1219 3242 1260 3306 ad
1276 3241 1455 3307 Manutium

374 3355 407 3413 et
427 3347 610 3412 Lambinum
630 3367 783 3428 manasse,
806 3348 962 3414 declaravi
982 3349 1014 3413 in
1037 3347 1274 3428 commentariis,
1295 3367 1362 3414 cum
1382 3349 1455 3414 Ro-

374 3473 466 3520 mana
494 3456 675 3522 coniunctas
704 3475 774 3521 esse
801 3455 899 3520 Marsi
922 3464 954 3522 et
975 3456 1106 3521 Victorii
1128 3457 1293 3536 editiones,
1319 3455 1454 3522 Cratan-

375 3563 424 3627 dri
446 3581 578 3644 quoqne,
600 3543 661 3627 etsi
681 3562 712 3627 in
735 3581 773 3628 ea
795 3569 849 3644 (et,
872 3563 991 3644 opinor,
1014 3564 1082 3628 aliis
1100 3563 1346 3630 otfortasseiam
1360 3567 1453 3649 ente)

374 3669 470 3734 mixta
491 3670 690 3752 interpolatio
713 3677 777 3750 est;
800 3671 885 3737 velut
906 3673 930 3751 1,
943 3673 981 3737 61
1006 3690 1024 3736 e
1045 3673 1148 3752 prima
1169 3676 1224 3735 aut
1247 3690 1285 3736 ex
1300 3670 1452 3738 similibus

375 3777 530 3842 codicibus
552 3777 647 3843 habet
667 3777 834 3858 oppetendo
865 3779 968 3842 ooouio
984 3777 1163 3858 petulantes.
1207 3779 1292 3844 Raro
1318 3787 1453 3860 apparet

375 3883 489 3950 codicis
510 3885 598 3949 mixti
620 3886 757 3967 generis
767 3905 852 3966 usus,
873 3887 967 3969 plane
989 3886 1061 3951 boni
1082 3887 1133 3950 vix
1154 3905 1300 3968 nsquam,
1331 3885 1386 3950 nisi
1414 3887 1449 3953 in

376 3991 593 4070 Cratandrina,
622 4012 722 4076 neque
743 3993 807 4058 ulla
829 3995 922 4059 editio
944 3994 1293 4076 praeterVictorianam
1319 3993 1348 4058 in
1369 3994 1450 4060 duo-

375 4098 434 4164 bus
455 4100 564 4180 primis
592 4099 679 4166 libris
701 4119 770 4166 cum
792 4102 897 4184 aliqua
919 4101 1094 4166 constantia
1121 4103 1162 4166 ad
1189 4102 1337 4167 eiusmodi
1362 4103 1449 4167 codi-

375 4225 441 4272 cem
464 4215 572 4272 exaota
598 4214 660 4288 est;
694 4209 839 4291 quodque
860 4216 955 4290 caput
982 4214 1044 4288 est,
1078 4209 1162 4274 nulla
1189 4209 1237 4276 bis
1265 4209 1448 4277 editionibus

376 4314 531 4395 scriptura
552 4315 743 4394 continetur,
777 4317 863 4383 ouius
885 4336 947 4381 non
971 4335 1052 4382 nuno
1074 4323 1106 4382 et
1127 4317 1290 4382 certiorem
1317 4319 1447 4382 auctori-
