2920 5012
343 414 386 482 90
703 433 747 478 nn
769 431 900 480 sturnus
922 431 993 478 nou.

343 604 418 669 nihil
440 602 590 681 efficerer
623 620 704 667 nunc
727 601 901 682 expetitur,
933 604 1017 683 quod
1044 611 1092 667 est
1120 609 1276 684 tamquam
1305 603 1422 669 artifex

343 707 572 788 conquirendae
588 713 619 770 et
640 705 868 786 comparandae
890 705 1067 786 voluptatis.
1100 707 1151 770 43.
1174 707 1289 786 (Quam
1311 719 1422 772 autam

342 827 400 890 ego
422 809 522 874 dicam
543 808 742 889 uoluptatem,
764 807 826 871 iam
848 807 968 886 uidetis,
991 827 1029 873 ne
1051 807 1166 872 invidia
1182 807 1422 874 verbilabeiac·

342 915 427 976 tetm
448 911 547 976 oratio
568 911 660 992 mea)
703 910 784 974 Nam
813 927 883 974 cum
910 909 1103 991 ignoratione
1132 929 1236 975 rerum
1262 911 1423 975 bonarum

303 1015 373 1078 bet
406 1013 559 1078 malarum
591 1013 721 1079 maxime
753 1011 911 1077 bominum
939 1012 1002 1076 vita
1034 1019 1177 1092 vexetur,
1211 1013 1250 1078 ob
1282 1031 1424 1094 cumque

343 1133 481 1181 errorem
497 1122 529 1180 et
545 1115 755 1197 voluptatibus
767 1115 906 1179 maxinds
918 1132 1013 1195 saepe
1024 1114 1185 1196 priventur
1196 1127 1228 1180 et
1238 1115 1423 1180 durissimis

342 1217 435 1281 animi
457 1217 616 1282 doloribus
638 1225 850 1299 torqueantur,
873 1217 1027 1298 sapientia
1048 1225 1097 1282 est
1114 1217 1304 1296 adhihenda,
1327 1235 1425 1298 quae,

342 1325 373 1386 et
395 1319 567 1385 terroribus
588 1320 868 1402 cupiditatibusque
889 1319 1038 1384 detractis
1060 1328 1091 1384 et
1113 1319 1247 1384 omnium
1266 1317 1425 1384 falsarum

341 1421 519 1503 opinionum
541 1421 715 1488 temeritate
736 1423 880 1503 derepta,
911 1421 1113 1486 certissimam
1137 1440 1171 1486 se
1192 1422 1281 1487 nobis
1305 1423 1425 1486 ducem

409 1665 433 1712 3.
452 1676 563 1726 eqo-om.
582 1659 747 1712 LPMCROr.
801 1666 822 1708 5,
849 1658 1004 1709 drudorum
1023 1659 1113 1711 onai}
1171 1666 1196 1711 6.
1211 1659 1349 1726 purissimis
1389 1660 1424 1728 Α]

341 1729 408 1779 EPR
422 1727 573 1794 praescimus
582 1729 634 1778 MC
645 1729 791 1794 parmomo
801 1727 845 1781 Or.
884 1727 1051 1779 scribemus
1067 1729 1141 1778 ertE
1177 1727 1241 1793 qood
1261 1729 1282 1776 P
1325 1735 1351 1781 8.
1387 1749 1427 1780 er·

340 1798 431 1847 roribus
441 1796 490 1865 nh]
524 1797 646 1864 frisonum
665 1797 803 1863 opinioneL
838 1797 1072 1862 conparatos
1090 1797 1181 1847 directa
1200 1799 1220 1847 L
1255 1797 1323 1847 uobis
1337 1799 1428 1876 omi,

426 2023 476 2080 43.
498 2042 545 2096 epo
562 2021 664 2098 dicari)
686 2023 853 2080 Pronomen
865 2022 977 2080 addunt
988 2020 1153 2101 etiem[A,]
1166 2023 1281 2098 Spiret
1292 2021 1382 2082 Gud.
1397 2026 1428 2094 2,

341 2109 371 2166 id
395 2117 447 2179 est,
472 2108 622 2177 meliorem
646 2127 676 2165 se
700 2127 718 2165 a
740 2108 912 2185 Cyrenaicis
935 2119 964 2166 et
986 2109 1075 2185 vulgo
1098 2109 1234 2185 seiungit.

426 2204 450 2250 et
472 2195 624 2251 diutissimis
652 2197 736 2250 autimi
755 2193 904 2270 siebodus)
938 2193 1094 2270 Sumptum
1128 2193 1183 2251 boc
1215 2213 1232 2251 e
1264 2193 1431 2252 codicibus

339 2279 512 2356 corrigendo
541 2279 716 2350 emendatis,
746 2281 770 2338 L
793 2291 823 2338 et
845 2281 909 2338 Pal.
934 2281 968 2351 2,
1002 2279 1053 2338 sed
1070 2281 1204 2355 proxime
1228 2280 1266 2336 ad
1287 2281 1430 2355 optimo-

339 2384 404 2422 rum
428 2372 457 2421 et
485 2365 674 2422 mediocrium
698 2365 892 2442 complurium
915 2367 1089 2442 scripturam
1109 2365 1288 2440 (prassinus)
1301 2367 1432 2424 accedit

341 2450 442 2524 (Lbini
464 2450 604 2520 omnium,
627 2451 703 2508 Pall.
730 2453 755 2522 l,
775 2453 804 2520 4,
823 2453 851 2522 6,
874 2451 1063 2509 Feretrium
1081 2451 1167 2522 Dan,
1180 2449 1302 2526 Ox.U);
1325 2454 1431 2510 ceteri

341 2536 430 2612 (Pell.
455 2537 488 2606 3,
513 2537 547 2605 5,
570 2536 687 2593 Davisii
709 2545 778 2608 trec,
802 2537 881 2596 Oxx.
904 2537 972 2604 duo,
996 2537 1064 2596 Gaii
1087 2536 1214 2613 aliquot)
1232 2539 1429 2612 processuris,

339 2640 355 2678 e
367 2640 426 2695 qno
438 2621 540 2678 Lamb.
549 2625 726 2695 pravissimis.
753 2623 871 2694 Fateor,
894 2625 993 2680 domm
1004 2622 1135 2680 dolorem
1152 2623 1230 2698 apud
1242 2621 1431 2681 Ciceronem

339 2706 410 2764 aiibi
432 2725 490 2763 non
514 2707 580 2778 dici,
603 2717 633 2764 et
654 2707 685 2764 in
707 2707 763 2764 boc
780 2708 964 2766 substantivo
980 2708 1138 2783 scriptores
1156 2709 1432 2785 prosaeorationis

339 2792 376 2850 iis
399 2792 497 2867 potins
520 2792 673 2850 adiectivis
696 2794 749 2864 uti,
780 2813 855 2868 quae
868 2795 905 2850 ab
927 2813 1016 2852 onere
1038 2804 1091 2850 aut
1112 2813 1130 2850 a
1151 2803 1232 2850 tactu
1254 2803 1305 2850 aut
1327 2809 1431 2870 gustu

339 2877 495 2953 imaginem
529 2878 698 2950 traducant,
732 2897 797 2936 cum
827 2879 883 2937 hoc
917 2880 1010 2956 magis
1042 2879 1081 2936 ad
1113 2880 1239 2955 rigorem
1267 2881 1429 2953 quendam

339 2971 461 3038 spectet,
484 2973 517 3020 ut
539 2964 625 3020 aliter
647 2967 717 3021 dicre
739 2967 858 3022 coridicio
879 2965 995 3022 dicatur
1017 2974 1047 3022 et
1068 2969 1189 3022 seruitus.
1234 2964 1292 3024 Sed
1316 2975 1431 3024 tamen

339 3048 495 3106 admodum
508 3049 757 3125 propinquabam
769 3059 851 3119 sunt3
875 3063 904 3107 et
915 3051 1095 3108 transierunt
1106 3051 1193 3108 finem
1205 3050 1286 3108 illum
1298 3059 1430 3126 poetae,

339 3134 409 3210 quin
443 3134 507 3210 ipse
539 3135 677 3210 antiquus
711 3155 780 3194 usus
813 3136 993 3208 cotidianus,
1027 3145 1059 3193 ut
1092 3137 1121 3192 in
1150 3139 1219 3194 duro
1246 3139 1305 3193 cino
1335 3139 1432 3214 apud

339 3220 491 3279 Catonem.

424 3316 463 3362 est
484 3305 651 3382 adhibendo)
674 3307 835 3364 Adhibenda
858 3317 896 3364 est
919 3305 1009 3365 Goer.
1027 3307 1069 3364 ait
1091 3307 1179 3364 scribi
1201 3306 1232 3364 in
1255 3305 1369 3364 Gaea
1399 3319 1431 3366 et

338 3391 423 3460 Bas,
446 3391 508 3448 Erl.
532 3403 562 3448 et·
584 3391 661 3468 Spir.
689 3392 824 3449 omittere
854 3402 906 3459 est,
940 3391 1017 3450 falso
1046 3393 1082 3449 de
1109 3393 1187 3462 nrt,
1221 3411 1274 3448 nec
1308 3393 1431 3456 unimus.

339 3477 454 3552 opinor,
477 3476 513 3534 de
537 3476 615 3553 Spir.
659 3478 779 3548 Eorum,
804 3478 854 3552 qui
876 3478 1292 3536 verboestbellumindictnm
1304 3477 1433 3538 habue-

338 3570 421 3632 runt,
444 3562 500 3618 hoc
522 3581 638 3638 quoque
661 3573 851 3639 praeceptum
874 3573 932 3634 est,
967 3564 1113 3622 aBeiero
1136 3561 1244 3622 adon.
1266 3563 1290 3634 1,
1316 3564 1360 3622 25
1383 3567 1433 3624 ita

338 3647 515 3722 expositum,
538 3649 622 3705 utin
646 3667 681 3706 ea
703 3649 833 3706 nennius
856 3649 965 3707 codicis
987 3649 1055 3726 (nec
1077 3669 1186 3726 genera
1206 3649 1232 3706 is
1249 3649 1432 3710 discernere

338 3735 368 3792 in
402 3733 510 3790 talibus
542 3735 630 3791 rebus
659 3734 787 3811 solebat)
819 3735 1024 3793 auctoritatem
1063 3747 1225 3793 ceterorum
1260 3739 1433 3797 consensui

338 3818 537 3896 praelatarum
562 3839 592 3877 sa
607 3821 787 3896 profiteatur,
811 3820 983 3880 aCicarone
995 3821 1050 3878 boc
1067 3822 1190 3878 verbnm
1207 3820 1302 3878 omitti
1321 3823 1432 3882 solere

339 3904 418 3981 apud
439 3905 610 3982 gerundivo.
659 3907 728 3964 Non
756 3907 866 3963 omittit
892 3906 949 3964 nisi
977 3907 1008 3963 in
1036 3907 1118 3964 brevi
1137 3907 1296 3973 sententia,
1331 3907 1433 3968 initio

339 3989 464 4067 periodi,
488 4009 553 4048 cum
575 3992 723 4050 rhetorica
745 3993 872 4067 quadam
895 3992 1049 4068 gravitate,

424 4077 582 4154 terroribus)
605 4079 708 4135 mortis
730 4089 760 4135 et
782 4078 912 4150 deorum,
936 4083 950 4148 ξ
975 4079 1025 4135 63.

425 4166 569 4219 temem'tote
591 4163 714 4240 dereptis)
734 4164 784 4223 Sic
807 4164 1035 4235 esuisLbinus,
1059 4162 1206 4222 Gruterus
1223 4163 1327 4233 tecite3
1348 4163 1432 4225 Gzii

340 4257 456 4324 praeter
478 4248 539 4305 Eri.
562 4259 592 4306 et
614 4249 692 4326 Spir.
715 4252 829 4326 direpto,
854 4250 1032 4307 utDav.El.
1049 4259 1182 4324 uterque,
1204 4249 1312 4320 Mean,
1328 4249 1432 4324 CCC,

339 4332 425 4402 Ball,
449 4334 496 4390 vel
524 4336 637 4391 direnito
665 4336 811 4412 (dimuptu
839 4335 903 4393 cod.
925 4335 1018 4410 Urs).
1061 4335 1196 4392 Insciens
1223 4345 1268 4392 est
1294 4337 1435 4411 deripere

339 4421 422 4477 nltbui
443 4423 609 4476 intinitatem
632 4439 686 4497 pro
709 4440 754 4489 ec,
777 4420 856 4496 quod
879 4430 924 4478 cst
946 4422 1099 4488 deirairere3
1123 4421 1218 4478 simile
1241 4431 1338 4478 temen
1365 4441 1432 4498 pro
