3000 5044
408 411 451 456 ar
475 409 554 457 usu.
577 409 640 456 nra.
663 409 697 456 w
719 409 792 457 cnr.
816 413 856 457 η.
1109 391 1172 457 523

99 581 203 658 baur,
225 580 381 644 lucernum
402 579 550 644 adhibere
573 578 646 644 nihil
662 579 794 644 interest
804 585 859 644 eut
868 578 1040 644 teruncium
1051 579 1172 644 adicere

98 682 211 748 Croesi
231 681 394 762 pecuniae
432 681 482 746 30.
510 681 623 762 quibus
649 687 753 746 eutem
779 680 811 745 in
839 681 931 745 rebus
953 687 1041 746 tante
1063 681 1172 746 obscu-

99 785 184 849 ratio
206 801 267 848 non
289 781 334 862 nt,
356 781 423 848 fieri
445 789 549 848 temen
571 789 683 866 potest,
705 789 741 847 ut
756 782 910 864 idipsum,
932 784 1015 866 quod
1032 783 1171 862 interest,

98 905 164 951 non
187 887 229 953 sit
249 903 403 967 magnum
447 885 492 951 Ut
513 885 550 964 ei,
573 885 627 967 otri
648 884 781 950 iucunde
803 883 915 949 ruerit
935 902 1034 950 annos
1056 886 1171 964 decem,

97 989 251 1071 sineque
277 989 341 1053 vite
367 987 502 1052 iucunde
522 995 682 1052 menstrua
704 987 852 1064 addatur,
885 986 958 1068 quia
984 989 1211 1056 momentano

96 1091 227 1172 aliquod
248 1089 361 1155 habeat
382 1091 422 1154 ad
444 1090 611 1155 iucundum
634 1089 779 1168 accessio,
802 1090 916 1154 bonum
937 1088 992 1168 sit;
1020 1089 1047 1154 si
1069 1097 1173 1154 eutem

172 1297 194 1344 1.
212 1294 277 1344 asu
320 1294 436 1344 numinum
456 1295 512 1359 (pro
529 1294 704 1349 terunciumlL
752 1293 881 1345 adderec
917 1299 940 1342 2.
958 1293 1090 1344 οὸισιιναῑίο
1104 1302 1173 1343 tauta

96 1362 190 1414 LPCR
226 1367 250 1412 3.
270 1379 315 1412 aaa
334 1363 478 1423 salamnus,
498 1364 542 1416 Or.
579 1371 601 1412 t.
619 1381 665 1413 nou
674 1362 748 1426 fiac
785 1367 805 1412 6.
826 1363 860 1413 acl
878 1361 1002 1414 amusium
1016 1362 1172 1413 accessionem

96 1431 196 1480 Eml’u
213 1431 248 1480 ad
265 1431 390 1480 iucundam
408 1433 564 1482 accessionem
586 1430 689 1500 [Eh]LO
723 1430 761 1480 sio
779 1431 821 1483 Or.

188 1639 237 1698 30.
260 1649 335 1696 tauta
356 1641 506 1697 obscuratio
532 1659 583 1696 uass
601 1636 651 1721 fit)
685 1639 872 1699 Contrarium
900 1641 955 1698 hoc
982 1648 1028 1696 eet
1055 1639 1113 1696 illi:
1146 1641 1172 1695 e'u

95 1725 198 1800 quibus
220 1759 262 1768 -
283 1726 432 1782 obscuratio
453 1728 637 1799 coaequatum
660 1735 690 1782 et
711 1726 737 1783 si
758 1744 817 1782 non
840 1733 926 1796 esset,
950 1724 1096 1782 tamenin
1113 1734 1172 1781 tam

94 1819 203 1886 aperte
229 1811 345 1886 generis
378 1811 547 1868 delinitione
575 1811 731 1868 coniuncta
759 1829 823 1868 oum
853 1811 985 1868 oratione
1012 1810 1174 1867 indicativa

95 1893 178 1973 (fieri
195 1895 295 1971 potest)
318 1896 523 1953 coniunctivae
546 1896 649 1954 modus
671 1895 742 1954 ferri
764 1896 846 1954 nullo
869 1897 955 1955 modo
978 1904 1086 1972 posset.
1109 1895 1173 1952 Nec

95 1992 145 2038 eet
166 1981 197 2038 in
220 1981 266 2038 his
288 1982 375 2038 rebus
397 1981 574 2050 obscuratio,
598 1982 659 2052 eed,
683 1991 714 2039 ut
726 1981 798 2054 dixi,
820 1983 937 2051 accidit,
960 1981 1173 2056 quotienscum
1279 2035 1284 2046 ,

79 2065 260 2124 -maioribus
293 2077 507 2142 comparantur.
556 2067 680 2126 Correxi
708 2068 811 2144 igitur,
840 2067 919 2142 quod
945 2067 1096 2136 edebatur,
1123 2072 1173 2134 sit3

95 2151 149 2230 [Jit
171 2169 251 2222 casu,
275 2163 307 2208 ut
323 2152 448 2222 videtur,
467 2153 512 2209 ed.
525 2149 629 2232 Crat}
650 2153 733 2210 Idem
745 2153 882 2210 mendum
894 2155 932 2224 V,
946 2153 985 2210 33
1008 2161 1038 2209 et
1060 2152 1121 2209 Eri.
1144 2161 1174 2207 et

95 2237 173 2295 alios
197 2237 353 2312 occupavit
375 2255 428 2294 nec
451 2247 548 2296 temen
566 2239 661 2296 locum
684 2239 786 2296 tenuit.
825 2239 912 2296 Tuutu
934 2239 1084 2296 obscuratio
1105 2232 1173 2317 (pro

95 2325 170 2380 odeo.
193 2318 283 2402 touta)
305 2321 399 2382 Gzius
422 2341 437 2380 e
460 2324 554 2381 tribue
576 2324 695 2399 optimis
718 2322 783 2402 [B]

191 2409 228 2466 tu
249 2412 274 2465 ei
295 2441 333 2452 -
357 2409 452 2466 donum
473 2412 520 2482 sit)
542 2409 815 2467 Animadvertenda
837 2417 883 2466 est
904 2417 1025 2484 propter
1046 2407 1174 2465 diffieili-

96 2513 165 2552 oree
189 2494 331 2568 quosdam
354 2494 434 2552 locos
458 2503 527 2552 note
549 2493 644 2552 torma
666 2496 808 2552 orationis
831 2495 859 2552 in
883 2495 1020 2570 exemplo
1037 2494 1173 2570 fingendo

96 2592 126 2636 et
151 2579 298 2655 particula
319 2590 348 2636 ut
369 2579 494 2637 relativa
516 2580 711 2656 adiungendo.
754 2581 819 2638 Noe
841 2581 919 2638 enirn
942 2579 1174 2638 demonstrative

95 2665 196 2722 iorma
218 2665 327 2722 utimur
349 2665 402 2742 (So
425 2667 518 2722 wurde
533 2668 749 2740 jl'trdsujeuiqeu
773 2663 854 2744 cet),
878 2683 954 2740 quae
976 2665 1174 2722 latetinclusa

97 2751 127 2808 in
153 2750 260 2808 Latino
283 2751 429 2808 vocabulo
451 2755 493 2822 (eo
515 2753 600 2816 modo,
624 2753 703 2826 quo);
726 2751 779 2809 cir.
792 2750 887 2823 ΟΜ,
902 2753 940 2809 97
954 2761 983 2808 et
1000 2752 1067 2807 144.
1095 2751 1173 2808 Nam

96 2837 168 2892 hinc
190 2835 321 2893 nescitur
343 2837 509 2912 propinqua
531 2837 606 2894 ratio
634 2837 697 2894 eius
719 2837 882 2913 particulae
904 2836 1073 2912 ponendae.
1108 2853 1172 2892 cunr

96 2939 158 2978 non
181 2921 348 2997 exemplum
376 2921 571 2998 adiungimus,
595 2922 646 2979 sed
669 2923 698 2979 in
721 2921 876 2980 refutando
893 2931 923 2978 et
933 2921 1173 2998 reprehendendo

96 3009 134 3070 ei,
160 3007 238 3081 quod
260 3007 511 3082 reprehendimus,
533 3007 659 3064 similem
682 3008 770 3065 aliam
793 3027 854 3065 rem
877 3025 998 3083 pravam
1021 3004 1085 3064 fore
1099 3006 1174 3062 vdici-

98 3111 180 3162 mus,
209 3091 260 3148 ubi
288 3093 332 3149 vie
360 3093 522 3168 particulae
546 3093 803 3167 circumloquendo
831 3093 873 3150 sic
896 3092 1039 3150 declarari
1062 3101 1173 3167 potest:

97 3179 202 3234 eodem
226 3178 312 3235 modo
334 3197 414 3254 ogas,
439 3179 463 3235 si
486 3179 540 3236 hoe
563 3178 610 3235 vol
633 3178 705 3236 illud
728 3177 829 3235 iacias.
879 3179 983 3252 Itaque
1006 3188 1035 3234 ut
1057 3177 1174 3234 videtur

98 3264 171 3339 poni
199 3282 252 3338 pro
280 3273 310 3320 ut
334 3267 361 3320 si
386 3264 504 3343 (eodem
532 3265 618 3321 modo
646 3283 680 3321 ec
703 3263 757 3342 ei),
780 3264 870 3338 fitque
893 3263 930 3320 ad
953 3271 1086 3320 nostrum
1108 3281 1173 3319 een·

98 3367 165 3406 eum
187 3348 365 3424 implicatior
388 3350 491 3418 oratio,
516 3350 593 3424 quod
606 3369 694 3425 eeope
716 3349 746 3406 in
770 3349 834 3425 ipsa
856 3349 908 3406 illa
924 3367 956 3406 re
968 3348 1104 3424 lingenda
1116 3347 1174 3404 alie

97 3434 257 3491 adhibetur
278 3435 421 3506 condicio,
444 3445 477 3493 ut
499 3435 644 3510 particule
666 3439 691 3492 si
712 3435 748 3492 ad
771 3453 836 3492 eam
849 3435 998 3510 pertinens
1010 3433 1173 3510 particulae

99 3531 126 3576 ut
149 3519 313 3576 subiciatur
344 3520 414 3593 (hec
446 3521 657 3578 sententiarum
687 3521 906 3592 coniunctione,
945 3520 971 3578 ei
999 3520 1050 3576 ille
1078 3519 1174 3576 decla·

99 3605 214 3663 ratione
247 3605 291 3662 uti
324 3605 459 3662 volumus
493 3615 523 3662 et
555 3607 598 3663 rei
635 3607 827 3682 explicandae
866 3624 955 3664 eausa
992 3605 1175 3681 ineleganter

99 3690 196 3766 loqui:
219 3690 322 3748 eodem
345 3690 431 3748 modo
454 3711 534 3768 agas,
558 3692 592 3762 ei,
615 3692 639 3750 si
668 3693 724 3749 hoc
751 3693 799 3749 uel
830 3693 903 3750 illud
930 3691 1084 3760 acciderit,
1118 3691 1175 3747 hoc

100 3777 147 3834 vel
181 3775 254 3832 illud
283 3773 402 3855 iacias).
452 3778 630 3836 Huiusmodi
664 3787 709 3835 eet
742 3779 837 3836 oratio
865 3779 895 3834 in
923 3778 1017 3835 Acad.
1047 3777 1088 3846 Π,
1119 3776 1174 3833 33:

104 3861 164 3930 Quo
186 3865 255 3918 endu
276 3865 364 3919 amula
385 3863 547 3920 isrdicoutur.
571 3865 683 3923 subluto.
708 3866 812 3939 reliquo
834 3883 862 3922 ee
884 3873 980 3938 ueqaru
1002 3865 1107 3920 tollere:
1136 3871 1173 3932 ut,

100 3949 125 4004 ei
145 3950 209 4022 quis
230 3967 309 4022 quem
331 3951 414 4005 oeulis
432 3952 590 4024 pulsauerit,
613 3951 687 4006 dicut
708 3969 748 4009 ea.
772 3969 842 4024 quas
863 3953 937 4006 cerui
942 3959 1060 4025 possent,
1084 3967 1134 4003 uon
1147 3966 1175 4004 ss

100 4035 124 4088 ei
143 4034 277 4092 &matese
298 4033 341 4111 (id
364 4043 422 4091 eet:
444 4035 508 4092 Ista
519 4035 643 4101 ratione,
667 4035 692 4092 si
709 4036 775 4110 quis
787 4069 828 4078 —
840 4034 1011 4112 privaverit,
1024 4033 1118 4110 possit
1131 4032 1175 4089 di-

102 4135 182 4187 cere;
204 4137 241 4176 ne
264 4119 330 4193 quie
352 4139 430 4194 quem
446 4120 602 4178 relativum
625 4129 709 4196 putet
731 4139 795 4178 esse
819 4131 848 4178 et
864 4121 906 4178 eie
919 4121 1018 4190 rerba,
1041 4118 1176 4196 neglecte

103 4221 203 4261 eorum
226 4204 313 4275 serie,
336 4205 466 4263 ordinet:
489 4218 518 4262 ut
540 4209 645 4281 aquus,
670 4226 747 4281 quem
772 4239 810 4250 -
830 4209 993 4282 privaverit,
1023 4209 1048 4263 el
1074 4223 1124 4260 nou
1147 4223 1176 4261 ee

102 4290 232 4347 ademisse
254 4325 295 4334 -
318 4289 415 4369 dicut),
438 4301 469 4348 et
490 4293 507 4349 I
529 4291 564 4348 de
588 4293 719 4350 Divinat.
744 4293 799 4349 86:
828 4293 873 4361 Ut,
897 4295 922 4349 ei
942 4301 1089 4366 maqrretem
1105 4293 1174 4366 lapi-

103 4375 161 4432 dera
188 4395 245 4433 esee
275 4377 380 4448 dicum,
414 4381 463 4452 qui
483 4379 592 4452 serrum
621 4381 660 4436 ud
682 4397 710 4436 se
731 4379 834 4436 alliciat
856 4388 880 4435 et
902 4379 1008 4437 trahat.
1038 4379 1173 4446 rationem,
