<?xml version="1.0" encoding="UTF-8"?>
<!DOCTYPE html PUBLIC "-//W3C//DTD XHTML 1.0 Transitional//EN"
    "http://www.w3.org/TR/xhtml1/DTD/xhtml1-transitional.dtd">
<html xmlns="http://www.w3.org/1999/xhtml" xml:lang="en" lang="en">
 <head>
  <title>
</title>
<meta http-equiv="Content-Type" content="text/html;charset=utf-8" />
  <meta name='ocr-system' content='tesseract 3.04.00' />
  <meta name='ocr-capabilities' content='ocr_page ocr_carea ocr_par ocr_line ocrx_word'/>
</head>
<body>
  <div class='ocr_page' id='page_1' title='image "./definibusbonoru04cicegoog_0063.png"; bbox 0 0 2928 5012; ppageno 0'>
   <div class='ocr_carea' id='block_1_1' title="bbox 502 433 1139 498">
    <p class='ocr_par' dir='ltr' id='par_1_1' title="bbox 502 433 1139 498">
     <span class='ocr_line' id='line_1_1' title="bbox 502 433 1139 498; baseline 0.003 -2"><span class='ocrx_word' id='word_1_1' title='bbox 502 449 698 496; x_wconf 76' lang='lat' dir='ltr'>ranarnmo.</span> <span class='ocrx_word' id='word_1_2' title='bbox 1082 433 1139 498; x_wconf 88' lang='lat' dir='ltr'>LV</span> 
     </span>
    </p>
   </div>
   <div class='ocr_carea' id='block_1_2' title="bbox 12 618 1195 4304">
    <p class='ocr_par' dir='ltr' id='par_1_2' title="bbox 12 618 1195 4304">
     <span class='ocr_line' id='line_1_2' title="bbox 86 618 1143 702; baseline 0.006 -22"><span class='ocrx_word' id='word_1_3' title='bbox 86 619 112 681; x_wconf 90' lang='lat' dir='ltr'>F.</span> <span class='ocrx_word' id='word_1_4' title='bbox 120 618 160 683; x_wconf 86' lang='lat' dir='ltr'>W.</span> <span class='ocrx_word' id='word_1_5' title='bbox 170 619 299 698; x_wconf 83' lang='lat' dir='ltr'>ottonis,</span> <span class='ocrx_word' id='word_1_6' title='bbox 322 619 375 702; x_wconf 91' lang='lat' dir='ltr'>qui</span> <span class='ocrx_word' id='word_1_7' title='bbox 398 628 470 700; x_wconf 91' lang='lat' dir='ltr'>post</span> <span class='ocrx_word' id='word_1_8' title='bbox 493 619 644 684; x_wconf 90' lang='lat' dir='ltr'>Orellium</span> <span class='ocrx_word' id='word_1_9' title='bbox 666 621 836 700; x_wconf 88' lang='lat' dir='ltr'>separatim</span> <span class='ocrx_word' id='word_1_10' title='bbox 847 621 906 685; x_wconf 87' lang='lat' dir='ltr'>bos</span> <span class='ocrx_word' id='word_1_11' title='bbox 926 620 1023 686; x_wconf 90' lang='lat' dir='ltr'>libros</span> <span class='ocrx_word' id='word_1_12' title='bbox 1034 621 1143 700; x_wconf 80' lang='lat' dir='ltr'>edidit</span> 
     </span>
     <span class='ocr_line' id='line_1_3' title="bbox 87 727 1141 808; baseline 0.006 -20"><span class='ocrx_word' id='word_1_13' title='bbox 87 745 162 807; x_wconf 86' lang='lat' dir='ltr'>opera</span> <span class='ocrx_word' id='word_1_14' title='bbox 180 727 243 792; x_wconf 85' lang='lat' dir='ltr'>fere</span> <span class='ocrx_word' id='word_1_15' title='bbox 262 727 295 791; x_wconf 91' lang='lat' dir='ltr'>in</span> <span class='ocrx_word' id='word_1_16' title='bbox 318 747 355 792; x_wconf 91' lang='lat' dir='ltr'>eo</span> <span class='ocrx_word' id='word_1_17' title='bbox 378 734 632 808; x_wconf 63' lang='lat' dir='ltr'>consumptaest,</span> <span class='ocrx_word' id='word_1_18' title='bbox 654 735 690 791; x_wconf 91' lang='lat' dir='ltr'>ut</span> <span class='ocrx_word' id='word_1_19' title='bbox 711 729 867 808; x_wconf 70' lang='lat' dir='ltr'><strong>excerptis</strong></span> <span class='ocrx_word' id='word_1_20' title='bbox 880 729 1044 794; x_wconf 89' lang='lat' dir='ltr'>Goerenzii</span> <span class='ocrx_word' id='word_1_21' title='bbox 1056 729 1141 794; x_wconf 90' lang='lat' dir='ltr'>notis</span> 
     </span>
     <span class='ocr_line' id='line_1_4' title="bbox 84 835 1140 918; baseline 0.006 -20"><span class='ocrx_word' id='word_1_22' title='bbox 84 835 190 899; x_wconf 77' lang='lat' dir='ltr'>adderet</span> <span class='ocrx_word' id='word_1_23' title='bbox 210 835 276 900; x_wconf 88' lang='lat' dir='ltr'>sine</span> <span class='ocrx_word' id='word_1_24' title='bbox 297 835 362 900; x_wconf 92' lang='lat' dir='ltr'>ullo</span> <span class='ocrx_word' id='word_1_25' title='bbox 384 836 506 900; x_wconf 90' lang='lat' dir='ltr'>delectu</span> <span class='ocrx_word' id='word_1_26' title='bbox 533 837 573 901; x_wconf 91' lang='lat' dir='ltr'>de</span> <span class='ocrx_word' id='word_1_27' title='bbox 594 836 689 900; x_wconf 92' lang='lat' dir='ltr'>rebus</span> <span class='ocrx_word' id='word_1_28' title='bbox 711 837 922 917; x_wconf 80' lang='lat' dir='ltr'>grammaticis</span> <span class='ocrx_word' id='word_1_29' title='bbox 950 845 1005 902; x_wconf 89' lang='lat' dir='ltr'>aut</span> <span class='ocrx_word' id='word_1_30' title='bbox 1025 857 1140 918; x_wconf 84' lang='lat' dir='ltr'>perva-</span> 
     </span>
     <span class='ocr_line' id='line_1_5' title="bbox 84 942 1139 1024; baseline 0.005 -19"><span class='ocrx_word' id='word_1_31' title='bbox 84 942 147 1022; x_wconf 76' lang='lat' dir='ltr'>gub&#39;s</span> <span class='ocrx_word' id='word_1_32' title='bbox 166 948 217 1006; x_wconf 89' lang='lat' dir='ltr'>aut</span> <span class='ocrx_word' id='word_1_33' title='bbox 237 962 338 1024; x_wconf 86' lang='lat' dir='ltr'><strong>nuper</strong></span> <span class='ocrx_word' id='word_1_34' title='bbox 360 943 486 1024; x_wconf 84' lang='lat' dir='ltr'>agitatis</span> <span class='ocrx_word' id='word_1_35' title='bbox 509 963 547 1009; x_wconf 81' lang='lat' dir='ltr'>ex</span> <span class='ocrx_word' id='word_1_36' title='bbox 559 944 756 1008; x_wconf 76' lang='lat' dir='ltr'>collectaneis</span> <span class='ocrx_word' id='word_1_37' title='bbox 768 945 981 1024; x_wconf 85' lang='lat' dir='ltr'>exemplorum</span> <span class='ocrx_word' id='word_1_38' title='bbox 998 947 1139 1010; x_wconf 89' lang='lat' dir='ltr'>etnomi-</span> 
     </span>
     <span class='ocr_line' id='line_1_6' title="bbox 86 1051 1139 1133; baseline 0.007 -21"><span class='ocrx_word' id='word_1_39' title='bbox 86 1069 141 1112; x_wconf 87' lang='lat' dir='ltr'>num</span> <span class='ocrx_word' id='word_1_40' title='bbox 159 1051 275 1116; x_wconf 87' lang='lat' dir='ltr'>turbam</span> <span class='ocrx_word' id='word_1_41' title='bbox 297 1070 392 1132; x_wconf 85' lang='lat' dir='ltr'>saepe</span> <span class='ocrx_word' id='word_1_42' title='bbox 415 1069 484 1116; x_wconf 90' lang='lat' dir='ltr'>cum</span> <span class='ocrx_word' id='word_1_43' title='bbox 501 1051 900 1133; x_wconf 83' lang='lat' dir='ltr'>baudparvaconfusione.</span> <span class='ocrx_word' id='word_1_44' title='bbox 934 1051 1139 1119; x_wconf 87' lang='lat' dir='ltr'>Difficillimos</span> 
     </span>
     <span class='ocr_line' id='line_1_7' title="bbox 85 1156 1139 1242; baseline 0.006 -22"><span class='ocrx_word' id='word_1_45' title='bbox 85 1156 150 1222; x_wconf 85' lang='lat' dir='ltr'>locos</span> <span class='ocrx_word' id='word_1_46' title='bbox 168 1167 196 1223; x_wconf 89' lang='lat' dir='ltr'>et</span> <span class='ocrx_word' id='word_1_47' title='bbox 216 1179 260 1238; x_wconf 84' lang='lat' dir='ltr'>re,</span> <span class='ocrx_word' id='word_1_48' title='bbox 283 1159 447 1238; x_wconf 81' lang='lat' dir='ltr'>sententia,</span> <span class='ocrx_word' id='word_1_49' title='bbox 471 1159 611 1224; x_wconf 90' lang='lat' dir='ltr'>oratione</span> <span class='ocrx_word' id='word_1_50' title='bbox 623 1160 792 1241; x_wconf 86' lang='lat' dir='ltr'>impeditos</span> <span class='ocrx_word' id='word_1_51' title='bbox 814 1179 909 1240; x_wconf 82' lang='lat' dir='ltr'>saepe</span> <span class='ocrx_word' id='word_1_52' title='bbox 922 1161 1035 1226; x_wconf 85' lang='lat' dir='ltr'>tacitus</span> <span class='ocrx_word' id='word_1_53' title='bbox 1046 1181 1139 1242; x_wconf 91' lang='lat' dir='ltr'>prae-</span> 
     </span>
     <span class='ocr_line' id='line_1_8' title="bbox 84 1266 1139 1348; baseline 0.008 -21"><span class='ocrx_word' id='word_1_54' title='bbox 84 1267 156 1330; x_wconf 87' lang='lat' dir='ltr'>teriit</span> <span class='ocrx_word' id='word_1_55' title='bbox 168 1275 187 1342; x_wconf 87' lang='lat'>¹)</span> <span class='ocrx_word' id='word_1_56' title='bbox 227 1267 417 1333; x_wconf 87' lang='lat' dir='ltr'>Prudentior</span> <span class='ocrx_word' id='word_1_57' title='bbox 444 1266 505 1333; x_wconf 85' lang='lat' dir='ltr'>fuit</span> <span class='ocrx_word' id='word_1_58' title='bbox 526 1267 564 1331; x_wconf 83' lang='lat' dir='ltr'>G.</span> <span class='ocrx_word' id='word_1_59' title='bbox 584 1267 616 1332; x_wconf 84' lang='lat' dir='ltr'>O.</span> <span class='ocrx_word' id='word_1_60' title='bbox 640 1267 784 1348; x_wconf 81' lang='lat' dir='ltr'>Kernius,</span> <span class='ocrx_word' id='word_1_61' title='bbox 809 1269 897 1333; x_wconf 83' lang='lat' dir='ltr'>errius</span> <span class='ocrx_word' id='word_1_62' title='bbox 921 1267 1139 1335; x_wconf 84' lang='lat' dir='ltr'>Germanicam</span> 
     </span>
     <span class='ocr_line' id='line_1_9' title="bbox 83 1373 1137 1459; baseline 0.005 -22"><span class='ocrx_word' id='word_1_63' title='bbox 83 1373 173 1439; x_wconf 88' lang='lat' dir='ltr'>domm</span> <span class='ocrx_word' id='word_1_64' title='bbox 196 1375 345 1440; x_wconf 83' lang='lat' dir='ltr'>librorum</span> <span class='ocrx_word' id='word_1_65' title='bbox 378 1375 667 1456; x_wconf 83' lang='lat' dir='ltr'>interpretationem</span> <span class='ocrx_word' id='word_1_66' title='bbox 696 1376 923 1458; x_wconf 79' lang='lat' dir='ltr'>(Smttgardiae</span> <span class='ocrx_word' id='word_1_67' title='bbox 946 1377 1044 1459; x_wconf 88' lang='grc'>1836)</span> <span class='ocrx_word' id='word_1_68' title='bbox 1067 1395 1137 1442; x_wconf 90' lang='lat' dir='ltr'>cum</span> 
     </span>
     <span class='ocr_line' id='line_1_10' title="bbox 83 1482 1139 1566; baseline 0.002 -19"><span class='ocrx_word' id='word_1_69' title='bbox 83 1483 241 1563; x_wconf 62' lang='lat' dir='ltr'>rapacum</span> <span class='ocrx_word' id='word_1_70' title='bbox 263 1502 356 1564; x_wconf 89' lang='lat' dir='ltr'>quarn</span> <span class='ocrx_word' id='word_1_71' title='bbox 380 1482 508 1548; x_wconf 88' lang='lat' dir='ltr'>consilio</span> <span class='ocrx_word' id='word_1_72' title='bbox 530 1483 736 1565; x_wconf 88' lang='lat' dir='ltr'>inspexissem</span> <span class='ocrx_word' id='word_1_73' title='bbox 758 1484 976 1566; x_wconf 82' lang='lat' dir='ltr'>(nequeenim</span> <span class='ocrx_word' id='word_1_74' title='bbox 993 1503 1139 1566; x_wconf 86' lang='lat' dir='ltr'>magnam</span> 
     </span>
     <span class='ocr_line' id='line_1_11' title="bbox 81 1589 1138 1673; baseline 0.006 -21"><span class='ocrx_word' id='word_1_75' title='bbox 81 1591 301 1670; x_wconf 69' lang='lat' dir='ltr'>expectationem</span> <span class='ocrx_word' id='word_1_76' title='bbox 312 1589 544 1672; x_wconf 70' lang='lat' dir='ltr'>(inmolatam),</span> <span class='ocrx_word' id='word_1_77' title='bbox 567 1592 694 1672; x_wconf 89' lang='lat' dir='ltr'>repperi</span> <span class='ocrx_word' id='word_1_78' title='bbox 706 1591 825 1673; x_wconf 90' lang='lat' dir='ltr'>aliquot</span> <span class='ocrx_word' id='word_1_79' title='bbox 840 1592 916 1657; x_wconf 91' lang='lat' dir='ltr'>locis</span> <span class='ocrx_word' id='word_1_80' title='bbox 928 1592 1042 1658; x_wconf 89' lang='lat' dir='ltr'>vitatos</span> <span class='ocrx_word' id='word_1_81' title='bbox 1055 1593 1138 1658; x_wconf 86' lang='lat' dir='ltr'>Goe-</span> 
     </span>
     <span class='ocr_line' id='line_1_12' title="bbox 83 1699 1137 1785; baseline 0.004 -25"><span class='ocrx_word' id='word_1_82' title='bbox 83 1699 157 1762; x_wconf 82' lang='lat' dir='ltr'>renrii</span> <span class='ocrx_word' id='word_1_83' title='bbox 171 1719 300 1778; x_wconf 83' lang='lat' dir='ltr'>errores,</span> <span class='ocrx_word' id='word_1_84' title='bbox 323 1699 377 1781; x_wconf 89' lang='lat' dir='ltr'>qui</span> <span class='ocrx_word' id='word_1_85' title='bbox 399 1707 519 1764; x_wconf 86' lang='lat' dir='ltr'>ceteros</span> <span class='ocrx_word' id='word_1_86' title='bbox 542 1700 865 1781; x_wconf 68' lang='lat' dir='ltr'>omnesdecepissent,</span> <span class='ocrx_word' id='word_1_87' title='bbox 889 1707 920 1765; x_wconf 90' lang='lat' dir='ltr'>et</span> <span class='ocrx_word' id='word_1_88' title='bbox 942 1719 1049 1785; x_wconf 76' lang='lat' dir='ltr'>veram</span> <span class='ocrx_word' id='word_1_89' title='bbox 1066 1719 1137 1765; x_wconf 88' lang='lat' dir='ltr'>sen-</span> 
     </span>
     <span class='ocr_line' id='line_1_13' title="bbox 82 1807 1137 1889; baseline 0.006 -22"><span class='ocrx_word' id='word_1_90' title='bbox 82 1807 186 1871; x_wconf 84' lang='lat' dir='ltr'>tentiam</span> <span class='ocrx_word' id='word_1_91' title='bbox 207 1815 413 1889; x_wconf 89' lang='lat' dir='ltr'>perspectam.</span> <span class='ocrx_word' id='word_1_92' title='bbox 462 1807 511 1872; x_wconf 89' lang='lat' dir='ltr'>De</span> <span class='ocrx_word' id='word_1_93' title='bbox 538 1807 734 1887; x_wconf 87' lang='lat' dir='ltr'>superiorum</span> <span class='ocrx_word' id='word_1_94' title='bbox 762 1819 937 1889; x_wconf 87' lang='lat' dir='ltr'>temporum</span> <span class='ocrx_word' id='word_1_95' title='bbox 964 1808 1137 1873; x_wconf 86' lang='lat' dir='ltr'>editoribus</span> 
     </span>
     <span class='ocr_line' id='line_1_14' title="bbox 82 1913 1138 1999; baseline 0.007 -25"><span class='ocrx_word' id='word_1_96' title='bbox 82 1913 234 1994; x_wconf 78' lang='lat' dir='ltr'>singulatim</span> <span class='ocrx_word' id='word_1_97' title='bbox 257 1915 318 1980; x_wconf 91' lang='lat' dir='ltr'>dici</span> <span class='ocrx_word' id='word_1_98' title='bbox 340 1933 420 1996; x_wconf 88' lang='lat' dir='ltr'>opus</span> <span class='ocrx_word' id='word_1_99' title='bbox 437 1933 500 1980; x_wconf 92' lang='lat' dir='ltr'>non</span> <span class='ocrx_word' id='word_1_100' title='bbox 522 1923 579 1992; x_wconf 78' lang='lat' dir='ltr'>est</span> <span class='ocrx_word' id='word_1_101' title='bbox 603 1915 745 1996; x_wconf 90' lang='lat' dir='ltr'>equibus</span> <span class='ocrx_word' id='word_1_102' title='bbox 756 1915 909 1999; x_wconf 79' lang='lat' dir='ltr'>Bramme,</span> <span class='ocrx_word' id='word_1_103' title='bbox 932 1916 1138 1998; x_wconf 85' lang='lat' dir='ltr'>quiproxime</span> 
     </span>
     <span class='ocr_line' id='line_1_15' title="bbox 81 2004 1137 2106; baseline 0.005 -23"><span class='ocrx_word' id='word_1_104' title='bbox 81 2031 138 2085; x_wconf 85' lang='lat' dir='ltr'>ante</span> <span class='ocrx_word' id='word_1_105' title='bbox 158 2033 291 2088; x_wconf 88' lang='lat' dir='ltr'>nostram</span> <span class='ocrx_word' id='word_1_106' title='bbox 314 2029 448 2088; x_wconf 88' lang='lat' dir='ltr'>aetatem</span> <span class='ocrx_word' id='word_1_107' title='bbox 477 2029 543 2088; x_wconf 89' lang='lat' dir='ltr'>tres</span> <span class='ocrx_word' id='word_1_108' title='bbox 570 2023 693 2105; x_wconf 89' lang='lat' dir='ltr'>priores</span> <span class='ocrx_word' id='word_1_109' title='bbox 723 2023 820 2088; x_wconf 91' lang='lat' dir='ltr'>libros</span> <span class='ocrx_word' id='word_1_110' title='bbox 843 2004 941 2088; x_wconf 78' lang='lat' dir='ltr'>edidit</span> <span class='ocrx_word' id='word_1_111' title='bbox 963 2025 1004 2106; x_wconf 86' lang='lat' dir='ltr'>(a.</span> <span class='ocrx_word' id='word_1_112' title='bbox 1028 2025 1137 2105; x_wconf 78' lang='grc'>1798),</span> 
     </span>
     <span class='ocr_line' id='line_1_16' title="bbox 80 2126 1135 2213; baseline 0.007 -24"><span class='ocrx_word' id='word_1_113' title='bbox 80 2126 103 2190; x_wconf 88' lang='lat' dir='ltr'>io</span> <span class='ocrx_word' id='word_1_114' title='bbox 121 2129 199 2208; x_wconf 88' lang='lat' dir='ltr'>duos,</span> <span class='ocrx_word' id='word_1_115' title='bbox 221 2149 355 2213; x_wconf 89' lang='lat' dir='ltr'>quorum</span> <span class='ocrx_word' id='word_1_116' title='bbox 377 2129 472 2196; x_wconf 90' lang='lat' dir='ltr'>editio</span> <span class='ocrx_word' id='word_1_117' title='bbox 493 2131 644 2212; x_wconf 87' lang='lat' dir='ltr'>impedita</span> <span class='ocrx_word' id='word_1_118' title='bbox 665 2130 782 2211; x_wconf 80' lang='lat' dir='ltr'>fuerat,</span> <span class='ocrx_word' id='word_1_119' title='bbox 805 2149 887 2212; x_wconf 90' lang='lat' dir='ltr'>quae</span> <span class='ocrx_word' id='word_1_120' title='bbox 908 2137 1135 2198; x_wconf 89' lang='lat' dir='ltr'>commentatus</span> 
     </span>
     <span class='ocr_line' id='line_1_17' title="bbox 12 2239 1137 2319; baseline 0.002 -17"><span class='ocrx_word' id='word_1_121' title='bbox 12 2265 13 2302; x_wconf 75' lang='lat'>1</span> <span class='ocrx_word' id='word_1_122' title='bbox 80 2245 141 2313; x_wconf 74' lang='lat' dir='ltr'>aa,</span> <span class='ocrx_word' id='word_1_123' title='bbox 161 2256 225 2303; x_wconf 90' lang='lat' dir='ltr'>curn</span> <span class='ocrx_word' id='word_1_124' title='bbox 248 2239 422 2304; x_wconf 85' lang='lat' dir='ltr'>Goerenzio</span> <span class='ocrx_word' id='word_1_125' title='bbox 445 2240 695 2319; x_wconf 81' lang='lat' dir='ltr'>communicavit,</span> <span class='ocrx_word' id='word_1_126' title='bbox 728 2239 756 2304; x_wconf 86' lang='lat' dir='ltr'>si</span> <span class='ocrx_word' id='word_1_127' title='bbox 783 2239 928 2304; x_wconf 88' lang='lat' dir='ltr'>subsidiis</span> <span class='ocrx_word' id='word_1_128' title='bbox 956 2239 1137 2306; x_wconf 86' lang='lat' dir='ltr'>instructior</span> 
     </span>
     <span class='ocr_line' id='line_1_18' title="bbox 79 2347 1136 2429; baseline 0.006 -23"><span class='ocrx_word' id='word_1_129' title='bbox 79 2355 103 2406; x_wconf 84' lang='lat' dir='ltr'>et</span> <span class='ocrx_word' id='word_1_130' title='bbox 120 2347 208 2428; x_wconf 59' lang='lat' dir='ltr'>mapa</span> <span class='ocrx_word' id='word_1_131' title='bbox 229 2347 417 2413; x_wconf 84' lang='lat' dir='ltr'>exercitatus</span> <span class='ocrx_word' id='word_1_132' title='bbox 437 2348 478 2412; x_wconf 87' lang='lat' dir='ltr'>ad</span> <span class='ocrx_word' id='word_1_133' title='bbox 500 2366 555 2412; x_wconf 89' lang='lat' dir='ltr'>eos</span> <span class='ocrx_word' id='word_1_134' title='bbox 577 2347 771 2427; x_wconf 76' lang='lat' dir='ltr'>accessisset</span> <span class='ocrx_word' id='word_1_135' title='bbox 793 2353 825 2412; x_wconf 91' lang='lat' dir='ltr'>et</span> <span class='ocrx_word' id='word_1_136' title='bbox 841 2348 867 2412; x_wconf 89' lang='lat' dir='ltr'>si</span> <span class='ocrx_word' id='word_1_137' title='bbox 884 2353 1004 2412; x_wconf 79' lang='lat' dir='ltr'>tantun</span> <span class='ocrx_word' id='word_1_138' title='bbox 1020 2347 1136 2429; x_wconf 87' lang='lat' dir='ltr'>ingenii</span> 
     </span>
     <span class='ocr_line' id='line_1_19' title="bbox 79 2453 1136 2537; baseline 0.006 -23"><span class='ocrx_word' id='word_1_139' title='bbox 79 2453 198 2519; x_wconf 76' lang='lat' dir='ltr'>momine</span> <span class='ocrx_word' id='word_1_140' title='bbox 217 2455 377 2534; x_wconf 73' lang='lat' dir='ltr'>valuisset</span> <span class='ocrx_word' id='word_1_141' title='bbox 399 2459 550 2536; x_wconf 88' lang='lat' dir='ltr'>quantum</span> <span class='ocrx_word' id='word_1_142' title='bbox 578 2463 663 2520; x_wconf 90' lang='lat' dir='ltr'>recto</span> <span class='ocrx_word' id='word_1_143' title='bbox 691 2455 825 2537; x_wconf 91' lang='lat' dir='ltr'>quodam</span> <span class='ocrx_word' id='word_1_144' title='bbox 849 2473 942 2520; x_wconf 89' lang='lat' dir='ltr'>sensu</span> <span class='ocrx_word' id='word_1_145' title='bbox 964 2456 1136 2522; x_wconf 77' lang='lat' dir='ltr'>adrerum</span> 
     </span>
     <span class='ocr_line' id='line_1_20' title="bbox 77 2561 1135 2645; baseline 0.004 -21"><span class='ocrx_word' id='word_1_146' title='bbox 77 2561 244 2641; x_wconf 80' lang='lat' dir='ltr'>trahebatur,</span> <span class='ocrx_word' id='word_1_147' title='bbox 267 2561 588 2643; x_wconf 84' lang='lat' dir='ltr'>mrdtumprofirisset.</span> <span class='ocrx_word' id='word_1_148' title='bbox 623 2563 695 2644; x_wconf 89' lang='lat' dir='ltr'>[Th.</span> <span class='ocrx_word' id='word_1_149' title='bbox 708 2563 876 2643; x_wconf 85' lang='lat' dir='ltr'>Bentleius‚</span> <span class='ocrx_word' id='word_1_150' title='bbox 900 2563 953 2645; x_wconf 91' lang='lat' dir='ltr'>qui</span> <span class='ocrx_word' id='word_1_151' title='bbox 970 2563 1028 2627; x_wconf 89' lang='lat' dir='ltr'>hos</span> <span class='ocrx_word' id='word_1_152' title='bbox 1039 2563 1135 2628; x_wconf 89' lang='lat' dir='ltr'>libros</span> 
     </span>
     <span class='ocr_line' id='line_1_21' title="bbox 12 2669 1134 2752; baseline 0.007 -25"><span class='ocrx_word' id='word_1_153' title='bbox 12 2687 13 2690; x_wconf 42' lang='lat'>¹</span> <span class='ocrx_word' id='word_1_154' title='bbox 78 2669 144 2733; x_wconf 83' lang='lat' dir='ltr'>lilt&#39;t</span> <span class='ocrx_word' id='word_1_155' title='bbox 163 2671 265 2749; x_wconf 75' lang='lat' dir='ltr'>edidit</span> <span class='ocrx_word' id='word_1_156' title='bbox 289 2671 444 2752; x_wconf 88' lang='lat' dir='ltr'>quaedam</span> <span class='ocrx_word' id='word_1_157' title='bbox 466 2679 551 2736; x_wconf 90' lang='lat' dir='ltr'>recte</span> <span class='ocrx_word' id='word_1_158' title='bbox 573 2671 764 2748; x_wconf 89' lang='lat' dir='ltr'>emendavit,</span> <span class='ocrx_word' id='word_1_159' title='bbox 798 2670 951 2736; x_wconf 89' lang='lat' dir='ltr'>rationem</span> <span class='ocrx_word' id='word_1_160' title='bbox 978 2670 1044 2736; x_wconf 88' lang='lat' dir='ltr'>fere</span> <span class='ocrx_word' id='word_1_161' title='bbox 1072 2689 1134 2735; x_wconf 91' lang='lat' dir='ltr'>non</span> 
     </span>
     <span class='ocr_line' id='line_1_22' title="bbox 76 2777 1134 2858; baseline 0.007 -21"><span class='ocrx_word' id='word_1_162' title='bbox 76 2792 220 2858; x_wconf 76' lang='lat' dir='ltr'>exponens,</span> <span class='ocrx_word' id='word_1_163' title='bbox 241 2779 275 2843; x_wconf 92' lang='lat' dir='ltr'>in</span> <span class='ocrx_word' id='word_1_164' title='bbox 298 2777 368 2842; x_wconf 89' lang='lat' dir='ltr'>aliis</span> <span class='ocrx_word' id='word_1_165' title='bbox 380 2779 490 2843; x_wconf 88' lang='lat' dir='ltr'>saltem</span> <span class='ocrx_word' id='word_1_166' title='bbox 502 2785 586 2843; x_wconf 87' lang='lat' dir='ltr'>recte</span> <span class='ocrx_word' id='word_1_167' title='bbox 598 2779 758 2858; x_wconf 76' lang='lat' dir='ltr'>dubitarit,</span> <span class='ocrx_word' id='word_1_168' title='bbox 781 2779 843 2844; x_wconf 87' lang='lat' dir='ltr'>aliu</span> <span class='ocrx_word' id='word_1_169' title='bbox 864 2778 977 2844; x_wconf 90' lang='lat' dir='ltr'>iniuria</span> <span class='ocrx_word' id='word_1_170' title='bbox 995 2777 1134 2845; x_wconf 78' lang='lat' dir='ltr'>tentavit</span> 
     </span>
     <span class='ocr_line' id='line_1_23' title="bbox 77 2880 1133 2968; baseline 0.008 -24"><span class='ocrx_word' id='word_1_171' title='bbox 77 2880 222 2965; x_wconf 74' lang='lat' dir='ltr'>leonilla,</span> <span class='ocrx_word' id='word_1_172' title='bbox 244 2905 326 2968; x_wconf 89' lang='lat' dir='ltr'>quae</span> <span class='ocrx_word' id='word_1_173' title='bbox 347 2885 480 2952; x_wconf 88' lang='lat' dir='ltr'>Bentleii</span> <span class='ocrx_word' id='word_1_174' title='bbox 502 2891 583 2966; x_wconf 72' lang='lat' dir='ltr'>sunt,</span> <span class='ocrx_word' id='word_1_175' title='bbox 605 2886 733 2951; x_wconf 87' lang='lat' dir='ltr'>Davisio</span> <span class='ocrx_word' id='word_1_176' title='bbox 760 2886 931 2967; x_wconf 82' lang='lat' dir='ltr'>pastellos</span> <span class='ocrx_word' id='word_1_177' title='bbox 954 2887 1133 2952; x_wconf 86' lang='lat' dir='ltr'>tribueram</span> 
     </span>
     <span class='ocr_line' id='line_1_24' title="bbox 77 2987 993 3077; baseline 0.008 -26"><span class='ocrx_word' id='word_1_178' title='bbox 77 2987 174 3057; x_wconf 79' lang='lat' dir='ltr'>Perdi</span> <span class='ocrx_word' id='word_1_179' title='bbox 194 2993 321 3059; x_wconf 85' lang='lat' dir='ltr'>notulae</span> <span class='ocrx_word' id='word_1_180' title='bbox 341 2993 462 3075; x_wconf 85' lang='lat' dir='ltr'>aliquot</span> <span class='ocrx_word' id='word_1_181' title='bbox 483 2996 569 3076; x_wconf 92' lang='lat' dir='ltr'>apud</span> <span class='ocrx_word' id='word_1_182' title='bbox 591 2995 747 3059; x_wconf 83' lang='lat' dir='ltr'>Olivetum</span> <span class='ocrx_word' id='word_1_183' title='bbox 768 2993 993 3077; x_wconf 74' lang='lat' dir='ltr'>reperiuntur]</span> 
     </span>
     <span class='ocr_line' id='line_1_25' title="bbox 144 3099 1133 3184; baseline 0.003 -19"><span class='ocrx_word' id='word_1_184' title='bbox 144 3101 336 3182; x_wconf 85' lang='lat' dir='ltr'>Imposuerat</span> <span class='ocrx_word' id='word_1_185' title='bbox 357 3101 433 3165; x_wconf 93' lang='lat' dir='ltr'>mihi</span> <span class='ocrx_word' id='word_1_186' title='bbox 455 3099 582 3168; x_wconf 89' lang='lat' dir='ltr'>fortuna</span> <span class='ocrx_word' id='word_1_187' title='bbox 603 3120 748 3184; x_wconf 85' lang='lat' dir='ltr'>magnam</span> <span class='ocrx_word' id='word_1_188' title='bbox 776 3101 809 3166; x_wconf 91' lang='lat' dir='ltr'>in</span> <span class='ocrx_word' id='word_1_189' title='bbox 836 3102 895 3166; x_wconf 91' lang='lat' dir='ltr'>boc</span> <span class='ocrx_word' id='word_1_190' title='bbox 916 3101 995 3167; x_wconf 92' lang='lat' dir='ltr'>libro</span> <span class='ocrx_word' id='word_1_191' title='bbox 1024 3121 1133 3183; x_wconf 91' lang='lat' dir='ltr'>repre-</span> 
     </span>
     <span class='ocr_line' id='line_1_26' title="bbox 77 3201 1134 3292; baseline 0.009 -27"><span class='ocrx_word' id='word_1_192' title='bbox 77 3201 208 3272; x_wconf 84' lang='lat' dir='ltr'>hendendi</span> <span class='ocrx_word' id='word_1_193' title='bbox 228 3208 460 3288; x_wconf 67' lang='lat' dir='ltr'>necessitatem</span> <span class='ocrx_word' id='word_1_194' title='bbox 484 3209 570 3274; x_wconf 91' lang='lat' dir='ltr'>dedit</span> <span class='ocrx_word' id='word_1_195' title='bbox 592 3210 710 3288; x_wconf 85' lang='lat' dir='ltr'>eadem,</span> <span class='ocrx_word' id='word_1_196' title='bbox 732 3211 818 3291; x_wconf 92' lang='lat' dir='ltr'>quod</span> <span class='ocrx_word' id='word_1_197' title='bbox 840 3216 872 3274; x_wconf 89' lang='lat' dir='ltr'>et</span> <span class='ocrx_word' id='word_1_198' title='bbox 892 3211 924 3274; x_wconf 91' lang='lat' dir='ltr'>in</span> <span class='ocrx_word' id='word_1_199' title='bbox 946 3210 1016 3292; x_wconf 90' lang='lat' dir='ltr'>ipso</span> <span class='ocrx_word' id='word_1_200' title='bbox 1038 3228 1134 3292; x_wconf 89' lang='lat' dir='ltr'>opere</span> 
     </span>
     <span class='ocr_line' id='line_1_27' title="bbox 77 3315 1133 3400; baseline 0.006 -24"><span class='ocrx_word' id='word_1_201' title='bbox 77 3329 153 3394; x_wconf 86' lang='lat' dir='ltr'>saepe</span> <span class='ocrx_word' id='word_1_202' title='bbox 162 3316 238 3382; x_wconf 88' lang='lat' dir='ltr'>banc</span> <span class='ocrx_word' id='word_1_203' title='bbox 249 3315 422 3382; x_wconf 89' lang='lat' dir='ltr'>molestiam</span> <span class='ocrx_word' id='word_1_204' title='bbox 434 3335 548 3400; x_wconf 88' lang='lat' dir='ltr'>magna</span> <span class='ocrx_word' id='word_1_205' title='bbox 565 3318 718 3383; x_wconf 77' lang='lat' dir='ltr'>suavitate</span> <span class='ocrx_word' id='word_1_206' title='bbox 730 3317 842 3383; x_wconf 90' lang='lat' dir='ltr'>leniret</span> <span class='ocrx_word' id='word_1_207' title='bbox 864 3317 964 3382; x_wconf 91' lang='lat' dir='ltr'>etboc</span> <span class='ocrx_word' id='word_1_208' title='bbox 975 3318 1042 3383; x_wconf 87' lang='lat' dir='ltr'>loco</span> <span class='ocrx_word' id='word_1_209' title='bbox 1053 3318 1133 3382; x_wconf 91' lang='lat' dir='ltr'>banc</span> 
     </span>
     <span class='ocr_line' id='line_1_28' title="bbox 78 3418 1133 3507; baseline 0.007 -24"><span class='ocrx_word' id='word_1_210' title='bbox 78 3418 186 3488; x_wconf 80' lang='lat' dir='ltr'>adeum</span> <span class='ocrx_word' id='word_1_211' title='bbox 207 3425 529 3490; x_wconf 89' lang='lat' dir='ltr'>commemorationem</span> <span class='ocrx_word' id='word_1_212' title='bbox 551 3443 644 3491; x_wconf 86' lang='lat' dir='ltr'>verae</span> <span class='ocrx_word' id='word_1_213' title='bbox 665 3425 767 3490; x_wconf 88' lang='lat' dir='ltr'>laudis</span> <span class='ocrx_word' id='word_1_214' title='bbox 796 3425 1018 3490; x_wconf 89' lang='lat' dir='ltr'>iucundissima</span> <span class='ocrx_word' id='word_1_215' title='bbox 1039 3444 1133 3507; x_wconf 91' lang='lat' dir='ltr'>prae-</span> 
     </span>
     <span class='ocr_line' id='line_1_29' title="bbox 77 3519 1195 3613; baseline 0.009 -25"><span class='ocrx_word' id='word_1_216' title='bbox 77 3525 206 3597; x_wconf 86' lang='lat' dir='ltr'>dicatione</span> <span class='ocrx_word' id='word_1_217' title='bbox 227 3532 434 3598; x_wconf 87' lang='lat' dir='ltr'>concluderet</span> <span class='ocrx_word' id='word_1_218' title='bbox 478 3532 526 3597; x_wconf 83' lang='lat' dir='ltr'>Ea</span> <span class='ocrx_word' id='word_1_219' title='bbox 547 3535 678 3598; x_wconf 90' lang='lat' dir='ltr'>debetur</span> <span class='ocrx_word' id='word_1_220' title='bbox 700 3551 821 3598; x_wconf 91' lang='lat' dir='ltr'>summo</span> <span class='ocrx_word' id='word_1_221' title='bbox 842 3533 911 3598; x_wconf 90' lang='lat' dir='ltr'>iure</span> <span class='ocrx_word' id='word_1_222' title='bbox 932 3533 1031 3598; x_wconf 91' lang='lat' dir='ltr'>amico</span> <span class='ocrx_word' id='word_1_223' title='bbox 1053 3551 1132 3613; x_wconf 91' lang='lat' dir='ltr'>meo,</span> <span class='ocrx_word' id='word_1_224' title='bbox 1183 3519 1195 3536; x_wconf 50' lang='lat'><em>³</em></span> 
     </span>
     <span class='ocr_line' id='line_1_30' title="bbox 77 3635 1132 3722; baseline 0.008 -24"><span class='ocrx_word' id='word_1_225' title='bbox 77 3635 167 3713; x_wconf 90' lang='lat' dir='ltr'>quise</span> <span class='ocrx_word' id='word_1_226' title='bbox 186 3639 342 3706; x_wconf 87' lang='lat' dir='ltr'>interdum</span> <span class='ocrx_word' id='word_1_227' title='bbox 364 3639 549 3721; x_wconf 86' lang='lat' dir='ltr'>discipulum</span> <span class='ocrx_word' id='word_1_228' title='bbox 572 3641 680 3706; x_wconf 88' lang='lat' dir='ltr'>baberi</span> <span class='ocrx_word' id='word_1_229' title='bbox 704 3642 778 3720; x_wconf 75' lang='lat' dir='ltr'>vult,</span> <span class='ocrx_word' id='word_1_230' title='bbox 801 3643 838 3706; x_wconf 88' lang='grc' dir='ltr'>Α.</span> <span class='ocrx_word' id='word_1_231' title='bbox 857 3640 887 3706; x_wconf 87' lang='lat' dir='ltr'>S.</span> <span class='ocrx_word' id='word_1_232' title='bbox 900 3640 1132 3722; x_wconf 86' lang='lat' dir='ltr'>Wesenbergio‚</span> 
     </span>
     <span class='ocr_line' id='line_1_31' title="bbox 76 3743 1132 3830; baseline 0.008 -26"><span class='ocrx_word' id='word_1_233' title='bbox 76 3743 180 3812; x_wconf 80' lang='lat' dir='ltr'>arbelae</span> <span class='ocrx_word' id='word_1_234' title='bbox 200 3747 405 3830; x_wconf 73' lang='lat' dir='ltr'>vibergensis</span> <span class='ocrx_word' id='word_1_235' title='bbox 427 3748 587 3830; x_wconf 85' lang='lat' dir='ltr'>magistro.</span> <span class='ocrx_word' id='word_1_236' title='bbox 617 3749 699 3814; x_wconf 91' lang='lat' dir='ltr'>Nam</span> <span class='ocrx_word' id='word_1_237' title='bbox 720 3748 747 3814; x_wconf 87' lang='lat' dir='ltr'>is</span> <span class='ocrx_word' id='word_1_238' title='bbox 770 3768 840 3814; x_wconf 90' lang='lat' dir='ltr'>cum</span> <span class='ocrx_word' id='word_1_239' title='bbox 862 3747 952 3828; x_wconf 80' lang='lat' dir='ltr'>forte,</span> <span class='ocrx_word' id='word_1_240' title='bbox 975 3767 1036 3829; x_wconf 92' lang='lat' dir='ltr'>quo</span> <span class='ocrx_word' id='word_1_241' title='bbox 1053 3753 1132 3812; x_wconf 91' lang='lat' dir='ltr'>tem-</span> 
     </span>
     <span class='ocr_line' id='line_1_32' title="bbox 76 3855 1132 3938; baseline -0.005 -12"><span class='ocrx_word' id='word_1_242' title='bbox 76 3865 139 3926; x_wconf 67' lang='grc'>1011</span> <span class='ocrx_word' id='word_1_243' title='bbox 167 3855 238 3920; x_wconf 86' lang='lat' dir='ltr'>baec</span> <span class='ocrx_word' id='word_1_244' title='bbox 270 3857 365 3921; x_wconf 91' lang='lat' dir='ltr'>editio</span> <span class='ocrx_word' id='word_1_245' title='bbox 398 3857 595 3938; x_wconf 81' lang='lat' dir='ltr'>typographo</span> <span class='ocrx_word' id='word_1_246' title='bbox 630 3857 712 3922; x_wconf 89' lang='lat' dir='ltr'>tradi</span> <span class='ocrx_word' id='word_1_247' title='bbox 739 3865 851 3938; x_wconf 88' lang='lat' dir='ltr'>coepta</span> <span class='ocrx_word' id='word_1_248' title='bbox 879 3865 942 3938; x_wconf 84' lang='lat' dir='ltr'>est,</span> <span class='ocrx_word' id='word_1_249' title='bbox 976 3855 1132 3921; x_wconf 87' lang='lat' dir='ltr'>Hauniam</span> 
     </span>
     <span class='ocr_line' id='line_1_33' title="bbox 76 3959 1132 4047; baseline 0.003 -21"><span class='ocrx_word' id='word_1_250' title='bbox 76 3959 200 4043; x_wconf 70' lang='lat' dir='ltr'>termam,</span> <span class='ocrx_word' id='word_1_251' title='bbox 222 3973 412 4047; x_wconf 87' lang='lat' dir='ltr'>rogatusque</span> <span class='ocrx_word' id='word_1_252' title='bbox 434 3981 454 4029; x_wconf 90' lang='lat' dir='ltr'>a</span> <span class='ocrx_word' id='word_1_253' title='bbox 475 3983 525 4028; x_wconf 93' lang='lat' dir='ltr'>me</span> <span class='ocrx_word' id='word_1_254' title='bbox 546 3983 605 4046; x_wconf 90' lang='lat' dir='ltr'>pro</span> <span class='ocrx_word' id='word_1_255' title='bbox 628 3973 739 4030; x_wconf 88' lang='lat' dir='ltr'>nostra</span> <span class='ocrx_word' id='word_1_256' title='bbox 749 3963 960 4030; x_wconf 84' lang='lat' dir='ltr'>familiaritate</span> <span class='ocrx_word' id='word_1_257' title='bbox 972 3971 1065 4043; x_wconf 74' lang='lat' dir='ltr'>esset,</span> <span class='ocrx_word' id='word_1_258' title='bbox 1088 3971 1132 4046; x_wconf 81' lang='lat' dir='ltr'>ut,</span> 
     </span>
     <span class='ocr_line' id='line_1_34' title="bbox 12 4215 1132 4304; baseline 0.001 -15"><span class='ocrx_word' id='word_1_259' title='bbox 12 4215 13 4264; x_wconf 54' lang='lat' dir='ltr'>l</span> <span class='ocrx_word' id='word_1_260' title='bbox 102 4231 118 4289; x_wconf 90' lang='lat' dir='ltr'>¹l</span> <span class='ocrx_word' id='word_1_261' title='bbox 136 4219 284 4290; x_wconf 78' lang='lat' dir='ltr'>lldlerbecliil</span> <span class='ocrx_word' id='word_1_262' title='bbox 309 4241 450 4290; x_wconf 85' lang='lat' dir='ltr'>edltlonem</span> <span class='ocrx_word' id='word_1_263' title='bbox 470 4239 646 4300; x_wconf 74' lang='lat' dir='ltr'>(Hanrroverae</span> <span class='ocrx_word' id='word_1_264' title='bbox 664 4253 688 4290; x_wconf 86' lang='lat' dir='ltr'>a.</span> <span class='ocrx_word' id='word_1_265' title='bbox 703 4238 777 4294; x_wconf 77' lang='lat' dir='ltr'>raab</span> <span class='ocrx_word' id='word_1_266' title='bbox 801 4243 952 4304; x_wconf 82' lang='lat' dir='ltr'>inspicient,</span> <span class='ocrx_word' id='word_1_267' title='bbox 980 4243 1023 4303; x_wconf 91' lang='lat' dir='ltr'>qui</span> <span class='ocrx_word' id='word_1_268' title='bbox 1047 4240 1132 4303; x_wconf 82' lang='lat' dir='ltr'>legere</span> 
     </span>
    </p>
   </div>
   <div class='ocr_carea' id='block_1_3' title="bbox 12 4324 1134 4474">
    <p class='ocr_par' dir='ltr' id='par_1_3' title="bbox 12 4324 1134 4474">
     <span class='ocr_line' id='line_1_35' title="bbox 12 4324 1134 4392; baseline 0.006 -25"><span class='ocrx_word' id='word_1_269' title='bbox 12 4325 13 4352; x_wconf 59' lang='grc'>1</span> <span class='ocrx_word' id='word_1_270' title='bbox 134 4325 235 4385; x_wconf 85' lang='lat' dir='ltr'>replent,</span> <span class='ocrx_word' id='word_1_271' title='bbox 257 4325 405 4375; x_wconf 66' lang='lat' dir='ltr'>daedaliae</span> <span class='ocrx_word' id='word_1_272' title='bbox 426 4339 478 4392; x_wconf 77' lang='lat' dir='ltr'>raon</span> <span class='ocrx_word' id='word_1_273' title='bbox 499 4325 554 4374; x_wconf 76' lang='lat' dir='ltr'>eine</span> <span class='ocrx_word' id='word_1_274' title='bbox 575 4339 652 4374; x_wconf 75' lang='lat' dir='ltr'>causo</span> <span class='ocrx_word' id='word_1_275' title='bbox 675 4324 807 4374; x_wconf 69' lang='lat' dir='ltr'>nobilitata</span> <span class='ocrx_word' id='word_1_276' title='bbox 829 4325 914 4388; x_wconf 75' lang='lat' dir='ltr'>spatio</span> <span class='ocrx_word' id='word_1_277' title='bbox 937 4338 994 4375; x_wconf 84' lang='lat' dir='ltr'>esse</span> <span class='ocrx_word' id='word_1_278' title='bbox 1018 4339 1065 4374; x_wconf 85' lang='lat' dir='ltr'>con</span> <span class='ocrx_word' id='word_1_279' title='bbox 1088 4327 1134 4374; x_wconf 79' lang='lat' dir='ltr'>der</span> 
     </span>
     <span class='ocr_line' id='line_1_36' title="bbox 12 4409 860 4474; baseline 0.006 -19"><span class='ocrx_word' id='word_1_280' title='bbox 12 4463 13 4466; x_wconf 8' lang='grc' dir='ltr'><strong>Ἴ</strong></span> <span class='ocrx_word' id='word_1_281' title='bbox 133 4409 271 4459; x_wconf 75' lang='lat' dir='ltr'>mraebmen</span> <span class='ocrx_word' id='word_1_282' title='bbox 292 4410 353 4460; x_wconf 80' lang='lat' dir='ltr'>Welt</span> <span class='ocrx_word' id='word_1_283' title='bbox 370 4410 481 4460; x_wconf 68' lang='lat' dir='ltr'>baudus</span> <span class='ocrx_word' id='word_1_284' title='bbox 498 4409 695 4474; x_wconf 65' lang='lat' dir='ltr'>spampdoqa</span> <span class='ocrx_word' id='word_1_285' title='bbox 713 4417 739 4461; x_wconf 87' lang='lat' dir='ltr'>et</span> <span class='ocrx_word' id='word_1_286' title='bbox 756 4410 860 4460; x_wconf 81' lang='lat' dir='ltr'>similla.</span> 
     </span>
    </p>
   </div>
   <div class='ocr_carea' id='block_1_4' title="bbox 0 0 1468 5012">
    <p class='ocr_par' dir='ltr' id='par_1_4' title="bbox 0 0 1468 5012">
     <span class='ocr_line' id='line_1_37' title="bbox 0 0 1468 5012; baseline 0 3"><span class='ocrx_word' id='word_1_287' title='bbox 0 0 1468 5012; x_wconf 95' lang='lat' dir='ltr'> </span> 
     </span>
    </p>
   </div>
  </div>
 </body>
</html>
