2944 5040
465 376 639 425 nxcunsus
661 377 690 422 n.
1050 359 1111 425 799

63 649 90 708 ΙΙ.
120 645 471 726 DEMONSTRATUR,
511 645 766 713 DISSIDIUM
790 649 879 712 NON
912 649 1011 714 ESSE
1042 649 1112 712 LA-

124 765 254 830 TINAM
290 767 446 846 VOOEM,
481 767 730 846 SEMPERQUE
763 767 1033 833 SCRIBENDUM
1074 783 1079 794 ‘

429 884 692 952 DISCIDIUM.
706 891 733 966 ¹)

399 1075 446 1121 AD
475 1077 535 1122 [ΛΒ.
564 1077 575 1122 Ι
602 1077 630 1124 C.
657 1081 695 1132 13,
715 1081 755 1124 44,

129 1371 269 1428 Traditur
301 1389 378 1428 nunc
404 1372 442 1427 ab
471 1371 606 1428 omnibus
633 1381 843 1449 receptumque
875 1383 920 1430 est
949 1373 980 1429 in
1007 1373 1113 1444 lexica,

52 1456 122 1528 qnod
144 1455 214 1514 Obr.
238 1455 377 1514 Gifuuius
404 1458 434 1514 in
457 1456 644 1515 collectaneis
667 1458 704 1515 ad
732 1458 900 1516 Lucretium
922 1478 950 1514 v.
972 1461 1113 1515 discidium

52 1542 108 1598 etl.
120 1543 152 1598 F.
165 1541 336 1600 Gronovius
358 1543 396 1600 ad
418 1542 534 1600 Livium
558 1543 661 1614 XXV,
678 1545 755 1614 18‚5
780 1545 951 1615 docueruut,
974 1553 1041 1619 post
1063 1561 1113 1601 eos

49 1635 139 1684 sutem
162 1627 222 1698 alii,
246 1628 326 1684 velut
348 1627 607 1685 Drakenborchius
630 1629 666 1685 ad
689 1629 768 1686 Livii
789 1629 872 1686 illum
892 1629 998 1700 locum,
1021 1647 1115 1705 nuper

50 1712 130 1769 etiarn
154 1714 188 1770 R.
201 1714 337 1770 Klotzius
360 1714 397 1770 ad
419 1713 500 1770 Lael.
514 1713 564 1784 35,
588 1714 646 1771 duo
668 1715 851 1772 esseLutina
866 1715 1012 1772 vocabula
1033 1717 1114 1771 disci·

47 1798 113 1853 dum
137 1809 167 1856 et
190 1801 345 1868 dissidium,
380 1818 505 1874 quorum
532 1799 605 1856 illud
633 1803 841 1858 adudndmdi
867 1801 957 1858 verbo
985 1801 1113 1870 ductum,

47 1883 120 1955 ‹puod
142 1884 179 1941 de
201 1885 335 1962 graviora
358 1885 388 1941 vi
411 1894 534 1942 externa
555 1895 695 1961 ponatur,
719 1904 875 1962 corporum
898 1895 927 1942 et
949 1886 1032 1960 quasi
1050 1903 1113 1942 cor-

43 1987 144 2042 porum
169 1970 384 2046 separationem
407 1970 552 2046 significet
579 1981 615 2032 et.
630 1972 749 2029 omnino
771 1972 996 2042 diiunctionem,
1030 1971 1113 2028 velut

43 2053 191 2112 homiuum
214 2055 400 2112 matrimonio
422 2055 653 2127 coniunctorum,
676 2058 741 2128 hoc,
764 2075 782 2114 a
803 2059 972 2128 dissidendo,
1001 2057 1112 2113 animo·

40 2157 101 2196 rum
125 2141 272 2216 quendam
296 2141 468 2198 dissensum.
513 2141 610 2200 Huius
638 2151 734 2199 tamen
762 2143 940 2218 paucissimo
967 2142 1112 2218 exempla,

41 2243 55 2280 e
78 2225 232 2284 Ciceronis
255 2226 373 2302 scriptis
395 2227 495 2284 omnia
517 2237 642 2303 sumpta,
665 2229 702 2284 ab
725 2228 771 2299 iis,
795 2229 844 2302 qui
867 2237 1002 2284 accurate
1015 2228 1113 2302 dispu-

39 2321 107 2380 tant,
132 2311 333 2388 proferuntur.
361 2313 474 2370 Verum
497 2313 547 2388 qui
570 2313 650 2389 ipsos
672 2313 753 2371 locos
775 2313 930 2390 diligenter
947 2313 1113 2370 considera·

38 2397 123 2463 verit,
148 2397 175 2455 is
197 2397 323 2472 primum
340 2399 477 2474 reperiet,
500 2417 620 2474 prorsus
643 2400 764 2457 eandem
787 2400 890 2456 horum
913 2400 1044 2456 locorum
1066 2417 1113 2455 ra·

38 2481 147 2540 tionem
172 2502 236 2540 esse
258 2493 347 2558 atque
369 2483 487 2540 illorum
511 2484 602 2541 multo
625 2485 767 2560 plurium,
790 2485 821 2542 iu
844 2485 950 2559 quibus
972 2485 1114 2560 probatur

35 2579 150 2626 certum
175 2571 284 2626 discidii
305 2569 490 2639 vocabulum,
514 2578 546 2626 ut
568 2569 623 2626 hoe
646 2569 750 2646 optimi
772 2582 801 2626 et
823 2569 1020 2644 antiquissimi
1033 2569 1112 2626 codi-

35 2669 82 2710 ces
95 2654 237 2720 habeant,
261 2654 421 2712 deteriores
434 2665 463 2711 et
473 2655 651 2712 recentiores
663 2656 786 2712 alteram
797 2655 921 2712 formum
934 2653 1113 2733 (dissidium),

32 2737 61 2794 in
85 2759 181 2813 quam
193 2739 333 2797 facillime
345 2739 459 2797 librarii
470 2740 598 2797 litteram
610 2741 786 2816 geminando
803 2741 986 2810 incidebant3
1009 2740 1113 2797 deinde

31 2823 166 2896 videbit,
199 2825 421 2882 similitudinem
454 2825 578 2882 aliorum
605 2827 735 2883 locorum
766 2837 795 2884 et
824 2846 923 2883 eorum
946 2827 1113 2896 verborum,

28 2909 213 2982 quibuscum
236 2911 292 2967 lroc
314 2911 516 2987 coniungatur.
539 2921 673 2968 naturam
691 2911 850 2987 postulare,
872 2923 905 2968 ut
928 2911 974 2970 hic
997 2929 1113 2986 quoque

28 2997 182 3053 discidium
205 2996 358 3054 scribatur.
404 2997 559 3054 Postremo
581 2996 654 3053 illud
682 2998 770 3054 etiam
798 2998 827 3053 in
856 3006 981 3054 mentem
1004 2996 1112 3067 reniet,

25 3083 182 3138 discidium
205 3084 422 3152 adiscindcndo,
445 3092 478 3138 ut
500 3085 632 3139 escidium
653 3083 691 3138 sb
702 3085 873 3153 cccindcudo,
897 3082 1015 3139 ductum
1038 3100 1112 3152 asse,

24 3169 183 3224 dissidium
204 3168 363 3224 abhorrere
386 3186 404 3224 a
425 3171 539 3224 sessione
562 3178 592 3224 et
612 3187 736 3226 consessu
759 3169 939 3239 etobsidiouc,
962 3168 993 3224 id
1004 3177 1112 3238 autem,

24 3253 74 3308 cui
100 3253 204 3310 simile
226 3253 363 3310 videntur
384 3271 457 3323 csse,
481 3254 611 3310 obsidium
633 3273 692 3310 non
713 3255 783 3329 poni
795 3264 847 3310 aut
857 3255 894 3310 ab
906 3253 972 3310 aliis
984 3253 1113 3328 optimae

21 3339 143 3398 aetatis
170 3338 372 3414 scriptoribus,
396 3337 448 3413 qui
470 3339 515 3395 sui
538 3339 679 3414 temporis
701 3358 863 3397 sermonem
882 3348 1008 3410 servent,
1032 3347 1113 3396 suta

22 3423 193 3494 Cicerone,
217 3423 300 3480 cuius
323 3424 497 3481 auctoritate
519 3426 661 3481 dissidium
684 3425 759 3482 tueri
781 3433 933 3496 conantur,
957 3425 1022 3496 sed,
1046 3443 1112 3481 cnm

18 3521 95 3584 post
116 3519 257 3567 vetustos
280 3516 383 3585 poetas
413 3517 442 3566 et
469 3510 619 3566 annalium
647 3511 805 3587 scriptores
834 3507 881 3588 (ut
908 3510 942 3569 C.
964 3509 1112 3586 Laelium)

18 3595 147 3653 dictum
173 3603 251 3652 esset
272 3613 290 3650 a
308 3603 441 3652 veterum
463 3596 620 3652 verborum
644 3605 774 3653 amatore
787 3595 937 3668 Sallustio,
959 3596 1112 3653 reductum

13 3701 99 3750 esse,
129 3690 169 3738 ut
191 3680 250 3737 alia
273 3679 463 3752 Sallustiana,
486 3699 503 3736 a
525 3681 630 3738 Tacito
658 3682 696 3738 ad
723 3682 849 3758 speciem
871 3681 1026 3758 gravitatis
1048 3700 1112 3739 ora·

15 3767 100 3824 tioni
129 3785 174 3823 ex
196 3765 372 3839 antiquitate
395 3766 550 3823 verborum
575 3767 796 3824 conciliandam.
847 3766 999 3844 [Occurrit
1015 3777 1112 3824 tamen

5 3850 228 3929 praesidium]
271 3852 376 3926 Itaque
405 3870 469 3908 cum
498 3853 570 3908 haee
598 3853 696 3909 animo
723 3853 990 3929 comprehenderit,
1025 3851 1112 3909 facila

10 3939 190 4008 concedet,
212 3937 399 3994 librariorum
422 3956 522 3994 errore
544 3946 637 3996 totum
653 3939 727 3995 illud
739 3939 913 3996 vocobulum
931 3947 1027 3996 ortum
1038 3957 1112 3994 essa.

41 4215 62 4270 'j
92 4211 177 4258 Haec
196 4209 334 4273 disputatio
352 4225 445 4274 magna
464 4226 496 4258 ex
514 4219 586 4275 purte
597 4211 769 4274 Wesenbergii
783 4221 834 4270 est,
861 4213 903 4274 qui
922 4225 979 4260 eum
998 4219 1055 4260 ants
1073 4226 1112 4259 ma

90 4281 126 4327 in
154 4277 220 4327 hanc
240 4278 388 4328 sententium
408 4280 533 4328 adductus
552 4289 623 4339 esset,
643 4295 708 4345 qnae
726 4283 759 4328 sd
778 4281 1039 4332 eamcoullrmsndsm
1059 4281 1112 4329 col-

84 4349 209 4410 legerat,
227 4361 325 4396 mecnm
343 4348 545 4398 communicarit.
