3034 5030
342 393 405 458 380
730 413 774 457 uu
797 411 927 458 nmmus
949 412 1020 459 nou.

340 579 394 659 illi,
415 578 517 645 iacere
539 579 648 658 omnia,
670 597 751 662 quae
772 581 879 662 possit
901 586 936 645 ιιι
957 580 1120 664 oollineet]
1164 580 1252 661 Hruc,
1273 581 1306 646 in
1327 581 1418 646 eius-

341 681 425 747 modi
447 681 652 760 similitudiua
675 681 777 746 omnia
793 681 1015 761 sintfacieudu,
1037 683 1231 764 utoollineet,
1253 693 1286 748 et
1299 690 1419 762 minen,

342 789 378 848 ut
398 783 500 848 omnio
520 781 621 862 faciat,
643 801 705 865 quo
727 785 922 865 propositum
943 791 1143 867 assequatur,
1176 785 1217 850 sit
1243 784 1301 850 hoc
1321 785 1420 866 quasi

414 1008 433 1056 1.
452 1003 518 1054 uuo
539 1031 565 1040 -
586 1003 692 1054 corroso
709 1019 759 1056 om.
779 1004 824 1056 oe
863 1004 954 1056 aaa,
971 965 1122 1055 samium
1139 1005 1190 1055 eu
1230 1010 1252 1056 ι.
1272 1013 1294 1055 ιι
1310 1013 1358 1054 om
1376 1005 1422 1054 m·

343 1071 390 1136 (ruti
405 1079 426 1122 et
445 1073 478 1136 R)
497 1081 574 1122 tomen
592 1073 638 1121 Pa
672 1077 694 1122 θ.
713 1073 758 1122 aed
772 1072 816 1123 doc
835 1077 888 1139 (pro
905 1077 937 1123 art
954 1073 1006 1136 loc)
1025 1087 1111 1124 omues

342 1299 454 1354 dicimur
476 1297 602 1368 auditur,
625 1297 704 1372 quod
726 1298 922 1355 necessarium
939 1305 993 1370 est,
1016 1299 1136 1355 ultricum
1157 1294 1225 1356 cet?
1258 1299 1420 1356 Postremo

342 1383 490 1457 quomodo
513 1383 559 1440 hic
581 1383 761 1459 praecipitur
782 1383 830 1454 id,
857 1383 936 1457 quod
957 1392 1061 1458 postea
1082 1383 1198 1440 demum
1221 1382 1346 1441 infertur
1369 1389 1420 1454 (ut

342 1471 429 1525 munia
444 1470 543 1542 saciat
567 1488 620 1543 quo
637 1471 805 1544 propositum
826 1467 1020 1544 coaequarum?
1053 1468 1247 1544 Perspicuum
1266 1477 1324 1539 ast,
1351 1468 1419 1544 pri-

342 1571 421 1610 mum
443 1553 537 1629 ipsam
560 1553 807 1629 comparationem
830 1553 966 1611 universe
988 1554 1161 1631 significari,
1183 1553 1318 1611 similiter
1334 1571 1420 1611 surn-

342 1657 422 1695 mum
444 1639 552 1696 bouum
564 1639 631 1710 dici,
654 1657 689 1696 ac
711 1639 735 1696 si
759 1639 806 1696 oui
827 1639 1011 1715 propositum
1033 1639 1072 1696 sit
1093 1640 1229 1716 sagittam
1241 1639 1339 1713 aliquo
1352 1639 1419 1696 col·

341 1723 467 1794 lineare,
491 1733 561 1796 tum,
585 1724 654 1802 quid
677 1724 708 1781 in
730 1724 895 1781 huiusmodi
918 1724 1109 1782 similitudine
1135 1723 1300 1782 fumandum
1323 1725 1364 1781 sit
1385 1733 1420 1781 et

342 1809 413 1883 quid
434 1809 568 1868 ultimum
591 1810 737 1881 murrum,
771 1809 914 1886 explicari
937 1806 1024 1890 (Huic
1052 1814 1078 1866 in
1105 1812 1235 1867 ammom
1254 1820 1323 1880 cat,
1352 1808 1417 1866 vid.

342 1903 440 1952 annot
463 1893 570 1974 prom).
615 1895 693 1969 Quid
715 1895 784 1952 huic
811 1895 995 1952 similitudini
1017 1895 1048 1954 in
1070 1896 1213 1954 bonorum
1232 1895 1346 1952 ratione
1366 1913 1418 1952 re-

342 1980 498 2056 spondeat,
521 1980 702 2056 significatur
723 1980 795 2055 ipsis
817 1981 984 2038 nominibus
1005 1981 1044 2038 ad
1066 1981 1249 2057 sagittarium
1272 1980 1418 2037 traductis

342 2074 372 2122 et
393 2066 477 2123 brevi
498 2065 695 2124 admonitione
718 2065 812 2144 (quale
838 2085 886 2123 nos
913 2085 1044 2124 sommum
1069 2070 1097 2122 in
1118 2070 1173 2123 vilo
1200 2064 1279 2141 cet).
1322 2067 1418 2123 Recta

342 2150 432 2226 igitur
459 2149 553 2212 Gaius
574 2164 692 2210 secutus
714 2161 759 2210 est
780 2151 848 2209 Bas.
871 2159 901 2208 et
922 2150 1002 2210 Gnd.
1028 2154 1054 2223 1,
1076 2151 1107 2208 in
1129 2151 1236 2226 quibus
1258 2149 1418 2208 felicicor-

342 2235 471 2294 rectione
494 2236 581 2312 (nihil
609 2237 686 2294 enim
714 2236 795 2294 uliud
816 2236 876 2313 est)
898 2236 1040 2312 scriptum
1062 2245 1126 2294 erat
1151 2240 1190 2294 sio
1211 2255 1259 2293 nos
1280 2255 1334 2312 pro
1346 2239 1420 2293 sicea

342 2340 399 2378 ooo.
433 2321 491 2381 Sed
514 2322 619 2380 deinde
641 2321 842 2380 infelicissime
869 2321 958 2380 scribi
976 2322 1084 2380 voluit:
1106 2325 1141 2380 eit
1167 2325 1208 2380 ild
1226 2325 1321 2397 focem
1348 2331 1417 2394 oet,

344 2406 497 2481 quodvult
514 2425 592 2464 essa:
615 2409 749 2478 demidii,
772 2407 917 2465 sententia
939 2426 997 2465 non
1021 2408 1117 2466 minus
1139 2408 1213 2464 mira
1234 2404 1418 2488 (quaeenim

343 2491 391 2548 hic
413 2491 533 2550 licentia
554 2491 684 2570 agituri)
707 2511 794 2568 quam
817 2493 958 2550 oratione.
1002 2491 1131 2552 Omnino
1152 2493 1230 2550 intsr
1246 2493 1418 2550 universam

343 2576 424 2634 illam
446 2579 675 2654 comparationis
697 2578 940 2656 significationem
962 2578 1170 2650 athanassi,
1198 2595 1273 2653 quae
1296 2595 1418 2653 compn-

342 2673 434 2734 ratur,
457 2663 699 2722 declarationem:
720 2665 794 2722 Huic
816 2674 881 2734 cet,
904 2663 978 2720 nihil
1000 2663 1147 2740 interponi
1169 2671 1274 2738 potest.
1308 2663 1418 2738 Itaque

342 2747 415 2805 haec
437 2757 504 2807 octo
526 2751 631 2807 verba:
653 2753 691 2808 ric
712 2752 753 2806 illi
774 2781 815 2792 -
837 2759 866 2806 ut
887 2751 1012 2820 collucet,
1035 2766 1111 2823 quae
1133 2749 1215 2806 nullo
1237 2748 1324 2806 modo
1346 2765 1418 2806 cum

342 2833 464 2908 reliquis
486 2835 623 2911 coniungi
645 2843 783 2912 possunt,
806 2843 893 2910 puto,
922 2851 989 2892 cum
1011 2835 1152 2910 scriptum
1176 2833 1313 2892 mendoso
1335 2843 1418 2891 asset

342 2921 419 2990 ιηόιιι,
442 2937 497 2976 nec
517 2919 558 2992 id,
581 2939 640 2995 quo
662 2919 836 2990 referretur,
866 2921 1002 2990 haberet,
1025 2921 1063 2976 ab
1086 2921 1183 2978 aliena
1205 2937 1293 2976 manu
1313 2917 1419 2976 addita

343 3021 407 3062 esse
429 3005 467 3062 ed
489 3005 652 3063 orationem
675 3007 775 3080 aliquo
798 3005 884 3063 modo
906 3005 1092 3080 explendam.
1120 3005 1254 3062 Dalanda
1265 3023 1329 3062 asse
1340 3004 1419 3062 haec

341 3091 434 3147 verba
461 3090 549 3147 etiam
573 3091 699 3150 Ursinus
727 3101 756 3147 et
782 3091 962 3148 Matthieeus
983 3090 1169 3162 iudicabant,
1202 3099 1301 3147 cetera
1326 3090 1417 3166 longe

341 3175 436 3246 alitor,
460 3193 495 3232 ac
516 3193 580 3246 nos,
603 3177 828 3234 constituebant.
856 3173 1022 3253 (Hertelius
1044 3185 1175 3246 annotat,
1197 3175 1228 3233 in
1240 3175 1309 3232 edit
1321 3175 1417 3232 Men-si

341 3260 437 3318 omitti
460 3264 498 3318 sic
524 3263 565 3318 illi
585 3271 615 3319 et
636 3262 750 3335 reliqua
771 3279 864 3336 usque
886 3261 1065 3332 adcollrizest3
1088 3262 1113 3318 si
1136 3262 1174 3319 ed
1190 3261 1271 3337 prins
1287 3262 1417 3334 collimat,

340 3346 457 3418 eadem,
480 3363 541 3421 qua
561 3365 624 3417 nos,
647 3347 815 3404 coniectura
836 3365 906 3404 usus
928 3355 982 3418 ast,
1004 3365 1063 3404 non
1086 3347 1206 3404 meliore
1228 3341 1355 3424 codice.)

426 3433 498 3488 Huic
520 3434 546 3488 iu
569 3435 699 3490 comoedi
720 3465 760 3474 --
782 3432 911 3507 collimat)
935 3433 1119 3490 llaecverba
1141 3431 1350 3508 propter-idem
1362 3451 1418 3488 vo·

339 3517 476 3574 oabulum
505 3517 550 3574 bis
572 3518 701 3594 positum
725 3515 870 3598 (collinam)
901 3517 1073 3575 exciderunt
1100 3516 1188 3576 etiam
1211 3519 1241 3574 iu
1263 3515 1321 3576 Ox.
1344 3535 1363 3594 χ
1386 3525 1418 3575 et

340 3603 403 3660 cod.
428 3603 519 3672 Scol.;
553 3603 653 3660 addita
680 3604 805 3679 primum
834 3603 970 3660 videntur
996 3603 1028 3659 in
1050 3603 1095 3660 ed.
1116 3603 1192 3662 Van.
1219 3603 1308 3660 1480.
1353 3603 1417 3660 Pro

340 3691 480 3758 einnrwcli,
504 3689 583 3762 quod
605 3687 734 3748 Orellius
757 3689 816 3746 iam
838 3690 868 3745 in
891 3707 926 3745 ea
948 3688 992 3746 ed.
1017 3707 1081 3746 esse
1103 3689 1153 3760 ait
1177 3697 1280 3765 postea
1301 3687 1417 3746 editum

339 3784 385 3830 est
395 3777 459 3842 eius,
472 3775 564 3832 donec
575 3773 649 3832 illud
661 3775 812 3831 revocavit
822 3773 915 3833 Gzius
927 3793 943 3830 o
954 3774 1018 3831 Pal.
1035 3777 1061 3846 1,
1074 3768 1098 3844 ξ,
1116 3774 1194 3851 Spir.
1207 3772 1272 3852 Ui}
1285 3773 1366 3832 Gud.
1381 3777 1394 3830 l
1407 3793 1416 3844 ς

343 3859 406 3916 eod.
430 3857 472 3936 (?)
494 3860 562 3918 Urs.
586 3862 745 3930 dmoomodi,
774 3861 933 3936 sntisapte.
972 3861 1008 3917 Ut
1029 3869 1097 3917 ante
1119 3862 1235 3918 colicitat
1256 3858 1368 3916 excidit
1382 3860 1417 3916 in

338 3943 404 4002 Pal.
430 3948 455 4002 1.
478 3943 561 4022 [Non
584 3954 706 4002 annotat
727 3947 782 4004 hoc
794 3944 954 4023 Halmius]
986 3945 1064 4003 Miro
1085 3965 1184 4004 errore
1201 3943 1333 4003 nonnulli
1345 3963 1417 4022 pro·

338 4047 444 4087 nomen
458 4031 527 4101 isoio,
551 4031 628 4106 quod
645 4032 829 4107 apertissime
841 4032 878 4088 ad
890 4031 1073 4108 sagittarium
1095 4031 1231 4102 refertur,
1263 4030 1316 4105 qui
1337 4049 1417 4089 unus

338 4115 518 4190 significatus
540 4125 586 4174 est
606 4127 638 4173 et
658 4117 693 4174 de
716 4119 799 4174 cuius
820 4117 851 4173 in
874 4117 928 4173 hac
939 4117 1159 4193 comparatione
1175 4119 1241 4175 loco
1257 4125 1287 4174 et
1297 4117 1417 4174 actione

338 4217 416 4258 nunc
427 4201 600 4277 explicatur,
619 4203 654 4259 de
666 4221 701 4260 eo
712 4203 841 4280 positum
858 4211 1008 4278 putarunt,
1029 4195 1079 4277 riui
1091 4202 1275 4260 honestatem
1288 4211 1416 4278 peteret,

338 4286 419 4343 velut
441 4285 543 4359 Gelos,
567 4287 653 4360 Otto,
676 4299 748 4364 puto
770 4289 858 4346 etiam
881 4287 1020 4347 Orellius.

423 4381 447 4428 el
469 4383 555 4429 tamen
578 4405 620 4415 —
642 4378 677 4430 eit
699 4376 746 4432 doc
769 4377 850 4450 qumod
870 4372 1003 4450 altimum)
1027 4375 1069 4434 Ut
1085 4374 1148 4432 dixi
1158 4391 1257 4449 supra,
1279 4373 1322 4430 sic
1344 4373 1416 4430 ulsi-
