2998 5020
422 399 465 444 nn
489 395 569 444 man.
592 397 654 444 ms.
677 399 700 444 v
723 397 796 445 ese.
815 402 838 446 e.
1099 383 1160 448 647

92 583 186 646 quam
207 565 246 630 ob
268 583 392 630 causam
414 565 528 631 habeat
547 585 627 644 eum,
649 583 741 648 quem
763 567 904 646 diximus,
927 567 1020 632 animi
1041 569 1163 650 appeti-

92 678 167 746 tum,
189 673 374 750 coeptatque
395 673 427 732 et
448 686 494 747 ea,
516 685 597 748 quae
617 673 750 734 naturae
777 669 871 734 sentit
897 677 985 750 apta,
1013 677 1164 752 appetere

91 777 125 832 et
150 768 336 850 propulsare
369 769 533 834 contraria
577 769 661 852 Ergo
695 771 776 835 omni
808 771 931 836 animali
957 772 1047 851 illud,
1080 774 1163 854 quod

90 871 221 951 appetit,
242 871 378 952 positum
400 877 448 936 est
468 870 500 934 in
522 889 568 950 eo,
591 873 675 954 quod
691 879 823 938 natiuae
833 879 882 938 est
893 876 1162 940 accommodatum

90 971 142 1036 lta
162 971 233 1037 finis
254 971 405 1038 bonorum
428 973 544 1053 existit,
568 975 738 1039 secundum
759 983 903 1040 naturam
924 975 1028 1041 vivere
1049 977 1095 1041 sio
1116 975 1202 1046 anf-5

89 1073 218 1153 foetum,
240 1080 275 1138 ut
296 1075 412 1155 optime
433 1073 515 1140 affici
535 1075 637 1156 possit
663 1077 704 1140 nd
725 1083 931 1158 neumamque
952 1079 1164 1144 aooommoda·

89 1176 218 1240 tissime.
262 1177 312 1242 25.
336 1177 488 1254 Quoniam
509 1185 614 1242 autem
636 1195 694 1242 sua
715 1179 864 1260 cuiusque
875 1179 1040 1244 animantis
1051 1185 1164 1245 natura

88 1285 148 1356 est,
170 1296 297 1344 amasse
318 1285 374 1357 est,
396 1277 488 1344 finem
504 1297 628 1360 quoque
648 1280 784 1344 omnium
800 1281 882 1345 huno
897 1299 974 1360 esse,
995 1287 1032 1346 ut
1051 1289 1164 1347 namra

163 1485 184 1531 1.
202 1499 274 1546 prtem
290 1481 362 1534 ads
396 1482 464 1533 labet
483 1499 568 1534 omnes
613 1490 628 1532 2
658 1447 801 1551 [coeptatque
819 1483 869 1552 Eli]
889 1493 1030 1550 temptatque
1048 1486 1069 1537 G
1109 1503 1163 1536 vm

90 1554 279 1616 (pronatum)
298 1551 319 1601 (l
354 1561 414 1616 apto
422 1553 491 1602 sentit
509 1553 551 1618 (Ρ)
565 1562 624 1619 apta
642 1553 731 1604 om.C
768 1559 790 1602 5.
808 1553 948 1606 consblr'tc
984 1559 1007 1603 6.
1026 1553 1090 1618 qood
1106 1558 1163 1620 (pro

88 1615 343 1752 gtssijoge’pugpoe
351 1621 427 1684 finem
445 1621 543 1671 omnam
563 1623 605 1671 Ll'
623 1639 714 1686 qnoque
731 1621 832 1671 omnimo
841 1623 917 1686 finem
933 1623 956 1673 R
974 1623 1163 1686 omniomfiuem,

175 1888 205 1934 ut
226 1882 320 1954 optime
341 1881 417 1953 offici
433 1878 534 1955 possit)
568 1881 659 1936 Possit
687 1898 722 1936 eo
749 1879 837 1937 modo
864 1881 934 1956 poni
964 1881 995 1938 in
1017 1883 1163 1940 sententia

86 1963 235 2040 generali,
259 1983 344 2038 quem
367 1965 497 2022 breviter
519 1964 744 2022 commemoravi
767 1965 805 2022 ad
825 1965 851 2038 1,
870 1967 925 2038 67,
954 1967 1020 2026 dioo
1042 1977 1163 2044 propter

87 2049 269 2120 Ernestium,
294 2049 344 2124 qui
361 2053 453 2125 possis
475 2050 653 2124 requirebat,
676 2059 706 2106 et
728 2049 845 2109 Gaium.

177 2135 226 2191 25,
241 2136 326 2208 finon
342 2155 449 2210 quoque
464 2138 579 2192 omnium
596 2137 665 2193 bono
686 2155 743 2192 esse
765 2135 834 2212 oet)
869 2137 919 2195 sic
940 2145 1008 2212 post
1028 2137 1161 2196 Reizium

87 2219 185 2278 Gzins
196 2219 283 2276 etiam
297 2238 313 2276 e
325 2220 402 2296 Spir.
414 2219 485 2298 [B];
507 2220 717 2297 transpositum
729 2221 806 2278 enim
820 2232 883 2279 erat
894 2242 1007 2297 quoque,
1025 2231 1058 2281 ut
1074 2241 1162 2299 saepe

85 2305 161 2362 alibi
184 2305 256 2383 (rid.
279 2306 315 2362 ad
338 2303 483 2384 11,108);
506 2307 575 2364 Bas
597 2315 628 2363 et
649 2307 694 2364 ed.
717 2305 797 2365 Cret.
820 2326 924 2382 quoque
946 2312 1060 2366 omniurn
1069 2311 1161 2382 finem.

86 2391 196 2448 Totius
207 2389 293 2448 huius
309 2390 424 2467 periodi
440 2392 556 2448 initium
567 2390 708 2470 (quoniam
729 2412 791 2449 arto
812 2396 976 2468 cuiusque
998 2389 1068 2476 oet.)
1090 2395 1162 2452 satis

85 2484 191 2551 aperte
213 2485 326 2551 spectat
348 2477 386 2533 ed
407 2475 602 2534 differentiam
625 2477 736 2548 finium,
759 2497 834 2552 quae
856 2497 894 2535 ex
906 2479 1086 2555 singularum
1098 2480 1162 2536 ani-

86 2561 231 2618 muntium
255 2572 360 2619 natura
381 2563 502 2634 oriatur,
526 2562 760 2640 significandam
783 2564 834 2621 sed
857 2562 960 2622 Cicero
982 2565 1107 2640 primum
1131 2565 1161 2623 id

86 2647 183 2722 ponit,
206 2647 285 2720 quod
307 2666 460 2705 commune
482 2657 543 2718 est,
565 2647 654 2723 idque
677 2648 830 2706 confirmat
851 2645 932 2730 (uitii
953 2653 1020 2707 enim
1037 2651 1162 2726 probibet

86 2731 174 2811 oet.);
197 2731 235 2800 id,
259 2733 336 2806 quod
358 2732 444 2791 initio
466 2733 634 2791 instituerat
650 2733 756 2806 disere,
780 2735 943 2792 absolvitur
964 2735 994 2792 in
1017 2735 1090 2793 illis:
1112 2737 1162 2794 aed

85 2829 208 2875 artrerm
224 2819 272 2874 itta
294 2827 348 2875 oet.
392 2819 497 2893 Itaque
520 2821 592 2876 haee
614 2837 672 2876 non
694 2839 748 2895 per
766 2819 917 2896 seposuit,
941 2820 991 2877 sed
1014 2839 1050 2877 ox
1074 2837 1160 2896 supe·

85 2903 217 2961 rioribus
239 2911 323 2979 apta:
345 2906 487 2980 disperata
508 2907 562 2961 sint
583 2938 624 2946 —
647 2907 787 2962 dandenet.
832 2907 879 2962 Ao
901 2906 1020 2981 proprie
1042 2907 1160 2980 quidem

85 2988 160 3046 haee
184 3005 243 3046 non
265 2988 302 3045 nd
324 3000 354 3046 ot
375 2988 478 3048 referri
501 2989 648 3047 debebant
674 2985 784 3070 (neque
812 2991 888 3048 enim
917 2993 959 3048 llic
986 3001 1025 3048 eat
1046 2995 1161 3049 omnium

78 3076 156 3147 finis,
181 3085 211 3131 ut
232 3107 273 3116 -—
295 3085 413 3132 erarem
434 3078 575 3151 dispertito
596 3079 650 3133 sint
670 3074 750 3151 ost),
773 3076 824 3133 sed
846 3076 884 3133 ad
905 3095 1008 3134 amesae
1030 3087 1082 3147 est,
1104 3077 1161 3134 hoo

84 3158 199 3217 forma:
221 3177 325 3217 neaerae
347 3171 401 3232 est,
427 3162 510 3234 finem
539 3160 685 3237 (quidem)
713 3164 827 3218 omnium
860 3163 929 3218 luno
950 3181 1021 3232 erse,
1055 3173 1085 3218 ut
1110 3183 1160 3219 na·

86 3256 149 3302 tura
172 3248 322 3321 sopientur,
344 3247 394 3303 sed
414 3257 532 3303 entremo
553 3249 601 3304 itta
622 3279 664 3288 —
686 3248 812 3304 &tincta
834 3256 858 3303 et
879 3248 1088 3322 dispertitaesse
1104 3257 1159 3304 oet.

85 3331 201 3388 Verum
224 3331 398 3406 interposite
425 3331 592 3407 parenthesi
615 3332 712 3390 minus
734 3332 890 3408 diligenter
912 3331 1072 3408 superioris
1094 3351 1159 3390 ora-

85 3416 177 3474 tionis
199 3417 304 3473 seriem
326 3427 497 3492 persecutus
520 3426 579 3488 est,
613 3435 679 3474 oum
702 3417 874 3492 praesertim
903 3426 971 3493 post
991 3436 1095 3475 neeesse
1121 3428 1161 3476 est

85 3500 244 3572 interdum,
267 3502 356 3559 etiam
378 3503 428 3559 ubi
450 3501 525 3559 nihil
536 3502 617 3559 eliud
627 3503 824 3578 perturbetur,
847 3503 885 3559 ab
897 3503 1011 3560 infinita
1027 3503 1160 3560 oratione

85 3587 122 3642 ad
145 3587 366 3645 eoniunotivum
388 3596 554 3646 transeatur
576 3597 627 3646 eut
649 3597 760 3658 contra,
782 3597 816 3645 nt
832 3589 904 3645 baso
915 3589 1081 3646 continuari
1091 3607 1159 3664 pos-

87 3671 160 3729 sint:
183 3691 287 3730 nonme
308 3683 356 3742 est,
372 3675 456 3747 finem
478 3705 519 3716 -—
542 3675 612 3730 buno
634 3693 691 3731 esse
713 3705 764 3744 -,
787 3675 836 3731 sed
852 3684 970 3730 eatremo
981 3707 1022 3716 -
1034 3677 1160 3732 dietim

86 3761 147 3815 siut.
183 3757 233 3818 sic
245 3759 322 3815 enim
334 3759 427 3816 Aoad.
440 3760 481 3826 11,
495 3759 534 3815 39
559 3759 647 3816 dixit:
670 3759 740 3817 Ante
761 3761 849 3816 videt-i
857 3761 971 3834 aliquid,
995 3779 1076 3834 quam
1093 3779 1159 3834 apo·

86 3863 154 3915 mus,
178 3855 342 3916 metasset,
354 3847 438 3918 eique,
462 3846 535 3919 qnod
545 3847 631 3902 visum
641 3847 876 3917 sit,·orrentiatur;
899 3845 935 3901 de
946 3845 1094 3915 N.1).111,
1104 3845 1160 3902 36:

91 3928 235 4004 Qmuqotd
255 3939 303 4000 eet,
325 3931 400 4004 quod
409 3949 515 3987 sensnm
532 3931 641 4000 debeat,
664 3932 694 3986 id
704 3940 857 3988 neoeooeest
878 3934 1006 3987 sentiat
1021 3939 1047 3987 et
1068 3933 1159 4005 volup-

87 4023 166 4072 tatem
189 4025 213 4072 et
235 4016 363 4083 dolorm
390 4017 430 4072 od
450 4034 527 4090 quem
549 4025 636 4072 autem
658 4017 735 4072 dolor
756 4019 856 4085 veniat,
890 4017 929 4072 od
949 4017 1060 4073 eundem
1081 4019 1160 4073 etiam

87 4102 263 4158 interitum
284 4103 407 4158 venire.
440 4101 666 4159 ineditionibus
682 4101 755 4158 haee
777 4101 819 4158 sie
841 4101 1108 4177 distinguebantur:
1131 4111 1161 4158 ot

87 4195 190 4242 nutura
207 4187 355 4260 captentur.
379 4186 529 4263 (Bremius
539 4187 722 4261 requirebat:
744 4195 884 4243 atnotura
905 4205 967 4243 eoa
988 4189 1069 4262 erpi,
1092 4186 1162 4260 quia

86 4268 133 4327 hio
155 4270 235 4327 finiri
256 4271 409 4346 periodum
432 4270 579 4347 putabat.)
624 4271 702 4329 Nittt
722 4275 790 4329 enim
807 4272 932 4346 probibet
951 4303 986 4316 -
1006 4275 1159 4329 communis.

88 4356 145 4413 Sed
165 4366 285 4414 auena
307 4389 348 4399 -—
370 4359 512 4434 dispertita
540 4367 603 4415 snut
624 4389 666 4400 -
688 4359 832 4415 madeat.
883 4356 942 4417 Sed
963 4359 1017 4414 sint
1038 4367 1068 4414 et
1089 4359 1160 4416 desi·
