2948 5024
315 273 380 358 'llo
707 309 752 355 nu
773 309 907 357 uramus
929 308 1000 355 aon.

313 481 402 558 bare,
437 485 615 561 quaesunt
643 497 662 542 a
692 484 724 543 te
750 477 855 544 dieb?
900 477 977 556 eris
1006 477 1289 560 enimpotestas,
1315 497 1396 560 quae
1460 509 1461 532 r

313 582 486 664 probabilia
505 581 669 647 videantur
690 580 727 660 ei,
749 599 811 644 nou
828 579 985 661 probare?
1007 583 1152 657 bavero,
1174 580 1284 662 inquit
1309 581 1398 663 quis-

315 702 409 766 quam
431 689 536 765 potest
546 684 689 765 probare,
712 683 999 765 quodperceptum
1022 683 1107 764 quod
1124 683 1398 764 comprehensum

315 787 398 868 quod
427 785 585 867 cognitum
613 785 814 850 nonhabet?
857 785 929 849 Nou
957 789 1006 850 est
1031 784 1106 863 ista,
1134 785 1283 876 inquam,
1313 785 1397 862 Pisa

372 989 572 1056 [κνησμοῦ
604 989 699 1056 poelli
736 990 864 1043 &amit
897 989 1094 1054 tbqaamLPCR
1129 987 1245 1040 abac
1281 989 1399 1055 iaqu'ti’

399 1201 603 1272 caprulanum
626 1199 715 1272 babet)
748 1196 849 1255 Facile
877 1197 984 1272 aliquis
1013 1214 1079 1254 cum
1102 1197 1240 1255 Ernestio
1263 1199 1399 1256 scriben-

316 1284 385 1342 dum
408 1292 491 1359 putet
504 1283 614 1354 babeat,
637 1283 775 1359 quoniam
788 1281 861 1340 haec
872 1282 1018 1340 sententia
1029 1283 1072 1339 roi
1085 1291 1197 1340 tantum
1216 1284 1254 1340 ad
1272 1285 1399 1361 explen-
1462 1321 1463 1324 =

315 1370 382 1426 dam
400 1369 574 1426 sententiam
598 1369 765 1446 negativam
787 1367 876 1446 (acuto
890 1366 1002 1444 probat)
1031 1368 1210 1445 cogitatione
1234 1379 1398 1446 conceptae

316 1455 558 1532 significationem
585 1455 695 1512 habore
722 1454 847 1512 videtur.
896 1455 1008 1511 Verum
1036 1453 1135 1510 Latini
1167 1455 1198 1512 in
1227 1455 1399 1514 huiusmodi

316 1540 470 1600 sententiis
493 1541 556 1598 eius
577 1539 693 1616 generis
715 1539 924 1610 definitionem,
947 1540 978 1596 in
1001 1539 1079 1614 quod
1102 1539 1215 1614 aliquid
1226 1541 1337 1598 cadere
1349 1561 1400 1598 ne·

317 1633 398 1702 gant,
421 1644 527 1701 perse
550 1635 721 1702 conceptam
744 1624 904 1683 indicativo
928 1625 1014 1684 modo
1037 1623 1177 1682 efferunt:
1200 1624 1241 1704 [1‚
1261 1627 1296 1684 5:
1320 1627 1401 1684 Nulli

316 1714 384 1768 satta
417 1713 517 1768 eruditi
547 1713 684 1782 videaur,
718 1711 815 1786 quibua
848 1721 940 1768 ababa
972 1713 1062 1784 lanata
1095 1721 1171 1780 arat,
1195 1709 1399 1790 Off.11‚38:]

317 1796 398 1854 Lael.
412 1797 469 1854 59:
508 1795 630 1866 Quonam
651 1800 719 1854 arim
741 1799 819 1854 moda
841 1799 986 1872 qaisquam
1008 1799 1109 1854 amabas
1132 1815 1189 1854 ease
1207 1802 1310 1872 poterit
1332 1803 1397 1866 eiras,

317 1886 361 1940 cal
380 1901 409 1940 se
426 1883 535 1958 paula
555 1885 687 1940 minuam
709 1901 766 1940 ease
783 1891 883 1958 posset
914 1881 1062 1953 Acran,
1079 1883 1133 1938 18:
1161 1881 1217 1951 Qui
1231 1887 1301 1940 emm
1310 1895 1399 1960 potest

317 1969 467 2042 quidquam
495 1969 682 2043 comprobarat
709 2001 759 2038 -,
789 1969 863 2042 qaod
888 1978 928 2025 eat
955 1969 1021 2040 tale,
1050 1970 1130 2043 quale
1151 1971 1193 2026 vel
1207 1972 1318 2043 feteam
1343 1990 1397 2028 ease

312 2056 420 2129 possit?
443 2053 519 2111 Ibid.
531 2054 572 2124 ΙΙ,
587 2054 641 2110 22:
669 2053 743 2122 Quia
753 2055 897 2128 qaisquam
919 2056 1043 2120 mavoluit,
1067 2055 1142 2128 qaod
1158 2074 1210 2110 raon
1226 2059 1317 2112 manto
1328 2076 1397 2114 cores-

313 2140 458 2215 prebeadit
479 2149 504 2195 et
526 2147 611 2197 tanat
655 2138 839 2215 (Significat,
868 2157 905 2196 ex
928 2157 986 2213 quo
1008 2157 1116 2215 genere
1138 2139 1169 2196 id
1191 2159 1257 2198 esse
1280 2141 1397 2208 debeat,

317 2224 397 2298 qnod
419 2224 585 2282 meminisse
613 2225 774 2300 possimus;
808 2224 832 2282 si
860 2223 997 2281 dixisset:
1030 2226 1236 2300 cmaprelmdat
1255 2237 1280 2282 et
1302 2237 1396 2286 teneat.

317 2317 351 2366 ut
372 2311 446 2384 qaod
466 2329 517 2366 aon
533 2309 611 2366 idem
633 2319 712 2368 esset
732 2321 820 2384 atque
843 2313 908 2384 qaia
929 2313 973 2380 id,
996 2309 1189 2386 significaret,
1213 2312 1397 2385 quidueces-

317 2394 396 2452 sario
418 2413 456 2452 ex
479 2395 619 2452 memoria
641 2405 813 2470 sequeretur
835 2405 865 2451 et
887 2395 914 2452 ei
936 2395 1104 2452 adiunctum
1128 2393 1230 2472 esset)
1276 2398 1397 2456 'Pascat

317 2480 372 2550 IV,
387 2481 441 2538 79:
465 2481 509 2536 Aa
531 2483 680 2555 quidquam
697 2491 737 2538 est
757 2483 902 2538 secundum
924 2491 1063 2550 naturam,
1087 2484 1160 2556 quod
1175 2484 1211 2555 fit
1234 2495 1398 2558 rqruqaaute

318 2569 439 2622 rabone!
472 2566 577 2623 Parad.
602 2567 625 2628 L
642 2569 694 2624 14:
721 2565 878 2642 Quidquam
901 2567 995 2622 bouum
1017 2577 1065 2637 est,
1088 2569 1162 2642 quod
1183 2588 1234 2623 aon
1259 2589 1329 2636 eaor,
1354 2573 1398 2644 qai
1465 2587 1466 2592 ¹

318 2653 349 2708 id
365 2653 496 2726 possidet,
519 2653 650 2709 laetiorem
665 2654 756 2726 jacit?
778 2649 884 2730 (Sumo
907 2670 925 2708 a
946 2653 1170 2731 Wesenbergio,
1194 2663 1228 2710 ut
1245 2656 1396 2729 superium

318 2735 414 2794 scribe
429 2738 535 2811 sartam
558 2737 695 2794 Latinum
717 2737 788 2808 erit,
816 2737 868 2794 sed
889 2737 1035 2794 sententia
1057 2738 1241 2813 mutabitur.)
1285 2739 1397 2799 Contra

318 2821 520 2892 Aead.11‚48
543 2831 621 2880 recte
644 2822 796 2880 scribitur:
824 2825 849 2879 ai
869 2825 943 2880 nulla
965 2826 1023 2880 visa
1046 2833 1107 2880 sant
1125 2825 1294 2898 probabilia,
1329 2845 1398 2900 qaae

312 2909 393 2982 salac
414 2911 482 2977 aiat3
505 2908 577 2964 haec
600 2907 677 2966 onim
700 2907 847 2965 sententia
869 2916 927 2966 est:
950 2909 1398 2968 wainesleiaewabrabeinbbbe

326 2993 523 3068 Voratcllaaqea
542 2995 621 3067 qa‘ebt,
645 2995 688 3050 die
711 2993 774 3066 (der
796 2993 849 3050 Art
868 2995 948 3068 piebt,
971 2995 1038 3050 dass
1060 2997 1111 3070 aa'e)
1133 2997 1160 3051 ia
1177 2997 1227 3052 der
1252 2996 1398 3054 Wirllirb·

319 3079 372 3136 lcer't
387 3080 481 3153 sabab
504 3081 579 3150 aad,
603 3097 661 3137 nou
684 3077 771 3135 haec:
804 3099 879 3136 werra
902 3080 975 3136 leina
1004 3081 1217 3153 Varatellaaqea‚
1241 3083 1285 3138 die
1299 3082 1397 3156 Jalsclr

319 3165 391 3234 aad,
414 3165 634 3222 roabrsclta'nliob
657 3166 728 3220 aiod.
762 3165 811 3222 Aa
838 3165 932 3239 ipsam
962 3183 1023 3221 rem
1054 3166 1128 3222 haec
1155 3185 1214 3222 non
1244 3165 1399 3234 differrant3

319 3268 387 3307 nam
410 3250 436 3307 si
458 3269 495 3306 ex
518 3249 726 3326 probabilitate
749 3268 807 3307 non
820 3250 1072 3324 sequiturveritas
1094 3249 1188 3328 (quod
1200 3252 1297 3327 priore
1311 3253 1399 3310 modo

319 3334 450 3411 dicitur),
475 3354 510 3392 ne
532 3335 642 3392 veritas
665 3335 782 3410 quidem
795 3335 928 3392 condicio
939 3344 985 3392 est
1001 3337 1167 3393 necessaria
1179 3337 1399 3412 probabilitatis

321 3417 416 3497 (quod
438 3421 493 3478 hoc
515 3421 609 3478 altero
632 3421 732 3477 modo:
754 3440 823 3494 quoae
838 3420 1019 3495 sabaaaat);
1042 3422 1080 3477 ad
1091 3423 1314 3498 argumentandi
1337 3423 1398 3480 for·

321 3524 397 3562 mam
421 3505 602 3579 aliquantum
624 3506 755 3563 interest
788 3506 965 3564 Pauloante
987 3503 1072 3584 (quae
1079 3508 1231 3582 probabilia
1243 3509 1398 3584 aaaron)

320 3590 523 3648 coniunctivae
546 3591 659 3662 modus,
682 3591 732 3664 qui
744 3590 870 3648 refertur
887 3592 924 3648 ad
936 3613 987 3648 aron
994 3594 1121 3667 probare,
1144 3593 1298 3669 signifieat,
1320 3593 1399 3650 hanc

320 3693 384 3732 esse
408 3676 597 3733 sententiam:
625 3697 671 3748 ea,
699 3697 768 3750 quae
795 3687 903 3734 tamea
930 3681 954 3733 ei
975 3679 1128 3753 probabilia
1156 3681 1306 3736 uideuatur.
1355 3680 1399 3736 De

321 3761 396 3818 Fata
414 3763 432 3817 4
456 3761 515 3838 (Aa
538 3763 611 3832 mibi,
633 3766 757 3837 inquom,
777 3773 865 3837 potest
887 3764 1036 3837 quidquam
1059 3783 1116 3820 esse
1138 3767 1289 3830 molestum,
1324 3765 1400 3838 qual

321 3848 369 3903 tibi
392 3857 499 3921 aratam
525 3850 653 3921 saturam
680 3847 746 3926 att)
767 3848 934 3906 necessario
957 3849 1143 3906 scribendum
1171 3859 1244 3924 puto
1270 3853 1397 3924 jacturam

321 3941 367 3990 eat.
412 3931 487 4011 [Sed
509 3933 607 3991 obstet
628 3935 717 3992 Tusa.
734 3933 777 4004 11,
793 3934 847 3990 65:
870 3933 948 3990 Nihil
965 3945 1054 4009 polest
1075 3953 1131 3992 ease
1152 3935 1301 4009 aequabile,
1324 3937 1400 4010 paral

321 4037 372 4074 aaa
399 4039 417 4074 a
445 4029 517 4075 carta
544 4023 645 4076 rotiana
669 4021 867 4094 proficiscatur.
923 4019 1002 4096 Ergo
1031 4020 1177 4077 interdurn
1207 4021 1301 4077 valuit
1329 4039 1399 4078 con·

321 4103 432 4160 iunctio
455 4123 521 4161 cum
544 4105 697 4162 infinitivo.
742 4103 815 4162 Mox
843 4104 904 4162 Noa
932 4115 971 4162 eat
998 4108 1035 4162 ita
1063 4106 1200 4164 Baiterus
1230 4125 1329 4164 errore
1353 4115 1398 4182 ty-

322 4186 450 4266 porum]
