2928 5012
525 350 720 396 rnfflssrro.
1091 331 1163 394 LXI

104 519 221 600 scriptos
242 537 312 584 esse
333 520 567 600 reputantibus,
601 521 761 584 materiam
790 520 887 583 multo
910 529 981 582 ante
1004 519 1163 584 collectam

104 629 195 693 luisse
238 629 344 694 Cicero
367 629 448 692 enim
469 629 541 693 inde
564 630 603 694 ab
625 628 836 693 adulescentia
859 627 999 692 Graecae
1021 627 1162 708 philoso-

104 738 185 820 phiae
205 737 407 818 cognitionem
430 745 598 818 paraverat
627 738 669 801 ad
697 735 831 800 oratoris
853 755 947 800 usum
971 747 1002 800 et
1024 736 1065 800 ad
1087 735 1163 800 libe-

104 846 190 912 ralem
209 845 321 926 ingenii
344 845 473 923 cultum,
502 863 564 908 non
587 844 742 910 scribendi
764 845 906 922 consilio,
940 845 1024 925 quod
1047 844 1075 907 ei
1099 842 1165 908 seni

104 953 296 1035 reipublicae
322 971 414 1018 casus
441 963 473 1018 et
499 952 661 1018 domestici
689 953 875 1032 studerunt,
908 971 1010 1033 neque
1038 953 1163 1016 intimos

105 1069 243 1126 nemun
274 1079 417 1126 recessus
450 1069 666 1142 perscrutatus
694 1068 763 1126 erat
790 1061 1021 1143 singularumve
1049 1059 1165 1126 formos

104 1173 140 1234 ad
161 1170 230 1234 artis
250 1169 375 1233 modum
398 1188 468 1233 cum
490 1171 649 1236 notionum
673 1169 865 1251 proprietate
888 1170 1043 1235 subtiliter
1060 1169 1164 1235 auimo

104 1278 263 1358 descriptas
295 1278 430 1342 tenebat
491 1279 569 1344 Cum
600 1279 696 1360 igitur
728 1279 863 1342 animum
898 1280 939 1342 ad
968 1278 1164 1343 scribendum

103 1386 261 1467 appulisset
282 1403 352 1450 cum
374 1385 570 1452 festinatione
593 1388 727 1469 quadam
750 1396 782 1451 et
803 1386 893 1468 quasi
916 1394 1020 1464 aestu,
1049 1387 1166 1452 doloris

105 1505 134 1558 et
152 1493 351 1558 molestiarum
375 1494 558 1559 oblivionem
581 1513 745 1575 quaerens,
758 1499 786 1572 ¹)
810 1513 910 1575 neque
926 1493 1165 1575 habebatprae·

107 1613 233 1681 parcum
253 1602 414 1666 materiam
448 1602 506 1668 nisi
540 1603 693 1666 communi
726 1604 862 1684 quadam
889 1621 908 1668 a
935 1603 1114 1668 doctoribus
1137 1609 1169 1666 et

108 1709 182 1773 libris
201 1709 307 1774 notitia
329 1729 429 1790 neque
451 1729 519 1774 eam
542 1711 682 1775 studiose
704 1711 910 1792 conquisitam
932 1711 1081 1775 diuturna
1102 1728 1167 1774 rne-

110 1817 240 1882 ditatione
261 1818 421 1897 versabat,
454 1819 524 1897 sed,
552 1820 636 1900 quod
662 1819 723 1884 alio
749 1820 842 1884 modo
871 1817 1006 1883 fortasse
1033 1816 1106 1883 lidei
1134 1825 1166 1883 et

110 1925 241 1990 cautionis
267 1945 363 1990 causa
385 1925 522 2004 iecisset,
556 1927 587 1991 in
620 1928 750 2010 singulis
783 1928 925 2008 partibus
953 1926 1167 2008 philosophiae

111 2032 280 2115 singulisque
302 2034 482 2116 disciplinis,
504 2053 583 2116 quas
605 2043 673 2100 erat
695 2043 897 2114 tractaturus,
919 2055 1016 2099 unum
1032 2033 1097 2099 iere
1111 2035 1167 2098 ali-

111 2158 190 2220 quem
209 2142 264 2206 sihi
285 2143 380 2224 elegit
401 2144 523 2221 duceni,
551 2162 643 2224 quem
666 2149 851 2225 sequeretur
873 2153 903 2208 et
926 2143 1123 2224 exprimeret.
1137 2145 1168 2220 ²)

112 2248 188 2322 Quod
208 2251 360 2330 quomodo
382 2251 564 2332 instituerit,
598 2271 698 2334 nuper
719 2252 892 2317 clarissimo
915 2251 1056 2332 exemplo
1078 2259 1167 2332 pate·

111 2352 209 2420 indum
230 2365 277 2422 est
297 2357 331 2422 in
352 2359 431 2424 libro
454 2361 554 2441 primo
576 2362 616 2424 de
639 2369 751 2425 natura
773 2361 917 2438 deorum,
940 2359 1065 2424 inventa
1086 2360 1168 2424 inter

112 2461 337 2530 Herculanensis
367 2467 522 2532 volumina
548 2469 703 2549 particula
737 2469 845 2549 scripti
865 2466 1002 2532 Phaedri
1024 2466 1170 2547 Epicurei

110 2563 168 2646 aspi
188 2574 261 2632 θεῶν
288 2574 353 2658 [rel
381 2577 486 2656 potius
513 2575 684 2642 Philodemi
713 2567 779 2658 περὶ
808 2571 980 2657 sinodales}
1026 2578 1169 2656 Apparet

111 2676 182 2741 coin
200 2680 446 2764 intellectumque
469 2691 518 2750 est
539 2703 559 2748 a
581 2684 635 2750 oh.
652 2684 842 2762 Peterseno,
865 2684 918 2765 qui
940 2701 1009 2748 eam
1032 2683 1169 2764 partiou-

110 2781 165 2848 lam
184 2787 348 2870 Hamburgi
370 2809 398 2854 a.
413 2794 495 2857 1833
507 2811 649 2858 seorsum
660 2793 766 2872 edidit
790 2791 968 2857 Ciceronem
990 2809 1052 2856 non
1071 2791 1170 2856 solum

112 2909 144 2953 er
164 2898 289 2961 secundo
310 2897 393 2963 illius
420 2901 561 2981 opusculi
582 2901 660 2965 libro
683 2909 780 2966 totam
803 2899 975 2966 sentcntiae
997 2899 1171 2981 Epicmeae

111 3003 317 3079 expositionem
345 3008 440 3088 (quae
472 3011 557 3090 apud
586 3011 764 3074 ciceronem
791 3009 865 3074 inde
892 3027 911 3072 a
939 3009 957 3089 ξ
979 3010 1021 3071 43
1043 3008 1171 3088 legitur)

112 3111 278 3191 sumpsisse,
307 3115 493 3194 sedetiam,
527 3117 734 3198 quodminus
756 3117 869 3199 aliquis
892 3114 1125 3195 suspicaretur,
1154 3134 1172 3180 e

113 3213 205 3291 priore
224 3219 299 3284 libro
323 3223 426 3288 omnia
446 3223 507 3303 illa,
530 3223 773 3306 quaeVelleium
795 3225 913 3289 inducit
923 3225 963 3288 de
975 3223 1171 3304 superiorum

118 3435 298 3453 Q———oe-

140 3597 158 3650 't
174 3605 206 3653 ld
223 3609 293 3657 Athe.
312 3605 453 3665 xrt.1t‚3:
475 3607 543 3656 Totos
559 3607 611 3656 dies
628 3607 778 3665 rcrihoeet.;
798 3607 861 3664 lllll,
873 3607 949 3666 10,1:
971 3608 1101 3666 Quodnisi
1109 3609 1173 3656 milti

173 3689 213 3738 hoc
229 3693 329 3741 mirrea
345 3691 375 3741 in
392 3698 505 3748 mentem,
522 3692 629 3741 sertim
650 3691 700 3741 nra
717 3693 799 3742 nescio
821 3707 897 3755 qaae,
924 3707 973 3754 quo
991 3707 1029 3741 mc
1046 3699 1173 3750 onlnem,

172 3787 217 3823 ono
233 3777 358 3836 lobnam
379 3777 429 3828 ibd.
448 3777 527 3832 '262
547 3777 676 3840 Equidem,
695 3778 812 3827 credibile
830 3793 881 3828 noo
899 3785 944 3834 est,
969 3785 1093 3841 quantam
1110 3779 1172 3828 acri-

172 3857 234 3916 lom,⁸
250 3865 312 3926 quin
328 3863 406 3912 etiam
423 3863 547 3920 noctibus·
564 3863 629 3912 nihil
646 3864 714 3912 enim
730 3863 817 3913 comni

137 3935 158 3988 ²1
175 3945 206 3992 ld
224 3951 293 3998 ditio.
313 3949 364 4006 llll,
380 3949 420 4004 52.
435 3953 464 4007 s,
488 3953 531 4013 qui
553 3950 625 4022 locus
649 3953 686 3999 sic
706 3950 928 4013 interpungeudns
952 3955 1003 3998 est:
1032 3951 1067 3998 Dc
1089 3948 1173 4011 linqoa

175 4029 255 4081 Latino
271 4036 352 4083 securi
370 4049 395 4082 ee
411 4035 500 4084 antimi.
537 4039 659 4098 (Atticum
679 4048 801 4084 securum
821 4048 878 4084 ease
900 4035 985 4093 iubet,
1013 4037 1173 4098 respondens

174 4117 225 4167 cina
246 4113 416 4170 admonitioni
440 4121 537 4184 elicui.)
579 4121 659 4170 ilices:
688 4119 737 4180 oui
758 4119 821 4168 tolio
843 4121 990 4169 conscribis?
1013 4116 1174 4189 Ἀπόγραφα

177 4211 242 4258 runt·
264 4205 362 4255 miram
379 4205 463 4255 lohere
483 4209 560 4271 fiunt·
585 4207 661 4256 amba
678 4213 778 4255 tontum
800 4207 884 4268 offae,
902 4206 994 4268 quibus
1010 4205 1118 4256 abundo
