3000 5044
357 379 421 444 540
747 397 792 442 ua
814 395 944 444 riuraus
966 335 1037 442 sair.

357 585 426 631 rum
448 565 537 630 nobis
559 571 650 630 erunt
670 565 810 648 instituta
832 565 991 647 capienda
1021 565 1109 630 Facit
1128 565 1211 660 euim
1232 565 1284 632 ille
1298 568 1361 632 duo
1376 585 1414 630 se

356 669 461 733 iuncta
477 667 586 732 rrltima
602 668 760 747 bonorum,
776 677 857 749 quae
874 675 909 732 ut
929 675 1036 734 essent
1052 686 1135 747 vera,
1158 668 1301 749 coniungi
1313 669 1415 732 debus

357 775 444 849 runt;
467 787 549 835 nuuc
569 769 613 834 ita
635 777 829 850 separantur,
851 777 887 834 ut
908 771 1044 835 diiuncta
1066 771 1137 848 sint,
1160 789 1221 852 quo
1239 769 1416 850 nihilpotest

357 890 427 938 esse
448 872 635 954 perversius.
669 874 719 936 41.
742 873 852 954 ltaque
873 879 982 937 contra
1004 878 1061 952 est,
1083 872 1250 952 acdicitis3
1273 891 1343 936 narn
1356 891 1416 937 con·

318 975 443 1042 assuri
464 975 564 1040 virtus
586 974 669 1039 nullo
690 975 782 1038 ruodo
805 980 923 1055 potest,
956 975 1015 1040 nisi
1044 993 1097 1054 ea,
1130 993 1210 1057 quae
1233 981 1307 1040 sunt
1328 975 1416 1056 prim

356 1082 497 1156 naturae,
518 1085 554 1140 ut
575 1077 615 1141 ad
638 1095 788 1141 summam
810 1076 999 1157 pertinentia
1020 1077 1144 1143 tenebit
1189 1077 1415 1155 Quaesitaeniu

355 1179 454 1244 virtus
477 1185 534 1258 est,
557 1197 618 1243 non
637 1197 717 1261 quae
731 1178 921 1260 relinqueret
934 1187 1087 1258 naturam,
1110 1181 1165 1244 sed
1176 1197 1258 1262 quae
1272 1187 1415 1252 tueretur

355 1288 389 1347 at
415 1281 477 1360 illa,
499 1287 534 1345 ut
556 1281 643 1346 vobis
665 1281 780 1363 placet,
803 1289 924 1362 partem
946 1283 1103 1363 quandam
1125 1287 1245 1360 tuetur,
1278 1282 1415 1363 reliquam

426 1473 446 1518 1.
466 1467 573 1518 admota
590 1467 676 1519 dnoC
712 1473 734 1516 2.
754 1485 811 1518 aera
829 1469 914 1520 omC
949 1474 972 1517 ³.
990 1485 1052 1518 nanc
1069 1467 1112 1518 uta
1130 1469 1153 1518 R
1170 1469 1287 1518 ababa
1305 1478 1369 1529 cett,
1382 1467 1416 1516 Or.
1475 1483 1476 1500 ³

355 1537 417 1587 aa
477 1536 623 1587 aaiumali
681 1545 758 1602 potest
776 1536 834 1586 aud
852 1537 872 1588 C
943 1541 965 1586 5.
985 1553 1046 1600 quae
1063 1555 1089 1586 se
1106 1538 1128 1586 E
1147 1555 1209 1602 quae
1225 1538 1272 1587 aiat
1295 1547 1367 1598 cen,
1383 1537 1416 1586 01.

356 1609 379 1658 6.
397 1623 509 1655 summam
527 1621 613 1656 omnes
658 1608 680 1654 7.
699 1614 734 1656 eat
751 1621 799 1655 orn.
820 1605 885 1657 LPC
928 1604 1094 1673 [relinquerent
1112 1605 1161 1674 Eb]

355 1807 453 1874 potest
474 1797 511 1854 ad
533 1798 610 1854 hanc
631 1795 755 1854 formam
779 1797 920 1874 scriptum
942 1795 1048 1854 fuisse:
1081 1803 1187 1854 omnino
1213 1801 1303 1854 omnia
1322 1807 1418 1873 procur

354 1888 459 1941 animoa
481 1885 549 1956 περὶ.
571 1893 623 1940 aut
644 1881 793 1960 similem]
843 1883 1002 1954 Futurum,
1035 1883 1116 1958 quod
1142 1891 1172 1939 et
1200 1882 1296 1958 ipsum
1326 1902 1377 1959 per
1394 1898 1418 1936 aa

354 1969 552 2027 necessarium
575 1977 620 2026 est
642 1977 672 2024 et
693 1977 816 2045 propter
827 1968 865 2038 id,
889 1967 968 2042 quod
980 1968 1122 2044 sequitur,
1145 1987 1197 2025 aon
1213 1970 1417 2042 neqleyemnr-

354 2057 508 2129 reseremus,
532 2061 599 2130 post
621 2053 797 2111 Lambiuum
820 2052 950 2113 Orellius
972 2053 1109 2112 restituit
1153 2053 1220 2110 Hoc
1250 2063 1350 2110 autern
1375 2071 1418 2128 po·

354 2139 461 2198 sterius
488 2141 665 2213 rreqleqemua,
706 2139 784 2213 qnod
811 2148 879 2216 post
906 2139 1081 2196 Lambinum
1110 2137 1263 2196 Ernestius
1289 2137 1417 2204 restitnit,

354 2224 448 2283 Gaius
471 2225 514 2282 ait
535 2225 564 2281 in
587 2224 649 2281 Erl.
672 2233 702 2280 et
724 2224 801 2301 Spir.
824 2233 912 2299 atque
935 2225 1003 2282 edit.
1028 2223 1108 2283 Crat.
1131 2243 1210 2294 esse3
1234 2223 1418 2283 deCratial·
1477 2273 1478 2298 ,

353 2309 438 2380 litnr3
471 2310 502 2366 in
524 2309 586 2367 Erl.
608 2309 766 2386 vestigium
794 2319 839 2367 est
867 2329 955 2367 verae
978 2311 1156 2387 scripturae,
1189 2329 1249 2367 nou
1275 2310 1344 2385 ipsa
1364 2307 1419 2387 [sed
1477 2299 1478 2334 ³

353 2396 471 2472 ipsein
493 2392 549 2476 B];
571 2393 716 2470 deseremus
738 2415 840 2453 omnes
862 2395 972 2452 babent
988 2396 1121 2464 codicem
1145 2395 1295 2453 Manutius
1310 2404 1419 2472 propter

353 2483 512 2556 neyleyirnua
535 2489 671 2538 mutarat.
716 2479 818 2559 [Incid
841 2491 866 2538 et
883 2492 996 2557 peccatu
1019 2481 1106 2538 etiam
1130 2479 1181 2558 Β.]

439 2567 521 2624 Facit
542 2571 609 2624 enim
631 2564 688 2645 ille)
710 2567 814 2641 Qualis
837 2567 876 2624 sit
897 2567 950 2624 illa
966 2566 1053 2624 Erilli
1075 2566 1181 2623 levitas
1203 2577 1234 2623 st
1256 2567 1352 2624 curin
1365 2582 1418 2622 sau

354 2651 470 2712 Stoicos
493 2653 622 2710 incidere
644 2661 742 2729 putet,
766 2653 897 2728 exponit,
921 2653 1033 2729 deque
1054 2652 1092 2708 ad
1114 2651 1155 2723 II,
1180 2653 1220 2708 43
1244 2652 1354 2710 dictum
1375 2657 1418 2706 est.

352 2738 431 2796 Nem
453 2740 552 2795 atille
574 2739 613 2796 sit
635 2739 729 2808 Zeno,
759 2737 838 2812 quod
866 2738 953 2795 rideo
976 2737 1147 2795 nonnemiui
1169 2737 1332 2814 placuisse,
1365 2733 1417 2792 lieri

352 2841 474 2900 prorsus
496 2825 607 2898 nequit,
630 2841 695 2880 cum
718 2823 777 2880 iam
800 2824 849 2880 diu
861 2823 966 2883 Cicero
987 2823 1066 2880 bnuc
1088 2832 1238 2880 auctorem
1256 2821 1418 2899 disciplinae

352 2927 412 2966 non
435 2909 603 2978 nominarit,
626 2909 662 2966 de
675 2909 792 2966 scholae
805 2909 930 2966 decretis
942 2910 1089 2983 loquatur.
1112 2909 1177 2966 Nec
1188 2908 1304 2980 Cicero,
1328 2925 1418 2983 quam·

353 2994 398 3052 vis
421 2993 547 3066 Stoicos,
571 2995 596 3052 si
619 2995 744 3052 alterum
767 3003 941 3069 sequautur,
966 2993 1053 3051 Erilli
1067 2994 1177 3052 similes
1199 2993 1316 3052 futurus
1339 2994 1417 3058 dicet,

351 3079 448 3157 ipsum
476 3081 625 3138 Zenonem
655 3080 713 3137 dno
740 3079 845 3159 ultima
860 3079 969 3151 facere,
1004 3081 1046 3138 sic
1080 3078 1256 3156 simpliciter
1282 3079 1418 3137 affirmare

337 3174 459 3243 =potest
503 3165 589 3239 Quod
613 3165 804 3241 sequebatur:
827 3185 896 3223 nanc
917 3169 979 3237 ista,
1003 3165 1043 3236 id,
1065 3183 1102 3221 ne
1124 3165 1149 3222 si
1172 3165 1208 3222 de
1232 3165 1352 3223 Zenone
1363 3161 1417 3238 qui·

352 3251 418 3308 dem
429 3250 503 3308 heec
514 3252 690 3319 dicerentur,
713 3260 793 3308 recte
804 3259 964 3326 poneretur
986 3247 1034 3332 (nt
1045 3259 1123 3308 esset
1133 3254 1186 3307 aar
1197 3261 1297 3318 vestra,
1310 3244 1415 3323 &urob

352 3336 506 3411 qnoniam,
536 3354 602 3393 curn
625 3336 703 3394 idem
731 3337 895 3394 subiectum
923 3337 1085 3394 sententiae
1113 3335 1304 3407 retineretur,
1333 3331 1417 3392 oratio

351 3421 629 3480 demonstrationem
642 3439 700 3479 non
713 3421 872 3498 reciperem
893 3421 944 3479 sed
966 3440 1032 3478 oum
1044 3421 1083 3478 ad
1093 3421 1220 3478 Erillum
1242 3422 1316 3479 baec
1338 3416 1417 3496 perti·

350 3515 453 3576 neunt,
477 3526 513 3563 ne
530 3507 656 3584 speciem
674 3507 792 3582 quidem
805 3507 1005 3565 excusationis
1018 3507 1115 3564 babet
1143 3507 1234 3564 Recte
1246 3507 1337 3584 igitur
1347 3506 1416 3562 Man·

351 3601 382 3650 et
400 3593 500 3650 Lamb.
518 3597 566 3664 ita,
589 3593 620 3650 in
637 3592 716 3667 qnod
738 3592 826 3649 etiarn
845 3592 938 3652 Gaius
955 3592 1067 3650 incidit.
1101 3588 1244 3672 [Seiuncta
1267 3593 1354 3650 etiarn
1375 3581 1417 3664 Β.]

438 3679 488 3735 41.
516 3697 561 3748 aa,
590 3697 661 3752 quae
682 3675 758 3755 aaut)
796 3677 846 3736 Sic
868 3677 1034 3748 Manutius,
1063 3677 1240 3748 Lambinus,
1270 3677 1416 3736 Gruterus

351 3762 564 3823 Coniunctivus
581 3763 726 3822 rationem
744 3762 854 3820 nullam
867 3763 964 3821 habet
998 3761 1038 3842 [B
1050 3761 1102 3840 se]
1136 3763 1185 3820 Ad
1194 3783 1327 3820 summum
1338 3761 1416 3818 etiam

350 3847 416 3927 [B],
429 3849 473 3924 Εχ
484 3856 514 3905 et
526 3849 588 3907 sine
600 3849 690 3906 dubio
707 3847 812 3918 ceteri;
835 3849 932 3906 Aldus
949 3849 1101 3907 Manutius
1118 3848 1283 3906 correxisse
1300 3847 1415 3905 videtur.

349 3935 445 3994 Paulo
463 3943 530 4010 poat
551 3937 683 4009 reliquam
708 3942 789 3990 recta
812 3931 905 3992 Gaius
927 3934 1074 4011 intellegit
1100 3943 1241 4004 murum
1270 3934 1294 3992 si
1317 3941 1416 4010 partem

349 4020 445 4077 audiri
459 4019 563 4079 Cicero
581 4020 733 4090 voluisset,
756 4027 786 4075 et
803 4021 916 4077 alteram
934 4020 1059 4078 dixisset
1069 4028 1099 4077 et
1109 4019 1151 4078 sic
1162 4019 1323 4097 posuisset:
1344 4031 1415 4074 auaui

345 4115 453 4181 partera
475 4115 570 4162 tuetur.
616 4107 750 4162 [usuardo
772 4105 884 4162 leoninis
907 4123 942 4162 ea
964 4115 1023 4177 est,
1047 4124 1135 4181 quam
1157 4105 1247 4181 paulo
1269 4113 1337 4186 ante
1353 4096 1415 4180 (32)

345 4193 464 4266 primam
486 4193 672 4248 institutiones
694 4189 784 4260 dixit,
812 4190 944 4248 habitum
968 4199 998 4248 et
1019 4191 1257 4248 constitutionem
1281 4209 1299 4247 a
1320 4195 1416 4246 natura

350 4275 457 4332 datam.
496 4274 653 4354 [Ordinem
681 4275 789 4334 inverti
812 4276 901 4334 etiam
924 4276 962 4334 ob
989 4277 1024 4334 B.
1058 4277 1135 4334 Tum
1158 4277 1207 4334 boc
1229 4275 1316 4333 etiarn
1338 4274 1364 4331 B
1384 4270 1414 4326 de

348 4379 409 4418 uno
426 4368 455 4418 et
476 4361 560 4418 brevi
583 4359 686 4440 dicto]
