2920 5012
333 397 377 462 54
729 417 774 465 nn
796 417 927 465 smmus
950 419 1022 468 sou.

333 605 371 652 ex
393 591 527 666 utroque
547 591 639 667 parte
660 587 781 666 audite,
808 589 1039 669 pronuntiaret,
1067 607 1138 655 eum
1165 609 1226 656 non
1248 591 1343 656 talem
1366 593 1415 656 vi-

333 688 400 754 deri
423 687 521 754 fuisse
541 687 573 753 in
595 689 739 770 inperio,
766 691 876 772 quales
898 691 966 756 eius
988 691 1123 757 maiores
1145 691 1290 772 dissent,
1313 700 1346 759 et
1380 695 1415 759 in

332 795 532 872 conspectum
554 809 643 856 sunm
676 793 782 858 venire
813 793 925 872 vetuit,
959 795 1109 876 numquid
1141 795 1196 860 tibi
1219 796 1342 861 videtur
1372 798 1416 862 de

333 892 543 974 voluptatibus
577 893 641 958 suis
674 895 879 976 cogitavisse?
934 895 995 962 Sed
1027 905 1063 961 ut
1089 897 1228 962 omittam
1261 898 1415 980 pericula,

294 995 469 1074 blsbores,
502 994 640 1062 dolorem
661 997 768 1078 etism,
801 1015 894 1078 quem
915 999 1049 1080 optimus
1071 1000 1203 1082 quisque
1225 1019 1283 1082 pro
1305 1001 1416 1082 petria

332 1105 365 1164 et
384 1117 443 1180 pro
465 1097 530 1163 suis
552 1098 690 1181 suscipit
711 1105 829 1164 utnon
851 1101 942 1164 modo
965 1101 1080 1166 nullam
1102 1107 1214 1184 captet
1238 1103 1293 1167 sed
1316 1104 1416 1168 etiam

332 1206 511 1283 praetereat
531 1219 637 1267 omnes
659 1203 844 1285 voluptates,
866 1203 990 1269 dolores
1012 1204 1146 1287 denique
1162 1205 1288 1287 quosvis
1311 1207 1415 1292 susci-

403 1410 424 1458 1.
440 1405 655 1472 monuntimsetC
691 1407 760 1458 solen
774 1407 928 1472 fidcisuisse
946 1409 991 1458 Pis
1034 1414 1057 1458 3.
1076 1409 1168 1459 videbor
1185 1409 1227 1458 oti
1243 1409 1413 1461 ePsscssot.

333 1479 355 1524 5.
374 1473 508 1526 dotores
544 1481 565 1527 6,
585 1476 726 1540 suscepitE
764 1481 783 1526 7,
804 1477 902 1542 {lenique
916 1495 962 1543 pro
979 1477 1029 1528 suis
1047 1478 1166 1542 suscipere
1183 1478 1203 1526 L

417 1677 442 1724 et
462 1669 489 1724 in
511 1677 678 1742 conspectum
699 1688 777 1725 suom
798 1671 886 1726 vende
906 1667 1003 1748 vetuit)
1026 1668 1134 1726 Melius
1158 1687 1244 1740 sane,
1267 1669 1415 1745 quonism

331 1753 362 1810 in
383 1753 440 1810 hoc
462 1753 527 1829 ipso
548 1753 625 1811 inest
647 1754 803 1826 severitas,
833 1755 938 1813 Cicero
961 1755 1127 1830 scripsisset
1148 1765 1261 1820 necaret,
1284 1765 1319 1812 nt
1340 1775 1415 1814 con·

331 1839 502 1914 iungeretur
535 1857 600 1895 cum
628 1840 727 1896 ituberet
749 1849 779 1896 et
806 1843 1007 1916 pronuntiarem
1042 1840 1200 1914 duriorque
1236 1841 1327 1897 etism
1362 1843 1416 1899 hic

331 1923 517 2002 neglegentis
549 1943 585 1981 es
617 1933 678 1996 est,
713 1926 792 2001 quod
826 1944 884 1983 non
917 1926 947 1982 in
970 1925 1051 1982 exitu
1084 1925 1198 2001 periodi
1227 1937 1415 2002 postremum

330 2011 493 2068 membrum
516 2010 695 2082 dissolvitur,
719 2011 823 2070 sedin
847 2012 942 2068 medie
965 2011 1095 2086 periodo.
1139 2011 1204 2068 Nec
1233 2021 1333 2068 temen
1356 2013 1414 2069 du-

331 2096 419 2154 bitsri
441 2105 554 2172 potest,
584 2096 656 2170 quin
678 2097 721 2155 sic
743 2097 847 2156 Cicero
876 2097 1041 2172 scripserim
1074 2096 1133 2153 vid.
1157 2115 1272 2154 excors.
1295 2099 1311 2154 1
1334 2109 1416 2155 extr.

330 2181 481 2262 (Handius
503 2182 590 2239 Ture.
612 2182 660 2254 Π,
693 2203 721 2259 p.
745 2184 806 2240 486
841 2183 1003 2258 simplicem
1026 2182 1068 2239 sit
1090 2201 1154 2238 esse
1177 2183 1336 2240 verborum
1359 2205 1413 2241 re·

331 2268 455 2336 tionem;
489 2267 532 2326 sic
564 2267 642 2324 enim
670 2287 807 2344 pergere,
837 2268 921 2342 quasi
948 2278 1016 2326 onte
1039 2267 1162 2325 dixerit:
1197 2273 1337 2326 seven'mte
1359 2273 1415 2326 ad-

331 2354 414 2411 bibita
431 2356 650 2428 pronitntiavitet
662 2358 751 2412 vetuit.
787 2356 830 2412 At
852 2353 902 2428 qui
921 2371 958 2410 ex
977 2354 1046 2412 hoc:
1064 2357 1251 2429 pronuntiavit
1272 2365 1296 2412 ct
1318 2360 1413 2415 edicit.

330 2440 378 2496 fit:
395 2443 584 2514 preriuntiaret
605 2449 630 2496 et
651 2438 751 2496 vetuit?
785 2439 909 2497 Mirifice
927 2439 1073 2496 interdum
1091 2439 1233 2516 philologi
1252 2441 1415 2499 conivendi

328 2534 422 2582 ortem
456 2521 580 2602 tenent)
634 2526 772 2582 Valerius
795 2527 875 2582 Max.
909 2535 939 2582 et
971 2525 1097 2601 epitome
1126 2526 1252 2582 Liviana
1284 2526 1412 2599 addunt,

331 2611 463 2671 Silenum
487 2610 577 2666 vitem
600 2611 757 2687 suspendio
780 2611 879 2668 finisse
907 2628 960 2667 uec
987 2621 1100 2687 patrem
1123 2611 1151 2667 ei
1174 2611 1316 2686 exequias
1338 2613 1411 2670 isse.

329 2697 418 2775 [Mox
447 2697 494 2753 tibi
514 2698 619 2753 videtur
635 2716 689 2773 pro
706 2699 760 2754 trid.
784 2707 801 2753 t.
821 2715 858 2752 ex
880 2697 937 2754 ΑΕ
953 2695 1146 2774 restitutum]

416 2783 519 2840 dolores
552 2783 665 2858 denique
693 2815 733 2824 -
763 2784 846 2856 officii
877 2777 1000 2862 purtem)
1038 2781 1125 2840 Adeo
1159 2782 1247 2854 haec,
1281 2781 1307 2839 si
1341 2784 1412 2840 sols

329 2875 509 2944 spectentur,
533 2877 600 2942 epte
623 2879 654 2925 et
675 2867 867 2927 Ciceroniene
890 2867 1069 2937 dictasunt,
1092 2867 1166 2924 adeo
1188 2868 1300 2924 nullam
1323 2868 1412 2925 addi-

330 2953 453 3012 tamenti
481 2962 533 3010 sut
564 2962 664 3012 notem
692 2963 744 3010 eut
765 2971 883 3010 causam
911 2953 1036 3018 hebent,
1070 2962 1103 3009 ut
1135 2953 1226 3010 deleri
1259 2954 1411 3012 mutarive

330 3039 412 3097 nullo
429 3039 517 3096 modo
533 3039 656 3114 possint,
680 3057 746 3096 cum
767 3039 940 3114 praesertim
964 3048 1096 3114 apertum
1115 3038 1163 3110 sit,
1186 3038 1256 3114 quid
1269 3038 1411 3097 Ciceroni

329 3125 484 3193 occiderit,
517 3133 552 3182 ut
584 3126 626 3182 sie
659 3124 810 3182 scriberet
866 3125 942 3180 Nam
973 3143 1038 3181 cum
1071 3123 1107 3180 de
1135 3124 1410 3200 praetermittendis

329 3211 531 3286 voluptatibus
565 3211 702 3274 dixisset,
743 3210 877 3286 sugendo
916 3228 1089 3286 progressus
1122 3220 1167 3268 est
1198 3210 1236 3266 ed
1270 3210 1411 3268 dolorum

319 3297 420 3375 'officii
453 3313 541 3353 censs
574 3296 789 3372 susceptionem
822 3295 1115 3352 commemorandam.
1166 3297 1204 3352 Et
1232 3305 1331 3352 temen
1366 3296 1412 3353 ita

329 3383 402 3440 hsec
435 3383 545 3457 scripte
577 3391 660 3452 sunt,
699 3391 748 3452 ut,
788 3381 838 3456 qni
866 3389 1015 3455 tamquam
1048 3391 1127 3438 recte
1161 3381 1271 3456 scripta
1304 3379 1411 3438 delen·

329 3469 398 3526 dere
426 3468 512 3536 velit,
546 3467 620 3524 nihil
647 3476 731 3544 egst3
765 3467 923 3524 voluerunt
944 3475 1041 3523 sutem
1065 3465 1158 3526 Gzius
1180 3477 1211 3523 et
1232 3467 1319 3536 Otto;
1354 3487 1410 3524 vo·

329 3554 372 3611 let
399 3571 500 3611 omnes
528 3553 608 3611 natio
642 3552 913 3628 superstitiosorum
935 3551 1204 3610 Ciceronienorum.
1248 3554 1411 3628 Ineeperet

329 3640 407 3698 enim
435 3657 454 3696 e
480 3657 579 3696 rerum
601 3638 825 3696 iniucundsrum
854 3647 884 3694 et
906 3637 1095 3694 molestarum
1117 3638 1409 3711 commemoratione,

329 3743 405 3800 quse
427 3724 509 3781 nulle
531 3733 687 3800 expectata
708 3724 869 3799 voluptatis
887 3723 1019 3780 mercede
1042 3724 1274 3798 susciperentirr3
1296 3723 1409 3781 addere

328 3819 460 3888 poteret:
494 3828 560 3867 cum
581 3810 740 3868 omissione
763 3809 850 3867 etism
879 3809 1055 3883 voluptetim
1088 3809 1162 3866 illud
1183 3809 1322 3866 vitiosum
1345 3818 1409 3867 est:

328 3906 363 3954 ut
384 3896 473 3954 etiem
496 3895 621 3954 moleste
642 3895 848 3970 suscipientur.
893 3894 1033 3952 Davisius
1056 3895 1129 3952 haec
1151 3895 1250 3951 omnio
1271 3894 1408 3966 delebst3

328 3982 464 4040 Bremius
503 3981 663 4039 modestius
702 4000 792 4057 supre
824 3981 947 4038 tollebat
979 3997 1067 4037 voces
1101 3982 1216 4037 dolorem
1243 3983 1338 4045 ιηἀηι,
1374 3991 1409 4037 ut

329 4086 383 4143 pro
406 4087 483 4142 quem
506 4068 683 4125 scriberetur
701 4087 777 4142 quae
802 4084 860 4140 quo
888 4065 1017 4124 remedio
1040 4085 1098 4122 non
1121 4066 1246 4122 multum
1268 4064 1407 4122 efficitur.

329 4153 407 4210 Nam
424 4153 472 4210 vel
490 4154 532 4210 sic
548 4153 620 4210 hoec
643 4153 794 4210 dicuntur:
816 4161 849 4208 ut
870 4152 1002 4208 omittam
1027 4152 1159 4222 moleste,
1181 4169 1256 4225 quse
1275 4152 1407 4226 optimus

328 4239 453 4313 quisque
486 4239 609 4315 suscipit
636 4238 698 4296 sine
721 4257 773 4314 spe
803 4238 961 4311 mercedis,
991 4235 1053 4316 (hic
1075 4236 1292 4295 subsistendum
1326 4247 1407 4308 erst;

328 4324 381 4381 sed
404 4319 549 4406 additum)
580 4324 641 4394 „ite
662 4333 696 4381 ut
717 4324 806 4382 etiem
828 4323 945 4380 dolores
968 4323 1139 4399 suscipiat“.
1182 4323 1251 4380 Non
1274 4321 1408 4380 tulerunt
