3018 5052
304 400 370 464 420
543 429 545 434 ·
699 417 743 462 na
766 417 897 464 sturnus
920 415 991 462 sou.

304 585 443 668 appello,
465 586 612 668 quoniam
641 593 759 652 rectum
786 585 901 650 iactum
928 577 1145 668 κατόρθωμα),
1179 595 1263 652 rocta
1290 587 1383 668 igitur

305 690 434 768 allectio,
457 689 531 753 item
553 689 780 768 convenientia,
803 689 937 770 denique
959 689 1063 769 ipsum
1085 689 1214 768 bonum,
1247 689 1331 770 quod
1352 689 1381 752 in

305 811 342 858 eo
365 792 501 873 positum
523 801 580 870 cst,
604 801 639 856 ut
650 799 782 856 naturae
794 792 977 870 consentiat,
1000 791 1159 856 crescendi
1176 791 1383 857 accessionem

304 895 419 960 niumm
441 893 542 960 habet.
586 897 637 960 to.
661 893 705 958 l't
726 895 808 959 enim
830 895 1049 976 opportunitas
1070 895 1137 972 illa,
1161 895 1205 960 sic
1227 896 1318 972 haec,
1346 895 1384 959 de

266 997 418 1078 liquibus
451 996 528 1076 dixi,
562 1016 624 1061 non
656 995 735 1062 fiunt
767 997 918 1079 temporis
946 997 1150 1078 productione
1178 997 1312 1074 maiora,
1346 997 1384 1062 ob

307 1119 437 1182 caroque
470 1117 596 1164 mirsam
625 1099 735 1165 Stoicis
764 1119 825 1166 uon
854 1100 977 1166 videtur
1004 1100 1170 1180 optabilior
1203 1119 1260 1166 nco
1287 1099 1385 1180 magis

376 1293 385 1336 1
416 1287 480 1354 qnod
497 1299 553 1352 tpro
572 1287 693 1352 quonium)
717 1289 738 1336 E
805 1285 962 1354 [catorthoma
986 1286 1020 1355 A]
1085 1288 1120 1336 ito
1142 1287 1303 1338 concutientur
1321 1297 1385 1338 recto

305 1357 377 1422 iyitnr
395 1359 435 1422 eff.
455 1357 476 1407 C
513 1363 535 1404 4.
555 1355 613 1406 enim
632 1373 682 1406 orn.
702 1356 722 1408 C
759 1361 782 1406 6.
802 1373 853 1406 eom
874 1363 928 1418 lom,
951 1365 1003 1420 quel
1022 1356 1160 1420 (leonisque
1181 1376 1229 1408 rem
1250 1359 1266 1406 1,

305 1567 427 1623 verbum
440 1566 584 1634 retinens3
609 1565 714 1624 Cicero
726 1567 763 1625 ad
776 1568 840 1624 Au.
857 1567 945 1627 XVI.
965 1567 993 1632 8,
1010 1567 1022 1622 l
1044 1565 1146 1622 dubito
1169 1585 1206 1622 on
1224 1585 1282 1622 non
1295 1566 1386 1642 scrip·

305 1653 377 1710 serit
399 1655 508 1727 quiqui3
544 1669 638 1725 neque
666 1653 744 1709 enirn
772 1661 843 1728 apta
865 1661 910 1708 est
932 1651 1117 1727 significatio,
1142 1651 1300 1710 Octavium
1324 1652 1387 1709 sine

305 1738 474 1796 discrimine
493 1756 604 1807 omnes,
628 1738 804 1812 quicumque
827 1737 960 1796 Calatiae
987 1737 1113 1801 fuerint,
1147 1738 1322 1813 perduxisse
1350 1738 1386 1794 ad

306 1843 389 1882 sitam
413 1823 599 1884 sententiam.
623 1823 932 1892 etlllcdiceusoodex,
957 1824 985 1882 in
1009 1823 1281 1897 quoitescribitur.
1306 1843 1387 1880 rnen·

306 1911 376 1967 close
411 1910 520 1968 omittit
553 1920 615 1966 sum
649 1928 769 1986 prorsus
803 1919 906 1968 contra
945 1909 1097 1969 Ciceronis
1137 1910 1387 1968 consuetudinem.

306 1993 381 2078 (Pro
405 1997 481 2055 Sest.
506 1997 544 2052 97
575 1995 712 2052 utendum
746 1996 802 2052 hoc
835 2004 897 2052 erat
927 1995 1087 2053 editionum
1118 2015 1177 2053 non
1205 1994 1388 2074 multorum.)

306 2081 452 2160 [Philipp.
476 2083 518 2145 ΙΙ,
540 2083 599 2140 100
623 2082 873 2156 uernoprobavit:
897 2101 947 2138 nou
970 2102 1016 2151 eu,
1040 2100 1180 2156 quaequae
1203 2093 1283 2158 post:
1317 2101 1388 2156 quoe

306 2169 428 2242 quiricum
462 2185 515 2223 nec
543 2167 621 2242 apud
651 2167 767 2224 Livium
798 2169 939 2237 xxvn,
970 2167 1020 2236 28,
1041 2169 1058 2222 2
1083 2167 1226 2224 Puteanei
1251 2167 1387 2224 mendum
1431 2219 1433 2224 .

306 2274 442 2328 qciosqiaeos
462 2257 599 2328 paucimos
622 2252 816 2324 defensorem,
840 2254 917 2327 quod
937 2252 1037 2313 sciam.
1060 2251 1187 2331 habuit]
1221 2253 1317 2327 Quam
1330 2273 1387 2310 non

306 2340 433 2396 usitatus
455 2337 545 2396 fuerit
567 2338 690 2413 pluralis
702 2357 851 2403 numerus,
874 2339 1002 2396 ostendit
1021 2337 1094 2395 illud
1112 2347 1230 2414 poetae:
1257 2339 1389 2414 Quisquis

307 2427 413 2500 ulique,
437 2427 496 2482 cici.
520 2427 617 2481 dociles
634 2427 764 2482 advertite
786 2435 883 2482 irretitos
906 2435 935 2482 et
957 2424 1074 2482 similia.
1114 2425 1267 2482 Feurinino
1290 2435 1387 2482 autem

307 2530 415 2588 genere
438 2529 525 2568 nemo
548 2511 667 2567 omnino
696 2529 766 2567 usus
795 2521 839 2568 est
867 2511 1066 2585 antiquiorum
1096 2510 1156 2568 ullo
1185 2530 1308 2569 numero
1339 2521 1389 2568 ortt

308 2615 393 2666 casu3
417 2596 516 2670 itaque
540 2596 747 2660 vetustissimi,
772 2615 837 2654 cum
861 2615 896 2653 eo
918 2607 1061 2666 carerent,
1097 2597 1161 2654 ausi
1185 2609 1253 2654 sunt
1275 2597 1389 2654 dicere:

308 2686 410 2754 inridier,
434 2685 559 2756 quisquis
582 2702 609 2738 ea
633 2693 661 2738 et
684 2682 801 2739 similia.
842 2683 974 2752 Tacitus,
998 2682 1049 2755 qui
1068 2682 1179 2757 primus
1192 2685 1293 2740 ccciiiine
1304 2683 1390 2752 dixit,

309 2769 397 2825 etiam
421 2768 542 2843 primus,
566 2787 631 2824 curn
655 2787 762 2842 quoquo
785 2777 871 2836 esset,
896 2768 982 2824 linxit
1004 2787 1116 2842 quoquo
1138 2771 1219 2824 dere.
1250 2768 1329 2825 Nam
1353 2787 1392 2825 ex

308 2853 450 2911 adverbio
473 2873 586 2928 quoquc
609 2853 701 2911 nihilo
725 2854 791 2928 plus
814 2853 951 2915 efficitur,
976 2871 1063 2927 quum
1082 2873 1278 2928 exquoquom.
1303 2855 1392 2910 loud-

310 2960 457 3015 quuqnom.
481 2959 652 3014 nequaquam
675 2939 784 2996 dictum
797 2939 885 2996 etiarn
898 2958 977 2996 esse:
993 2941 1259 3014 seininoquoqucm.
1288 2939 1392 2998 Aliam

310 3026 388 3083 enim
411 3025 462 3083 illa
484 3025 626 3082 adverbia
647 3025 791 3082 rationem
810 3025 928 3081 habent.
972 3025 1100 3100 Qiiucquc
1127 3045 1181 3100 pro
1208 3045 1394 3100 quoecumque.

310 3111 483 3171 Ciceronem
512 3129 570 3168 non
601 3111 735 3186 posuisse
758 3111 866 3170 videri,
901 3110 1015 3167 dicetur
1042 3111 1080 3168 ad
1109 3115 1123 3180 ὅ
1153 3113 1203 3168 51.
1248 3112 1393 3168 Restabat

310 3199 406 3274 ipsum
430 3217 620 3272 qrruecmuque.
646 3197 702 3254 nisi
726 3196 862 3253 meliores
885 3195 1001 3253 codices
1023 3196 1106 3271 sequi
1130 3215 1165 3252 eo
1189 3197 1282 3272 magis
1307 3215 1394 3273 prae·

311 3294 411 3349 staret,
435 3283 514 3358 quod
537 3283 584 3340 hic
607 3283 780 3358 simpliciter
803 3301 895 3356 genus
923 3283 1075 3352 delinitum
1103 3283 1202 3339 omnia
1224 3293 1396 3358 opportuna

311 3369 455 3426 eiusmodi
478 3388 551 3437 csse,
575 3369 652 3426 adici
676 3388 749 3444 opus
772 3388 830 3424 non
854 3379 925 3424 orat.
971 3369 1044 3426 Mox
1067 3371 1278 3442 rectomsuctnm
1293 3370 1398 3443 potius

312 3475 414 3528 (quiam,
450 3465 482 3511 ut
514 3454 585 3512 alibi
614 3474 730 3530 semper
763 3453 818 3531 (24
837 3463 867 3510 ol
885 3456 934 3526 59,
963 3453 1042 3531 cet).
1072 3465 1141 3511 recte
1155 3457 1262 3528 suetum
1286 3455 1398 3512 (ficeto

312 3540 423 3596 dixisse
454 3541 586 3605 videtur,
620 3541 699 3614 quod
733 3541 881 3597 contraria
909 3551 971 3596 erat
1001 3551 1072 3597 recto
1100 3543 1207 3614 effectio.
1257 3541 1305 3597 De
1329 3541 1401 3617 ipsa

313 3625 460 3682 sententia
483 3626 604 3682 vid'ad
627 3633 640 3694 §
666 3627 715 3682 48.
1120 3625 1124 3634 ’

399 3721 427 3768 ut
449 3721 562 3768 liutricus
584 3715 743 3785 coriscietiut)
767 3711 969 3768 Gruuunatice
993 3710 1048 3768 hoc
1070 3709 1198 3768 refertur
1219 3711 1256 3766 ad
1279 3711 1402 3781 doricum

312 3815 367 3854 nec
389 3806 488 3854 minen
511 3797 618 3854 bonnm
643 3797 738 3872 ipsum
763 3796 909 3854 consentit
931 3805 1064 3868 naturae,
1089 3796 1141 3853 sed
1164 3797 1333 3854 consentire
1347 3817 1404 3855 na·

313 3893 396 3940 turae
419 3883 528 3940 bonum
552 3893 605 3939 cst.
635 3883 740 3957 Itaque
764 3883 870 3941 Cicero
893 3881 1047 3940 brevitatis
1065 3899 1153 3939 causa
1166 3883 1261 3938 minus
1273 3885 1405 3960 proprie

314 3969 398 4026 dixit.
443 3969 516 4026 Mox
539 3971 676 4026 crescendi
695 3972 813 4024 accessio
841 3987 876 4024 ea
904 3967 1025 4038 dicitur,
1060 3987 1135 4042 quae
1164 3967 1325 4026 crescendo
1358 3971 1404 4030 fit.

313 4065 383 4112 noto
406 4055 535 4130 genetivi
558 4074 623 4115 usu.
648 4055 833 4128 maximeque
855 4054 1000 4130 gerundiiq
1024 4054 1131 4128 dequo
1154 4054 1184 4110 in
1207 4053 1340 4129 epistula
1366 4057 1406 4114 nd
1502 4053 1505 4060 Δ

314 4139 406 4198 Orell.
429 4160 457 4216 p.
482 4142 520 4198 :a
545 4141 684 4216 exposui3
718 4139 777 4196 ulia
805 4139 924 4216 collegit
946 4140 1179 4198 Henrichsenius
1207 4139 1244 4195 ad
1267 4138 1336 4198 Cic.
1368 4143 1409 4200 de

315 4223 397 4282 Oret.
420 4227 461 4296 ΙΙ,
490 4229 563 4296 118;
587 4226 675 4284 simili
699 4225 785 4282 innodo
807 4229 895 4282 coertio
918 4228 1092 4300 ‹lip'cuclcncliq
1123 4225 1153 4282 id
1176 4233 1235 4288 est,
1259 4243 1342 4300 quse
1367 4230 1410 4286 ad

314 4310 514 4369 defensionem
538 4313 675 4387 pertinet,
699 4311 807 4368 dicitur
828 4331 882 4387 pro
905 4311 1013 4369 Flacco
1038 4311 1087 4368 31.

401 4399 452 4454 46.
480 4397 577 4454 Stoicis
600 4419 651 4454 oon
674 4400 779 4455 tolletur
801 4391 954 4477 optabilior)
988 4397 1166 4454 Plutarchus
1189 4396 1254 4453 adv.
1279 4396 1412 4460 Stoicos
