2956 5028
353 333 417 398 294
746 353 791 398 na
813 353 945 400 amisus
967 355 1039 400 nou.

353 519 457 596 veritis,
480 519 520 583 sit
541 538 558 583 e
581 521 727 600 corpore)
750 518 844 584 situm
866 528 913 585 est
935 521 1040 586 vivere
1062 523 1160 588 beate.
1206 524 1313 601 Quid?
1364 526 1472 590 istan

352 621 543 700 voluptatem
566 627 749 701 perpetuam
772 622 842 702 quis
864 629 969 703 potest
990 631 1155 704 praestare
1173 625 1345 706 sapienti?
1382 627 1456 691 Na.

352 720 465 804 quibus
487 722 580 787 rebus
602 720 777 786 efficiuntur
788 724 975 805 voluptates,
997 743 1053 790 eae
1071 745 1132 790 nou
1145 728 1260 791 suntin
1278 736 1468 808 potestat

353 823 512 905 sapientis.
556 825 627 888 Non
649 823 783 888 enimin
806 825 876 905 ipsa
898 827 1051 907 sapientia
1073 828 1211 908 positum
1238 837 1288 893 est
1310 829 1467 896 beatur

315 927 433 1003 besse,
456 927 512 990 sed
532 925 614 990 iniis
626 926 728 1004 rebus,
752 944 830 1008 quas
838 927 995 1008 sapientia
1006 937 1168 1009 comparat
1181 930 1463 1012 advoluptaten

354 1027 468 1090 Totum
495 1033 599 1092 autem
626 1028 658 1092 id
680 1034 840 1092 externum
868 1035 929 1108 est,
962 1036 994 1092 et
1021 1031 1106 1110 quod
1138 1040 1314 1108 externum,
1366 1033 1415 1096 id
1447 1037 1474 1097 ir

354 1146 429 1192 casu
451 1137 507 1193 est.
552 1129 601 1194 Ita
622 1128 658 1193 fit
679 1129 788 1193 beatae
810 1131 893 1194 vitae
920 1131 1046 1195 domina
1067 1130 1207 1211 lormna,
1240 1152 1346 1214 quam
1379 1135 1463 1216 Epi

353 1247 447 1294 curus
469 1231 514 1294 ait
535 1231 677 1312 expuam
699 1231 887 1295 intervenire
909 1231 1050 1311 sapienti.

438 1331 584 1396 XXVIII.
608 1335 658 1397 90.
693 1333 768 1412 Age,
790 1331 921 1413 inquies,
944 1333 1005 1397 ista
1027 1345 1219 1414 parvasunt.
1253 1335 1437 1417 Sapiente

295 1436 336 1500 10
351 1433 522 1514 locupletat
542 1433 613 1515 ipsa
635 1441 757 1512 natura,
780 1433 1002 1498 cuiusdivitias
1014 1434 1168 1515 Epicurus
1191 1437 1359 1516 parabiles
1383 1458 1453 1503 ess
1473 1488 1476 1494 .

353 1535 466 1600 docuit.
491 1571 531 1579 —
554 1535 640 1599 Haec
661 1535 914 1614 benedicuntur,
937 1554 994 1600 nec
1016 1554 1074 1617 ego
1097 1555 1251 1618 repugn03
1275 1539 1337 1602 sed
1366 1540 1472 1604 inter

353 1655 422 1703 sese
442 1637 514 1717 ipsa
535 1644 684 1718 pugnant.
735 1637 838 1718 Negat
865 1637 946 1701 eninr
976 1637 1158 1703 tenuissimo
1187 1637 1285 1718 victu,
1316 1639 1358 1704 id
1398 1655 1467 1707 est.

425 1873 662 1942 1[οἰ1αοοη)οτο
681 1873 715 1940 Α]
741 1875 772 1922 sit
795 1873 1012 1952 pupdetcorpore
1031 1874 1156 1925 Lucet
1172 1875 1386 1940 quodetiam-p
1409 1877 1461 1925 PR

353 1949 376 1991 3.
398 1941 439 2010 [lte
450 1942 485 2011 A]
497 1943 538 1993 dee
553 1943 597 1992 EC
615 1943 660 1992 Iac
679 1941 785 2004 (Potor.
822 1942 846 1990 ia
861 1951 978 2007 potestate
996 1951 1050 1991 ruat
1069 1941 1132 1992 EOr.
1155 1941 1187 2010 [in
1207 1960 1257 1994 orn.
1273 1943 1318 2008 ΔΙ]
1366 1951 1395 1998 5
1418 1946 1459 1992 his

353 2012 398 2061 Le
449 2011 508 2079 [qua
525 2028 577 2076 rap
599 2009 654 2078 Ebl·
688 2011 1023 2076 s.exaerenum1t1’c(bis)
1060 2019 1095 2060 est
1117 2027 1164 2060 om.
1187 2011 1353 2062 tPttckor.
1433 2021 1458 2062 ⁸.

353 2080 500 2128 obvenireL
560 2085 595 2128 10
624 2078 771 2143 Epicurus
761 2078 999 2144 preparatione
1054 2085 1092 2129 ll.
1111 2097 1153 2129 aaa
1172 2080 1358 2144 (pruiaec)E
1413 2087 1454 2128 12.

353 2155 484 2212 repupaaat
502 2147 547 2199 Ec
600 2146 661 2197 idem
681 2149 739 2213 (pre
758 2146 785 2196 id
801 2155 847 2204 ert)
867 2149 888 2196 ll

439 2340 474 2394 sit
495 2337 653 2413 accipere)
677 2337 741 2405 Sic,
765 2347 797 2395 ut
809 2337 922 2412 primus
939 2339 1015 2394 Dav.
1035 2336 1136 2406 edidit,
1160 2337 1249 2394 etiam
1273 2338 1356 2412 Spir.
1378 2335 1451 2417 [B].

353 2422 506 2481 Edebatur
527 2423 620 2479 enim:
642 2425 717 2497 quod
737 2434 762 2480 et
789 2427 815 2479 io
838 2441 948 2498 corpore
976 2423 1074 2500 (utin
1098 2421 1166 2498 PR)
1195 2431 1224 2478 et
1247 2422 1290 2479 sic
1311 2423 1386 2479 Pal.
1415 2424 1451 2488 35

354 2507 444 2565 ceteri
456 2507 543 2578 Pau,
557 2517 681 2583 excepto
693 2508 799 2584 primo,
812 2508 920 2579 Mead.‚
943 2508 1012 2564 Par.
1026 2508 1055 2577 2,
1067 2520 1122 2583 χο),
1136 2506 1214 2567 Gud.
1232 2510 1257 2576 1,
1270 2507 1342 2564 Bas.
1369 2509 1449 2582 pratel

354 2605 378 2651 et
399 2611 522 2667 corpora
546 2587 588 2661 Εξ
610 2595 684 2666 qaod
705 2603 744 2650 est
765 2597 794 2650 ia
815 2612 933 2668 coepere.
958 2586 1108 2675 [Baiterus
1135 2589 1192 2668 aa]
1224 2592 1366 2649 Moxnon
1380 2603 1448 2649 eruat

353 2682 380 2736 in
398 2688 458 2753 pot.
479 2678 607 2735 naturali
630 2678 786 2735 verborum
815 2677 918 2735 ordine
947 2696 1048 2734 omnes
1077 2686 1146 2733 ante
1168 2676 1293 2748 Gaium,
1324 2678 1380 2752 qui
1405 2695 1444 2732 ex

354 2763 416 2821 Erl.
439 2771 469 2818 et
492 2762 569 2838 Spir.
593 2759 647 2842 [B]
671 2765 804 2820 mutavit.
849 2761 920 2840 [Eat
947 2772 1015 2838 post
1043 2773 1182 2818 artemiam
1210 2780 1287 2819 nuuc
1310 2761 1444 2819 accessit

354 2867 393 2906 ex
405 2847 541 2917 ABErl.;
563 2848 593 2903 in
606 2867 672 2904 mea
684 2849 841 2905 collatione
853 2855 1025 2904 annotatum
1044 2865 1101 2904 non
1125 2845 1213 2924 erat]
1236 2848 1283 2904 De
1301 2858 1442 2904 extrema

354 2934 442 2991 huius
470 2933 575 3008 capitis
599 2934 744 2990 sententia
767 2933 877 2990 dictum
900 2941 945 2990 est
967 2933 1005 2988 ad
1026 2933 1052 3001 Ι,
1079 2933 1127 2988 63.

441 3017 513 3093 Cap.
531 3018 685 3087 XXVIII,
704 3020 753 3075 90.
777 3019 917 3092 Epicurus
934 3017 1075 3092 parabiles
1086 3036 1143 3074 esse
1154 3015 1257 3094 docuit)
1281 3018 1345 3092 Ipse
1369 3025 1441 3092 post

355 3105 495 3179 Epicurus
512 3123 549 3160 ex
567 3103 656 3179 Cper
667 3104 871 3160 Manutianarn
894 3101 963 3158 edit.
986 3112 1182 3179 propagatum
1194 3101 1231 3158 ad
1250 3111 1364 3159 ceteras
1378 3111 1438 3162 esu

356 3188 476 3246 sustulit
487 3189 563 3244 Dav.
576 3187 745 3245 auctoribus
758 3197 843 3245 utens
856 3187 940 3244 codd.
953 3187 1014 3244 suis
1026 3197 1180 3262 quattuor;
1199 3186 1344 3244 accedunt
1358 3187 1437 3245 Oxx.

355 3283 385 3330 et
396 3272 466 3331 Gaii
478 3291 588 3329 omnes.
632 3275 678 3330 De
701 3273 848 3330 sententia
869 3272 929 3328 vid.
952 3271 1090 3344 911145.
1124 3272 1220 3329 Paulo
1237 3281 1304 3346 post
1321 3271 1352 3328 in
1371 3277 1435 3328 arim

355 3357 438 3456 (post
459 3357 562 3432 Nepet)
585 3358 726 3414 haerebat
748 3359 835 3428 Dav.
858 3375 917 3414 non
939 3357 1124 3435 intellegens,
1148 3367 1180 3413 nt
1202 3357 1258 3426 ait,
1287 3358 1373 3414 euius
1395 3353 1437 3411 rei

354 3443 431 3501 ratio
454 3443 636 3500 redderetur.
680 3443 856 3518 Explicatur
883 3445 1080 3518 repugnantia
1102 3443 1169 3512 illa;
1203 3459 1257 3498 nec
1279 3450 1379 3499 tannen
1402 3457 1434 3494 ea

356 3527 516 3604 explicatio
539 3527 594 3584 hac
618 3529 764 3585 sententia
785 3527 959 3598 absolvitur
983 3529 1056 3584 sed
1048 3529 1212 3624 incipitur3
1226 3526 1285 3583 vid.
1298 3527 1373 3592 adl
1390 3526 1433 3581 18.

355 3614 506 3710 Epicurus
525 3613 603 3708 apud
621 3612 752 3710 Diogen.
769 3614 810 3682 X
828 3613 901 3669 130:
932 3605 970 3670 Οἱ
993 3601 1068 3669 λιτοι
1088 3599 1212 3706 putor*
1192 3627 1261 3706 popa
1284 3608 1438 3668 πολυτελεῖ

357 3690 456 3770 διαίτῃ
473 3686 526 3771 τὴν
544 3686 648 3772 ἡδονὴν
670 3690 901 3792 προσφέρουσιν,
924 3683 997 3752 ὅταν
1020 3682 1100 3752 ἅπαν
1122 3685 1157 3751 τὸ
1170 3685 1290 3786 ἀλγοῦν
1309 3688 1371 3751 κατ’
1395 3685 1432 3748 ia·

357 3781 438 3838 datas
438 3773 655 3879 diaspedp·
633 3800 682 3836 και
674 3769 788 3853 μοίζο
810 3768 858 3834 καὶ
864 3767 959 3877 vdeop
987 3771 1039 3854 τὴν
1062 3763 1232 3856 ἀκροτοτην
1255 3773 1433 3836 ἀποδίδωσιν

356 3848 477 3938 ἡδονήν,
501 3856 618 3920 e’aatdaa
640 3857 743 3920 ἐνδέων
765 3883 810 3928 τις
834 3853 912 3919 αοτὰ
934 3857 1149 3940 προσφέρηται.
1172 3861 1270 3920 Alia·
1260 3881 1291 3920 m
1314 3863 1431 3920 eandem

357 3949 533 4005 sententiam
556 3950 593 4004 ab
616 3949 745 4025 Epicuro
768 3948 846 4005 dieta
869 3949 958 4004 habet
981 3947 1241 4006 StobaeusFloril.
1265 3949 1309 4004 tit.
1333 3945 1430 4005 XVII.

359 4033 398 4089 23
432 4043 462 4089 et
492 4035 532 4089 34
565 4053 594 4108 p.
625 4035 699 4103 158,
737 4033 795 4088 159
830 4032 922 4091 Gesn.
982 4035 1062 4088 Ante
1097 4036 1248 4089 ίοηοοέςοὶιοο
1275 4034 1428 4090 Lambinus

358 4118 485 4174 addebat
507 4138 534 4188 e,
563 4129 596 4175 ut
624 4124 638 4188 ξ
672 4120 710 4175 96
735 4138 768 4174 aa
790 4127 858 4174 ante
885 4121 1026 4188 maredo,
1061 4135 1119 4176 non
1147 4117 1246 4176 ferens
1274 4118 1428 4175 abiaticum

357 4201 455 4258 laxius
483 4221 549 4259 euin
571 4203 760 4261 instmmenti
782 4203 995 4280 significatione
1018 4203 1198 4260 adiunctum.
