2998 5020
432 417 475 462 ur
498 417 579 464 usn.
599 417 701 464 nutv
724 417 795 464 cae.
813 421 850 464 ιι.
1114 399 1178 466 655

105 585 216 666 Neque
238 585 332 665 enim,
365 585 392 650 si
414 585 553 650 nonnulli
574 584 786 666 reperiuntur,
818 585 872 667 qui
899 591 954 650 eut
973 585 1101 667 laqueos
1122 595 1178 652 aut

105 687 168 752 alia
190 687 283 752 exitia
304 693 465 769 quaerent
488 694 551 765 aut
573 687 635 770 [ut]
657 686 708 752 illc
730 687 815 769 apud
831 688 1020 767 Terentium,
1042 687 1095 770 qui
1116 687 1176 752 de-

176 879 199 923 2.
217 882 260 924 aut
276 889 324 928 om.
345 875 365 923 t
400 883 426 924 ut
443 875 496 924 aine
514 876 587 924 uncis
606 873 650 924 Or.

103 1049 250 1124 reliquam
273 1049 450 1106 orationem:
481 1049 558 1106 Haec
580 1080 621 1089 -
643 1059 682 1105 est
705 1051 841 1119 solonem,
875 1067 929 1123 quo
949 1050 1095 1123 reficiaris5
1128 1051 1176 1121 illi,

104 1146 236 1210 qnantum
253 1144 345 1210 potes,
375 1144 399 1190 te
420 1137 506 1208 inape,
528 1136 601 1190 illios
623 1133 701 1209 cet).
745 1133 917 1211 (Sallustius
940 1131 1004 1192 Cat.
1026 1135 1064 1191 10
1086 1134 1177 1192 dixit:

104 1241 137 1277 eo
161 1223 243 1295 quasi
262 1222 385 1276 materies
407 1222 521 1276 omnium
542 1222 673 1276 malornm
688 1223 778 1294 suere,
802 1220 853 1278 sed
874 1228 908 1276 ut
929 1219 1002 1276 duas
1023 1238 1070 1277 res
1093 1217 1177 1298 (ava-

105 1306 205 1363 ritiam
228 1314 258 1382 et
279 1303 482 1378 ambitionem)
505 1305 696 1362 substantivis
718 1305 890 1381 appellatas,
913 1305 949 1362 sd
972 1323 1047 1379 quae
1069 1324 1177 1381 prono·

105 1409 173 1448 men
185 1390 321 1462 refertur,
344 1390 550 1466 distingveret;
573 1399 661 1465 atque
673 1391 761 1448 etiem
784 1390 861 1466 apud
873 1391 989 1448 Livium
1012 1391 1070 1462 ΠΙ,
1090 1391 1140 1462 38,
1157 1394 1175 1448 4

105 1497 165 1533 eam
189 1477 227 1533 ad
250 1476 464 1533 substantivum
486 1475 620 1551 proxime
643 1476 820 1551 praecedens
841 1473 991 1555 refertur.)
1023 1477 1063 1533 Et
1074 1476 1100 1534 si
1110 1495 1178 1553 pos·

105 1571 153 1619 set
174 1563 230 1620 hoc
252 1561 317 1618 loco
340 1581 410 1636 quae
431 1569 535 1618 neutro
557 1579 664 1637 genere
686 1562 765 1637 poni,
789 1571 886 1619 temen
908 1562 1177 1620 verbumsubstan-

103 1648 200 1704 tivum
222 1666 280 1704 non
293 1647 461 1722 praedicato
473 1647 594 1722 propius
604 1647 764 1716 admotum,
776 1648 828 1704 sed
838 1647 916 1704 inter
926 1647 999 1704 duas
1015 1647 1176 1723 praedicati

103 1751 203 1804 voces,
226 1751 301 1806 quae
324 1750 411 1789 unam
434 1732 583 1789 notionem
606 1733 756 1790 continent
778 1733 861 1810 (vitoe
881 1732 1003 1808 evasio),
1025 1741 1175 1808 receptum

103 1817 272 1876 necessario
294 1817 331 1874 ad
354 1817 553 1892 praedicatum
575 1817 854 1876 accommodaretur.
904 1817 998 1891 Quam
1026 1837 1114 1894 saepe
1141 1819 1177 1876 li-

103 1904 196 1960 brarii
213 1923 250 1960 ex
266 1913 301 1972 st,
325 1903 471 1960 scribendi
487 1903 630 1960 rationem
647 1903 825 1980 ignorantes,
847 1902 1052 1976 fecerintount,
1074 1922 1176 1978 quam-

103 2008 163 2063 que
185 1989 215 2046 id
237 1988 388 2062 antiquum
411 1989 547 2045 mendum
564 1989 677 2063 aliquot
693 1989 765 2046 locis
782 1988 820 2046 sit
836 1989 883 2065 (ut
897 1989 926 2046 in
938 1989 1001 2046 cod.
1013 1989 1176 2047 Parisiensi

103 2073 228 2133 Catonis
252 2073 319 2144 §63
337 2084 442 2130 ιιιοιαια
464 2083 526 2130 soret
548 2083 578 2130 et
598 2074 628 2132 iu
653 2075 797 2132 Vaticano
815 2074 946 2150 Philipp.
968 2076 1006 2145 V,
1025 2073 1089 2154 47),
1113 2075 1176 2132 dixi

102 2161 134 2216 in
159 2159 268 2234 Opusc.
290 2159 384 2216 Acad.
410 2159 425 2216 I
448 2179 475 2235 p.
498 2160 566 2216 184.
616 2159 652 2216 In
674 2169 747 2216 orat.
770 2161 801 2216 II
824 2160 860 2216 de
882 2160 938 2236 leg.
961 2178 1022 2236 egr.
1047 2161 1085 2217 95
1109 2179 1175 2218 cum

103 2245 211 2304 Cicero
234 2243 413 2319 scripsisset:
440 2263 474 2302 ee
496 2246 546 2302 boc
567 2249 644 2319 copia
667 2279 706 2286 -
725 2249 845 2320 pensam
866 2247 914 2302 illa
935 2255 1014 2320 copto
1037 2257 1077 2303 est
1098 2265 1176 2302 orro-

100 2335 207 2404 panna,
230 2339 366 2403 quaeest.
388 2364 439 2400 —‚
462 2333 557 2387 deinde
578 2351 610 2386 eo
632 2333 759 2400 tumeries,
783 2340 943 2405 quaeest,
972 2331 1003 2387 in
1026 2331 1176 2388 codicibus

102 2415 214 2492 partim
232 2415 372 2490 scriptum
396 2424 441 2472 est
462 2425 528 2490 opta
550 2426 621 2487 suot,
645 2416 750 2490 partim
767 2427 833 2491 opto
843 2419 911 2490 suit,
933 2416 1039 2474 deinde
1055 2416 1092 2473 ab
1116 2417 1176 2473 edi·

100 2500 218 2558 toribus
244 2499 354 2557 factum
381 2510 447 2557 nato
474 2511 536 2558 suat
558 2511 609 2558 aut
624 2504 690 2575 suit.
724 2502 843 2578 (Capera
864 2505 1047 2576 acropontt'om
1069 2502 1176 2560 dicitur

102 2597 137 2644 ut
160 2589 382 2660 cotimoecopere;
405 2586 526 2643 verbum
549 2587 586 2642 ad
608 2587 690 2662 prius
712 2595 742 2643 et
763 2587 884 2662 propius
906 2597 1037 2663 aptatum
1060 2585 1128 2665 est.)

192 2681 248 2738 out,
261 2669 319 2748 [ut]
332 2673 374 2727 ille
385 2675 462 2746 apud
477 2672 504 2728 T
500 2673 638 2747 mentium)
661 2673 852 2729 Menedemus
868 2672 1176 2730 Heautontimorume-

102 2775 170 2814 nos.
214 2757 316 2814 Verba
338 2757 429 2831 ipsius
451 2757 618 2814 Menedemi
642 2755 711 2836 (act.
728 2759 754 2828 Ι,
769 2760 796 2828 1,
810 2756 864 2833 95)
887 2775 904 2814 e
926 2777 958 2816 se
979 2757 1083 2816 referri
1105 2759 1176 2816 Piso
1208 2821 1213 2830 Ι

101 2842 267 2918 significat:
291 2851 319 2898 ιιι
340 2846 379 2899 ott
400 2846 466 2917 ipsa
505 2843 573 2900 Non
595 2853 675 2900 recte
686 2843 835 2900 Bremius:
858 2847 944 2916 nteit,
966 2847 1023 2918 ipse
1044 2847 1175 2901 domest.

100 2928 165 2987 Sed
187 2927 344 2984 admodum
370 2928 570 3003 perturbatam
599 2947 663 2985 esse
691 2929 868 3000 orationem,
902 2929 1043 2986 Davisius
1071 2929 1176 2998 sensit;

98 3031 173 3070 nam
195 3022 263 3087 post
284 3022 332 3069 out
353 3014 423 3091 (out,
446 3023 475 3070 ιιι
497 3010 563 3090 ilie),
586 3013 759 3088 interposito
782 3015 926 3090 exemplo,
949 3015 1175 3089 nibilsequitur,

100 3097 185 3172 quod
207 3099 381 3156 sententiam
405 3107 434 3156 et
455 3099 571 3175 generis
593 3099 791 3156 definitionem
814 3100 962 3170 absolvst3
986 3119 1039 3156 nec
1061 3108 1175 3157 tantum

100 3183 204 3240 exitus
226 3183 368 3240 orationis
390 3185 428 3241 ad
450 3185 617 3260 exemplum
639 3185 875 3242 accommodatur
897 3204 1018 3242 numero
1041 3183 1175 3262 (institisse

99 3273 162 3344 ipse
185 3267 263 3344 cet),
287 3269 347 3339 sed,
370 3269 400 3325 in
423 3289 481 3344 quo
505 3269 639 3327 concludi
662 3279 692 3326 et
712 3269 813 3345 perfici
829 3269 1070 3342 oretiodebebat,
1092 3271 1123 3327 id
1144 3271 1175 3326 in

99 3354 274 3430 exemplum
296 3355 392 3429 ipsum
415 3355 457 3412 ita
479 3355 639 3412 includitur
660 3353 703 3433 (ιιι
724 3357 767 3412 ille
783 3358 859 3431 opud
875 3357 1023 3413 Terent'utb
1035 3387 1076 3397 —
1088 3358 1175 3413 inimi-

98 3461 153 3498 cus
175 3443 233 3514 tpse
254 3441 453 3515 sibiputondus
465 3439 527 3515 est),
551 3450 584 3498 ut
605 3440 740 3498 instituta
751 3442 896 3498 sententia
907 3442 1045 3518 negativa
1067 3438 1176 3519 (Neque

98 3523 176 3599 cet)
200 3543 319 3600 prorsus
342 3533 500 3583 evertatur.
533 3527 616 3583 Haec
638 3535 720 3582 tenta
741 3527 927 3602 perversitas,
949 3527 1176 3602 cuiuspraeser-

98 3611 157 3668 tim
186 3610 268 3666 nulla
294 3611 413 3669 omnino
446 3629 535 3668 causa
561 3631 599 3668 ex
625 3611 825 3687 implicatione
851 3613 993 3671 orationis
1025 3621 1176 3689 appareat,

96 3697 216 3754 frustm
237 3696 406 3753 anacoluthi
433 3697 550 3754 nomine
578 3696 695 3755 defendi
722 3697 840 3755 videtur
861 3717 879 3754 a
901 3697 977 3756 Gzio
1004 3706 1034 3755 et
1056 3698 1174 3768 ottone,

97 3781 155 3856 qui
177 3780 244 3838 vitii
265 3781 415 3838 minimam
437 3791 550 3858 partem
572 3792 795 3858 perspexerunt,
823 3784 929 3840 Deleto
942 3793 970 3840 ιιι
986 3783 1176 3841 omniarecta

97 3875 204 3924 erunt:
227 3867 323 3941 Neque
344 3870 420 3938 enim,
448 3870 474 3924 si
494 3901 536 3910 -
557 3879 699 3942 quaerent,
721 3879 769 3925 αιιι
790 3871 833 3925 ille
853 3871 930 3944 apud
950 3871 1097 3926 Terentium
1120 3877 1175 3926 cet

97 3955 164 4010 Pro
187 3952 310 4010 alterins
332 3953 448 4028 generis
470 3953 638 4010 definitione
661 3972 726 4011 cum
738 3955 874 4030 exemplo
897 3956 966 4031 (out,
989 3958 1014 4012 si
1034 3959 1082 4030 qui
1102 3956 1174 4011 lobo-

98 4038 180 4096 ribus
202 4057 231 4095 se
252 4048 359 4109 necant,
381 4049 412 4095 ιιι
432 4040 476 4095 ilie
497 4038 569 4118 cet.)
592 4039 688 4115 ipsum
712 4040 878 4115 exemplum
892 4039 995 4098 Cicero
1013 4040 1174 4112 substituit,

98 4135 144 4190 et,
167 4141 235 4182 cum
257 4123 316 4180 duo
339 4131 438 4182 essent
458 4124 591 4181 subiecta
612 4121 710 4203 (neque
731 4128 857 4195 camilli,
880 4129 905 4182 si
925 4129 974 4200 qui
988 4124 1174 4201 -‚aatille)‚

96 4209 140 4265 ad
163 4209 296 4284 propius,
320 4217 353 4266 ut
375 4229 481 4284 saepe,
510 4210 671 4268 orationem
700 4211 946 4268 accommodavit:
978 4214 1098 4269 inimicus
1121 4220 1175 4268 cet.

97 4295 261 4373 (Davisius
284 4304 332 4351 out
354 4295 490 4366 tollebat,
518 4295 624 4352 deinde
647 4295 736 4354 scribi
757 4296 891 4354 iubebat:
924 4299 1023 4354 inimici
1047 4300 1101 4373 ipsi
1126 4298 1178 4354 sibi
