2920 5012
307 409 368 473 114
693 427 738 472 na
760 425 890 474 nmmos
914 427 983 472 aon.

303 595 456 676 maledici,
489 595 670 674 monstrosi,
703 593 754 659 alii
776 603 880 660 nutem
902 595 995 660 etiam
1016 594 1175 660 amatoriis
1196 593 1372 660 levitatibus

303 697 408 776 dediti,
430 697 482 762 alii
502 697 687 779 petulantes,
709 696 911 776 aliiaudaceS,
933 697 1085 778 protervi,
1112 697 1204 762 iidem
1221 697 1372 778 intempe-

374 975 394 1018 l.
413 969 555 1020 momtruort'
569 969 634 1020 Non.
688 969 756 1018 etiarn
775 968 821 1018 alit
835 977 913 1019 cirtem
932 971 954 1018 tt
971 969 1018 1020 ab'r’
1033 971 1102 1020 aiam
1121 969 1141 1019 L
1195 975 1217 1018 2.
1237 969 1283 1019 alir'
1298 987 1372 1035 appe·

301 1037 370 1088 tendo
388 1039 467 1088 omnia
483 1037 615 1104 petulantes
634 1039 653 1088 C
692 1037 761 1104 [idem
780 1037 815 1104 Δ]
835 1037 861 1088 r'd
877 1047 912 1089 aet
931 1038 975 1088 Pa

301 1315 479 1390 perversitas
491 1315 582 1372 totius
590 1323 712 1372 naturae
724 1314 913 1382 indicaretur,
931 1333 988 1372 non
1006 1333 1096 1372 unum
1108 1315 1254 1389 quoddam
1265 1314 1373 1372 vitium

299 1400 495 1471 cotidianum3
519 1417 613 1474 neque
635 1418 654 1456 a
675 1400 787 1457 comico
809 1401 882 1457 haec
904 1411 1022 1476 sumpta
1044 1419 1118 1470 esse,
1141 1401 1219 1475 quod
1242 1399 1373 1460 Orallius

300 1485 475 1561 suspicatur,
497 1485 590 1543 ullum
613 1484 817 1543 estindicium.
850 1486 956 1561 Itaque
978 1503 1044 1542 cum
1067 1485 1166 1544 multis
1189 1485 1256 1544 aliis
1275 1486 1373 1562 probo

299 1571 436 1628 Lambini
459 1571 658 1629 coniecturam
680 1575 791 1644 morosi,
822 1589 897 1646 quac
919 1591 979 1629 vox
1002 1571 1153 1647 aptissima
1176 1590 1242 1628 curn
1265 1571 1373 1630 ceteris

299 1655 494 1732 coniungitur.
539 1657 616 1714 Nam
639 1657 845 1714 maledicentia
872 1665 902 1713 et
925 1657 1079 1714 morositas
1105 1657 1136 1713 in
1158 1657 1249 1714 nimio
1270 1675 1375 1734 repre·

299 1741 447 1798 hendendi
469 1742 567 1800 studio
589 1751 671 1809 sunt,
705 1741 863 1800 difficultas
892 1751 921 1799 et
942 1743 1017 1799 lucis
1039 1741 1110 1818 fuga
1136 1743 1166 1799 in
1189 1742 1268 1799 vitae
1292 1759 1374 1800 com·

300 1827 396 1884 munis
420 1827 605 1885 insuavitate.

384 1915 434 1969 alil
453 1924 541 1970 arram
563 1912 655 1988 etrum)
678 1913 747 1970 Non
769 1913 812 1970 ita
833 1931 900 1971 raro
923 1913 954 1970 in
976 1913 1032 1970 bac
1054 1913 1213 1989 partitione
1236 1913 1302 1970 voci
1324 1917 1377 1970 alii

299 1999 393 2056 altero
416 1998 482 2056 loco
504 1997 623 2056 additur
644 2010 741 2070 autem,
765 1999 863 2061 utrv,
877 1999 917 2056 28
940 2007 970 2056 et
991 2017 1046 2074 pro
1057 1999 1181 2056 Plancio
1196 1999 1242 2057 15.
1266 1999 1375 2057 simili·

298 2092 402 2158 terque
424 2093 491 2160 post
508 2087 613 2159 purtim
634 2086 650 2142 Ι
672 2085 710 2142 N.
721 2085 760 2142 D.
774 2086 812 2142 66
837 2085 901 2162 (qui
924 2084 1007 2142 locus
1030 2103 1067 2141 ex
1090 2085 1268 2159 optimorum
1286 2085 1374 2142 codd.

298 2169 415 2226 indiciis
438 2170 480 2226 sic
491 2169 662 2227 scribendus
674 2179 732 2227 est:
754 2171 810 2226 alio
826 2189 933 2245 aspero,
956 2171 1073 2226 rotanda
1084 2172 1148 2228 ab'a.
1169 2173 1271 2246 partim
1282 2180 1375 2228 autem

297 2257 428 2328 copulato
443 2259 547 2329 Jbrruo,
571 2257 680 2312 barnatu
704 2258 839 2330 quaedam
860 2267 885 2312 et
906 2260 988 2330 quael
1007 2257 1131 2324 adunco3
1154 2275 1208 2331 pro
1213 2259 1309 2329 formo
1322 2257 1374 2312 ba·

298 2351 372 2396 mata
400 2339 429 2396 in
458 2341 518 2398 illia
541 2350 585 2398 est
606 2344 762 2415 serenante,
788 2344 937 2416 ,firaruotm
971 2341 1146 2418 corpuscula
1168 2332 1376 2417 cr’yatorpoerdr'p

298 2425 523 2502 significantur).
568 2425 626 2486 Sed
649 2425 747 2485 Gaius¹
772 2428 854 2496 ,sine
883 2427 1006 2502 probato
1035 2426 1171 2502 exemplo
1195 2424 1276 2481 ullo“
1302 2443 1376 2482 con·

298 2529 415 2568 currere
437 2521 522 2586 putat
544 2522 632 2568 ortam
654 2521 683 2568 et
706 2516 799 2582 etiam3
832 2513 931 2587 itaque
954 2523 1040 2569 aretem
1069 2512 1161 2581 delet;
1197 2509 1279 2567 addit
1301 2510 1376 2582 alia,

298 2615 373 2672 quae
394 2596 518 2654 refutari
541 2616 599 2655 non
623 2598 739 2654 debent.
783 2597 941 2674 Repugnat
964 2597 1099 2655 Handiue
1121 2597 1378 2672 Turs.1p.286;

297 2701 365 2738 rara
386 2691 485 2739 tamen
508 2683 630 2758 reperiri
653 2683 790 2758 exempla
801 2692 894 2759 putat.
929 2682 990 2741 Cur
1013 2701 1071 2739 non
1094 2691 1280 2747 concurrant,
1304 2700 1377 2739 curn

297 2767 328 2824 in
351 2768 506 2824 contrariis
529 2778 559 2825 ct
581 2769 705 2826 transitu
729 2769 817 2826 etiam
840 2769 974 2844 gradatio
986 2769 1087 2844 aliqua
1097 2766 1155 2826 sit?
1178 2767 1277 2826 utboc
1290 2767 1378 2838 loco;

297 2853 449 2928 aliquanto
472 2853 549 2910 eninr
572 2854 687 2929 peiores
710 2855 827 2912 suntad
838 2853 1012 2910 turbandam
1024 2855 1114 2912 animi
1126 2852 1380 2928 tranquillitatem

297 2938 458 2996 amatoriae
481 2938 625 2996 levitates.
669 2940 775 3015 ltaque
798 2951 914 3016 praeter
936 2940 1023 2997 huius
1045 2939 1113 2997 libri
1141 2941 1177 2997 16
1201 2948 1231 2995 et
1246 2940 1288 3011 II,
1312 2940 1378 2996 113

297 3024 327 3081 in
351 3043 409 3081 uno
432 3024 507 3082 libro
530 3025 634 3099 quinto
657 3025 714 3084 tria
736 3034 805 3084 sunt
826 3025 972 3100 exempla,
996 3030 1011 3096 ᾖ
1036 3027 1091 3082 35:
1114 3027 1170 3082 Est
1191 3027 1379 3082 antemeticm
1445 3073 1446 3079 ,

297 3113 365 3167 actio
388 3112 522 3185 quaedam
544 3113 663 3185 corporis
691 3107 739 3190 (ut
760 3129 798 3168 cx
820 3111 940 3186 optimis
963 3110 1046 3168 codd.
1069 3105 1237 3189 restituam)
1261 3119 1290 3167 et
1315 3112 1379 3167 55:

297 3195 368 3252 Sunt
390 3207 477 3252 cratem
500 3199 577 3253 etiam
599 3199 717 3254 clamore
740 3199 839 3254 indicia
862 3207 975 3252 natrano
998 3194 1062 3276 (ubi
1075 3195 1245 3272 ipseGnius
1269 3213 1307 3252 ex
1321 3215 1380 3272 op·
1443 3229 1444 3232 ¹

297 3281 377 3338 timis
400 3281 550 3339 codicibus
573 3282 723 3339 revocavit
745 3283 989 3358 impudenterque
1013 3282 1165 3357 ascripsit:
1190 3281 1381 3357 „Sedsupra

297 3365 438 3438 vidimus,
461 3371 539 3424 ctiam
562 3367 591 3424 in
616 3367 788 3425 transitione
810 3387 864 3444 pro
886 3370 954 3424 adeo
975 3377 1044 3443 post
1065 3379 1153 3424 aarum
1175 3367 1258 3437 addi,
1282 3377 1380 3442 atque

297 3452 384 3509 tertio
406 3452 472 3509 loco
495 3453 623 3527 positum
646 3453 755 3528 ubique
777 3471 795 3510 a
817 3453 921 3510 scribis
943 3453 1133 3528 sollicitari“)
1155 3460 1186 3509 et
1209 3452 1266 3510 63:
1305 3453 1381 3510 Cara

296 3547 383 3594 eatan
406 3541 483 3593 etr'am
506 3541 593 3594 eritne
614 3538 649 3594 ab
672 3549 783 3614 atroque
805 3541 887 3596 datur
908 3543 967 3612 rapi
987 3549 1042 3596 cet.

381 3624 431 3678 alii
446 3626 607 3697 petulantes,
630 3625 679 3680 alii
699 3627 827 3696 oructares,
841 3625 976 3700 protervi)
999 3625 1084 3694 Mihi,
1108 3632 1141 3680 ut
1153 3623 1230 3694 aliia,
1253 3641 1315 3680 non
1331 3643 1381 3682 sa·

296 3707 334 3764 tis
345 3707 533 3784 perspicuum
545 3717 599 3780 est,
622 3710 769 3783 quomodo
781 3710 863 3780 haec,
887 3729 963 3785 quae
986 3710 1040 3768 sub
1054 3721 1146 3786 genus
1159 3707 1382 3768 amatoriarurn

296 3792 450 3850 levitatum
473 3794 594 3864 cadunt,
623 3795 653 3851 in
682 3795 795 3870 species
818 3795 1040 3854 distribuantur.
1086 3794 1144 3854 Sed
1167 3803 1265 3851 tamen
1288 3805 1382 3870 puto,

295 3879 421 3955 primum
455 3880 562 3955 partite
590 3882 743 3954 petrrbrrrtee
771 3881 844 3951 dici,
878 3881 927 3955 qui
956 3880 1134 3938 verecundia
1162 3879 1288 3938 aliorum
1316 3899 1383 3938 non

296 3964 501 4036 cohibeantur,
531 3967 664 4036 orrdwes,
698 3965 749 4040 qui
782 3967 890 4024 amoris
917 3985 1007 4023 causa
1028 3965 1161 4042 pericula
1183 3983 1241 4022 non
1264 3965 1381 4038 vitent,

296 4057 358 4107 turn
391 4051 583 4108 communiter
614 4061 768 4126 protervos,
813 4053 876 4109 sine
909 4052 1020 4126 pudore
1049 4061 1079 4109 et
1111 4051 1268 4126 pudicitia;
1304 4070 1382 4110 nam

296 4135 433 4211 coniungi
456 4145 610 4210 protervos
633 4155 699 4194 curn
722 4137 896 4206 audacibus,
930 4146 964 4194 ut
986 4137 1125 4195 contrarii
1154 4137 1213 4194 sint
1235 4137 1382 4212 petulan-

296 4219 389 4289 tibus,
423 4239 517 4295 neque
541 4223 737 4279 membrorum
760 4222 922 4296 aequalitas
951 4240 1046 4298 neque
1075 4222 1211 4299 proxima
1233 4226 1384 4297 cognatio

295 4305 489 4380 petulantium
507 4317 536 4364 et
548 4317 754 4382 protervorum
777 4307 854 4364 sinit.
891 4308 931 4364 Hi
949 4307 1139 4384 igitursimul
1151 4307 1258 4384 (tidem)
1280 4319 1315 4364 et
1334 4311 1384 4368 in-
