3018 5052
358 445 402 490 nr
425 443 505 490 usn.
528 443 591 492 uun.
614 442 650 489 1n
672 443 744 491 cnr.
765 445 873 490 rs-us.
1093 424 1158 490 453

87 615 187 695 Atque
209 613 303 678 etiam
324 614 356 678 in
378 613 486 679 bestiis
507 615 555 679 vis
577 619 710 679 numrne
727 609 868 694 'perspici
884 616 1003 693 potest;
1026 629 1157 694 quorum

86 715 116 780 in
137 715 203 780 ictu
235 721 267 781 et
292 716 324 780 in
352 716 535 782 educatione
562 716 700 803 laborem
727 733 796 780 cnm
825 714 993 792 cernimus,
1026 719 1158 780 natiuae

86 819 182 900 ipsius
204 837 311 884 vocem
338 819 480 883 ridemur
506 817 624 883 audire.
675 818 780 895 Quare
812 821 848 879 ut
874 815 1075 898 perspicuum
1102 823 1159 896 est,

89 926 199 984 natura
222 940 279 986 nos
300 939 320 985 a
342 921 449 986 dolore
471 920 656 998 abhorrere,
679 920 724 984 sio
744 925 886 1001 apparet,
907 937 927 982 a
947 923 1061 983 namra
1081 919 1159 1000 ipsa,

87 1032 118 1087 ut
139 1043 203 1103 cos,
225 1041 304 1105 quos
325 1023 532 1105 genuerimus,
554 1041 702 1100 amemus,
723 1019 849 1102 impelli.
882 1021 932 1086 63.
955 1019 1001 1084 Ex
1023 1021 1082 1086 hoo
1104 1039 1159 1086 na·
1177 1025 1199 1089 5

87 1127 190 1206 scitur,
212 1133 246 1190 ut
268 1125 361 1190 etiam
384 1123 554 1190 communis
575 1122 732 1189 hominum
753 1123 835 1187 inter
855 1122 994 1187 homines
1008 1123 1160 1189 neutralis

86 1228 125 1293 sit
151 1227 390 1306 commendatio,
424 1235 459 1292 nt
486 1231 631 1310 oporteat
657 1225 813 1291 hominem
840 1225 879 1290 ab
907 1225 1032 1290 homine
1060 1225 1098 1290 ob
1127 1225 1160 1290 id
1278 1305 1280 1311 Ι

85 1330 200 1410 ipsum,
233 1331 317 1412 quod
349 1329 440 1395 homo
469 1329 523 1408 sit,
556 1348 619 1394 non
648 1328 783 1393 aliermm
811 1327 916 1392 videri
961 1327 1005 1393 Ut
1026 1329 1105 1393 enim
1128 1327 1160 1392 in

85 1432 228 1498 membris
250 1432 312 1497 alia
334 1441 406 1498 sunt
427 1439 585 1514 tamquam
613 1431 672 1496 sibi
699 1437 787 1510 nata,
814 1435 850 1494 ut
871 1429 963 1508 oculi,
997 1435 1032 1494 ut
1058 1448 1160 1509 aures,

85 1534 143 1599 alin
165 1535 259 1600 etiam
281 1539 454 1599 ceterorum
476 1534 684 1599 membrorum
706 1551 796 1598 nsum
818 1533 980 1612 adiuvant,
1002 1540 1037 1596 ut
1059 1537 1221 1612 crura,10

154 1745 173 1791 1.
194 1738 413 1804 tapsum’mca
452 1737 637 1803 potentem?
700 1743 722 1786 2.
745 1737 810 1805 [satu
832 1735 1001 1786 minen
1033 1737 1161 1802 sbsotuct

86 1806 222 1858 educatione
240 1807 283 1858 LC
318 1812 342 1856 3.
367 1805 470 1857 alicam
488 1807 509 1856 L
527 1806 611 1858 ansius
627 1822 680 1860 om.
697 1805 881 1866 LP.undimus,
899 1820 947 1858 om.
987 1805 993 1816 '
1043 1823 1083 1866 ur,
1108 1807 1162 1856 MR

86 1881 154 1938 quast
181 1877 331 1942 perspicuam
359 1875 380 1926 C
409 1884 435 1924 nt
461 1883 530 1941 (post
552 1879 640 1941 quere)
668 1889 716 1926 om.
745 1890 832 1926 omnes
915 1880 938 1926 4.
964 1873 1101 1940 [abhorrere
1123 1873 1158 1991 A)

87 1949 107 1993 t.
130 1945 219 2010 rupem
235 1955 330 2011 msusp.
348 1945 610 2010 interipsaetutc
651 1948 676 1997 t.
694 1943 807 1993 monet
828 1942 893 1996 EOr.
937 1942 1052 1993 bominum
1070 1958 1119 1994 om.
1150 1969 1160 1991 ι

86 2017 100 2060 9
124 2015 171 2063 sint
191 2013 262 2082 [Api
331 2022 373 2062 nort
391 2030 461 2064 aaran
480 2014 508 2062 Μ
585 2019 623 2064 10.
646 2011 754 2081 [uimque
771 2011 822 2080 Eh]
842 2011 927 2076 aliqua
947 2010 1160 2080 [A]LPMCROr.
1283 2043 1286 2048 ·

85 2091 108 2130 ut
125 2100 198 2134 eura
215 2093 241 2132 nt
258 2099 342 2132 munna
360 2099 409 2133 om.
429 2083 447 2132 E

166 2277 208 2332 uis
218 2285 333 2331 naturae
345 2276 467 2350 perspici
470 2272 573 2350 potest)
597 2272 648 2333 Sic
659 2273 749 2330 etiam
760 2291 818 2350 mg.
831 2271 922 2344 Cret,
935 2271 1013 2348 Spir.
1025 2269 1090 2351 [B],
1113 2271 1160 2330 El.

87 2355 196 2438 (uteri)
208 2359 396 2435 restituitque
407 2367 476 2436 post
486 2359 566 2417 Men.
580 2358 689 2429 Gnius;
701 2367 789 2416 antea
800 2367 864 2416 erat
874 2361 984 2434 insps'ci;
1002 2353 1044 2428 Εξ
1055 2360 1160 2434 respici.

88 2443 183 2502 Verba
199 2447 272 2502 haec
289 2445 319 2502 in
337 2445 507 2503 memoriam
524 2453 666 2503 revocant
677 2443 828 2504 Ciceronis
845 2444 942 2502 locum
953 2444 984 2501 in
995 2445 1084 2502 Tuse.
1095 2444 1154 2516 III,

89 2529 114 2600 3,
136 2531 185 2588 nbi
198 2531 303 2607 optimi
315 2531 397 2588 codd.
409 2531 532 2588 habent:
555 2541 584 2588 ut
601 2531 676 2588 nobis
687 2534 783 2606 optim
798 2540 925 2587 naturam
947 2531 1073 2588 inuidisse
1088 2531 1160 2588 otiie-

88 2626 173 2688 eatur,
196 2619 333 2692 quitatibil
353 2619 446 2674 meliors
463 2617 569 2686 bonini,
593 2618 659 2673 m'bil
680 2618 765 2690 inopus
787 2617 971 2692 erpetmclum,
994 2616 1061 2672 nibil
1076 2635 1160 2692 prae·

88 2707 198 2760 stantius
221 2703 374 2775 bonoribus,
397 2705 523 2778 imperius,
541 2705 674 2778 populari
691 2703 983 2777 ymnaiudicavetunt.
1017 2701 1160 2774 Etadest,

88 2788 210 2861 quinos
233 2789 351 2858 doceat,
386 2787 457 2862 quid
479 2789 517 2845 sit
539 2791 634 2864 optime
655 2789 884 2845 claricaturam
905 2790 1037 2858 tunderes
1070 2787 1160 2845 ceteri
1256 2791 1259 2796 '

87 2871 277 2950 interpolatos
310 2873 427 2933 codices
460 2883 624 2948 sequuntur
656 2873 802 2950 longeque
830 2891 848 2930 a
877 2873 1066 2930 cohaerentia
1094 2891 1159 2931 son·

90 2948 195 3016 tentiae
217 2961 365 3018 aberrant
411 2958 525 3030 Cicero,
549 2959 679 3016 indicata
701 2957 873 3033 opinionum
896 2968 926 3016 et
948 2977 1080 3016 errorum
1102 2959 1161 3016 ori·

88 3043 161 3118 gine,
184 3045 270 3116 dicit,
295 3045 443 3120 adquam
465 3045 641 3120 pravitatem
665 3043 814 3101 iudicandi
836 3044 945 3102 sensim
968 3044 1159 3102 deducamur:

87 3141 276 3207 amaroque
297 3133 482 3197 desct'sct'mus,
510 3141 540 3188 ut
562 3132 636 3188 ruebas
657 3133 752 3206 optime
775 3140 921 3186 naturus
943 3133 1005 3187 vim
1028 3132 1161 3187 vidisse

88 3217 232 3288 uideamur,
256 3219 306 3292 qui
326 3225 381 3273 cet
426 3216 470 3273 Eo
492 3216 691 3293 pervenimus,
714 3225 747 3272 ut
769 3215 799 3272 hi
816 3215 901 3273 nobis
924 3215 1160 3273 recteiudicasse

87 3299 240 3360 uideantur
262 3311 301 3372 et,
324 3302 395 3377 qnid
417 3311 523 3359 natura
545 3303 626 3374 velit,
661 3301 853 3359 intellexisse.
898 3299 1083 3380 (Nannenus
1104 3319 1160 3377 pro

88 3396 183 3443 namra
199 3392 251 3446 mm
273 3387 335 3446 Erl.
358 3384 403 3468 [at
424 3383 464 3466 B]
488 3393 502 3458 ς
526 3387 591 3464 42.)

174 3473 264 3543 Quare
292 3483 320 3530 ut
342 3476 517 3550 pmpicuum
544 3473 596 3550 est)
630 3471 812 3530 Particnlnm
840 3482 869 3529 ut
901 3482 953 3529 aut
980 3473 1097 3530 Marsus
1120 3469 1161 3550 (si

87 3566 163 3614 recte
191 3559 343 3617 Hertelius
372 3557 464 3636 tacet)
492 3567 543 3616 sut
571 3558 723 3618 Manutius
752 3557 1014 3633 primus-addidit.
1062 3559 1161 3616 Abest

87 3643 205 3702 acodcl
228 3645 365 3703 omnibus
388 3640 488 3726 (Pell,
511 3640 613 3722 Εὓξχ,
637 3640 707 3722 [Β])
730 3653 761 3700 et
782 3642 848 3701 edd.
871 3643 1094 3719 antiquioribus.

171 3731 218 3788 63.
239 3733 372 3801 irascitur,
395 3740 425 3786 ut
446 3728 538 3805 mom)
561 3727 654 3811 [Spir.
666 3724 722 3810 (Β)
744 3737 777 3785 ut
798 3729 876 3801 Eri,
910 3732 990 3786 etiam
1011 3740 1056 3800 ut,
1085 3747 1160 3804 qnos

88 3811 199 3873 deserui
226 3825 348 3893 propter
369 3811 423 3896 A.]
468 3815 636 3875 Concursus
658 3815 870 3873 adiectivorum
893 3819 1037 3873 communes
1059 3825 1089 3872 et
1110 3835 1159 3871 nu·

88 3903 181 3958 taralis
201 3903 275 3960 nihil
298 3901 388 3960 habet
410 3899 590 3972 offensionis,
613 3919 679 3958 cum
700 3919 760 3958 non
783 3901 885 3958 eodem
908 3901 1011 3959 ordina
1024 3899 1159 3977 ctdigni·

88 3993 145 4042 tute
167 3987 237 4045 siut:
272 3990 327 4045 Est
352 3991 497 4044 commuuio
526 3988 659 4044 immotum
686 3989 755 4044 inter
777 3987 893 4044 homines
915 3988 1119 4058 commersdntio,
1141 4005 1160 4043 α

88 4081 183 4128 nutura
200 4077 324 4149 prosecta
346 4068 435 4155 (nonz
457 4083 482 4130 et
503 4093 521 4130 u
543 4084 643 4130 nutura
659 4067 808 4154 prosectu).

168 4161 260 4234 als'quo
270 4163 507 4218 etcbmueterocam
517 4160 693 4216 murorum
710 4178 788 4215 curm
809 4155 953 4235 adiuuant)
973 4154 1038 4234 [Sic
1060 4156 1159 4214 edide-

88 4241 171 4322 ram]
213 4246 314 4318 Recte,
327 4244 441 4321 opinor,
464 4245 591 4317 Marsus,
614 4244 751 4316 Manutii,
773 4243 937 4303 Lambinus
964 4243 1158 4320 scripserunt:

88 4329 140 4384 ulio
161 4334 247 4390 etiam
292 4332 329 4389 In
351 4348 423 4389 vera
444 4339 474 4388 et
496 4339 600 4406 aperta
622 4329 780 4407 partitione
802 4346 857 4386 neo
880 4327 984 4388 Cicero
1007 4347 1061 4386 nec
1083 4329 1159 4386 alins

89 4413 237 4490 quisquam
259 4419 360 4492 aliquia
381 4450 422 4458 —
445 4417 516 4474 abus
538 4415 624 4488 dixit,
647 4417 740 4474 multo
763 4415 859 4473 minus
880 4417 952 4472 ulia
974 4414 1017 4491 (in
1030 4414 1160 4490 quoiam
