2948 5024
316 403 524 450 aruncum.
549 405 568 452 v
592 407 665 452 oar.
689 411 799 456 eu-ee.
1006 393 1068 458 739

166 573 244 637 XXVI.
266 575 299 637 ld.
320 573 380 637 Tum
400 575 530 638 Lucius:
554 575 629 639 Mihi
651 594 725 641 vero
747 578 809 641 ista
830 578 921 643 ualde
938 580 1072 660 probata

101 685 160 752 suut,
177 676 235 756 puud
251 677 303 740 item
319 675 389 740 fratri
411 685 495 757 puto.
541 678 619 742 Tum
643 679 716 742 mihi
738 679 827 754 Pjso:
862 681 944 758 Quuid
973 683 1070 762 ergo?

95 777 179 860 ioquin
196 779 266 842 dasne
281 779 440 844 adulescenti
462 780 603 844 veniam?
626 799 665 844 an
688 800 758 845 eum
770 781 890 846 discere
908 802 945 848 ea
962 784 1071 864 mauis,

92 899 153 961 puae
174 899 224 944 cun
244 881 313 962 plane
333 881 534 962 perdidicerit,
570 882 642 947 nihil
674 885 772 948 sciat?
810 883 876 966 Ego
907 904 982 950 vero
1009 886 1070 966 isti,

87 983 189 1063 iuquam,
206 983 326 1064 pentem
344 985 392 1048 sed
415 1003 516 1048 nonne
539 985 713 1065 meministi,
735 986 827 1051 licere
838 987 912 1052 mihi
923 987 984 1053 ista
996 1008 1070 1070 pro·
1088 993 1109 1057 5

132 1209 148 1256 t.
164 1203 266 1270 rddtpro
280 1205 363 1264 mulitia
403 1211 427 1259 ³.
451 1207 527 1256 mavis
545 1223 575 1256 ea
593 1207 637 1258 LC
681 1213 704 1258 4.
721 1207 795 1273 plane
810 1207 940 1274 perdiden't
958 1209 980 1258 E
995 1226 1070 1274 proe-

87 1271 126 1321 lcre
140 1271 250 1336 (preclara
264 1275 288 1338 C)
302 1274 393 1324 didicerit
411 1283 476 1336 cett,
496 1275 537 1325 Or.
595 1283 617 1328 t.
637 1275 732 1340 mquam
752 1276 831 1326 ictiR
875 1283 897 1328 5.
918 1282 942 1326 in
960 1293 995 1326 ute
1014 1281 1070 1344 (pro

87 1344 172 1406 carielli
210 1342 271 1392 lucere
284 1343 330 1392 mili
342 1345 359 1392 ll
376 1343 433 1392 midi
448 1344 518 1394 licere
536 1352 601 1402 cett,
621 1343 664 1395 Or.
697 1347 800 1410 probare
819 1347 866 1396 isto
887 1345 1021 1400 LPCROr.

131 1550 189 1626 Cap,
207 1553 305 1612 xxvi,
326 1553 367 1610 tc.
400 1553 474 1626 quod
506 1555 566 1609 item
588 1555 680 1628 fratri
694 1553 777 1629 puto)
810 1555 934 1612 Poterat
955 1555 1068 1613 dicere:

87 1646 107 1691 tc
126 1640 175 1692 dem
187 1639 264 1711 fratri
281 1638 340 1714 (vid.
360 1638 396 1695 ad
419 1639 460 1708 11,
477 1637 538 1716 16),
561 1638 612 1695 sed
635 1639 776 1698 orationis
795 1641 968 1698 vinciendae
981 1659 1070 1698 causa

87 1741 184 1778 momen
194 1723 286 1799 posuit,
307 1741 352 1780 nec
372 1733 469 1781 mmen
492 1724 610 1800 plenam
632 1726 795 1783 orationem
817 1725 889 1784 fecit
906 1727 994 1802 (quod
1009 1730 1069 1784 item

88 1811 163 1868 tratre
181 1813 269 1866 eucrdrc
283 1819 355 1885 pcto,
382 1820 411 1866 ut
432 1813 484 1866 icto
507 1811 666 1885 eiprobctc
688 1809 764 1889 sint).
808 1813 913 1887 Itaque
937 1812 1067 1870 eiusdem

90 1895 141 1949 eris
161 1895 210 1952 hoc
230 1904 269 1952 est
288 1905 365 1970 atque
388 1895 462 1952 illud
484 1895 514 1953 in
537 1894 602 1954 Cat.
621 1896 677 1952 st:
709 1900 785 1953 cuiue
807 1919 825 1953 a
847 1917 887 1954 me
909 1917 1006 1974 corpus
1028 1907 1069 1955 cet

87 1989 174 2049 recreem,
203 1983 269 2056 qnod
287 1991 371 2038 ceretro
393 1984 494 2052 (decuit,
517 1982 552 2037 ab
574 1983 619 2038 illo
640 2001 725 2038 mcum
748 1981 815 2060 (cfr.
838 1984 919 2040 Lael.
941 1985 990 2054 90,
1013 2002 1067 2058 pro

87 2075 133 2122 net.
146 2065 208 2141 87);
230 2085 315 2142 neque
336 2067 473 2136 dubitem,
496 2067 680 2125 cicententia
696 2055 838 2126 orationis
861 2069 903 2126 ita
914 2067 1000 2140 ferat,
1024 2068 1067 2125 di-

88 2173 94 2206 :
116 2154 177 2208 meli
190 2155 298 2227 prolem
319 2153 379 2209 doec
401 2162 471 2223 eunt,
495 2155 569 2226 quod
589 2163 683 2210 eorum
698 2155 788 2227 fratri
803 2165 880 2230 puto.
919 2151 995 2232 (cfr.
1008 2155 1067 2212 Im·

87 2257 117 2292 us
137 2238 160 2300 l,
174 2238 233 2310 82.)
275 2239 395 2295 Prorsus
418 2238 547 2296 eiusdem
569 2239 686 2314 generis
709 2249 762 2309 est,
785 2240 836 2296 sed
858 2239 955 2297 minus
977 2258 1067 2316 expe·

88 2345 95 2378 r
118 2323 254 2380 rationem
276 2324 413 2381 orationis
435 2324 472 2380 ad
490 2324 606 2398 plenam
629 2323 754 2382 formam
772 2326 955 2382 revocandae
967 2325 1066 2396 habet,

103 2413 116 2477 ς
140 2409 178 2466 83
200 2409 418 2484 scriptumest:
441 2411 515 2483 quod
536 2412 619 2466 vestri
639 2430 690 2466 non
712 2413 773 2467 item
796 2410 951 2491 (efficiunt,
974 2412 1065 2468 uteie

87 2515 93 2549 ι
126 2513 258 2552 connexa
286 2493 357 2572 sint)
416 2494 478 2572 [Ex
507 2496 608 2552 eodem
632 2493 714 2553 fonte
742 2506 858 2554 natum:
897 2499 970 2572 quod
997 2515 1066 2554 nunc

90 2581 259 2638 Lucretium
282 2581 393 2652 1,221,
418 2583 504 2637 Varr.
517 2581 552 2638 R..
564 2581 599 2638 R.
612 2581 669 2652 ΙΙΙ,
684 2583 712 2651 3,
727 2580 770 2660 8.]

90 2669 150 2722 terrie
166 2665 360 2744 perdidicerit)
383 2667 470 2723 Hanc
492 2667 667 2741 scripturam
686 2666 779 2725 Gzius
791 2687 907 2743 quoque
919 2667 1067 2725 intellexit

88 2751 140 2807 rari
163 2753 194 2808 in
219 2753 310 2828 Spin,
334 2751 365 2808 in
389 2770 447 2826 quo
470 2761 547 2810 erat:
567 2755 651 2827 plane
669 2755 830 2828 perdidicit,
865 2763 896 2810 et
917 2755 977 2811 Erl.
1001 2751 1065 2834 [B].

88 2857 101 2893 s
125 2839 163 2894 acl
187 2839 277 2894 linem
304 2838 465 2912 perductae
488 2838 661 2913 disciplinae
684 2838 866 2897 Carneadiae
888 2840 964 2896 hanc
987 2859 1066 2896 sum-

88 2942 136 2979 sse
161 2924 238 2980 Piso
263 2924 348 2980 dicit.
394 2923 549 2980 Arcesilae
572 2934 602 2980 et
624 2924 770 2982 Carneadi
793 2925 978 2992 sententiam,
1003 2925 1063 3000 qui,

102 3010 320 3084 perceptione,
347 3009 586 3083 probabilitatem
610 3017 639 3066 et
656 3010 940 3067 verisimilitudinem
964 3010 1065 3067 defen·

102 3095 293 3170 saepissime
319 3093 428 3154 Cioero
451 3095 583 3171 attingit,
607 3096 745 3170 exposuit
774 3095 894 3152 uberius
922 3095 1065 3154 Clitoma-

88 3199 201 3254 equens
227 3181 334 3237 Acad.
354 3181 397 3251 11,
417 3181 456 3237 98
480 3199 522 3253 sq.
573 3179 651 3258 (cn.
680 3181 785 3237 Ritteri
809 3181 886 3238 Hist.
913 3181 992 3238 Phil.
1015 3181 1065 3238 HI

88 3285 139 3339 qq.
163 3275 196 3322 et
216 3286 249 3342 p.
269 3267 433 3340 atesqq.)
462 3265 534 3322 Mox
562 3265 713 3323 Manutius
736 3275 766 3323 et
787 3266 948 3323 Lambinus
978 3266 1064 3323 omit-

100 3361 180 3407 ante
203 3355 348 3426 ιἠᾳηαηις
380 3352 411 3407 in
434 3351 635 3428 proximorum
660 3353 816 3409 verberum
846 3351 948 3408 ordine
972 3352 1064 3428 (licere

98 3435 256 3514 probare)
285 3437 356 3494 Erl.
388 3435 433 3514 [et
455 3435 496 3514 B]
519 3447 636 3494 secutus
666 3455 739 3493 suni.
790 3438 866 3494 Tum
901 3457 954 3513 pro
988 3457 1006 3494 a
1040 3449 1064 3494 te

88 3543 120 3578 x.
147 3537 214 3598 χψ,
246 3523 406 3591 vindob,
430 3523 545 3580 Monac.
558 3533 620 3598 apte
642 3518 709 3602 (cfr.
722 3527 737 3592 ξ
751 3525 789 3579 75
813 3523 848 3578 ab
865 3519 912 3600 tr),
935 3533 969 3580 nt
990 3523 1062 3581 alibi

88 3609 146 3664 tris
174 3619 252 3664 arete
279 3628 345 3684 pro
372 3629 390 3664 a
414 3619 437 3664 te
460 3609 600 3683 scriptum
623 3608 759 3665 vidimus.
804 3608 899 3666 Paulo
922 3617 990 3684 post
1011 3628 1062 3665 ex·

88 3715 101 3749 r
127 3695 254 3770 potius
290 3694 349 3750 hic
383 3694 469 3750 ordo:
502 3713 572 3768 prece
590 3695 743 3769 probabilia
765 3698 790 3750 ei
810 3697 965 3766 m'deorrtur3
994 3713 1062 3751 nam

88 3781 117 3842 ἒ,
151 3780 215 3836 ubi
246 3782 341 3854 qnod
367 3782 447 3835 nollet
469 3779 498 3835 in
522 3787 606 3854 parte
628 3779 785 3854 primariae
808 3781 971 3837 sententiae
995 3799 1062 3837 cen·

89 3865 267 3922 docilibus
299 3866 388 3922 loeis
411 3869 435 3920 ei
447 3873 610 3922 extremum
622 3865 719 3922 locum
731 3874 819 3921 tenet.
849 3865 951 3922 Deleri
963 3875 1061 3922 tamen

134 3951 239 4025 quuod
271 3950 409 4010 Orellio
433 3951 528 4006 visum
551 3959 605 4020 est,
629 3951 679 4006 vix
701 3959 814 4026 potest;
837 3969 904 4008 nam
933 3951 970 4008 ad
998 3970 1060 4008 rem

89 4037 176 4093 lruic
217 4037 294 4112 ipsi
334 4035 510 4112 probabilia
536 4035 587 4092 illa
615 4036 717 4093 videri.
760 4036 843 4094 Idem
872 4037 970 4093 obstat
992 4036 1061 4095 Gzti

121 4120 281 4198 (potest.
315 4143 401 4196 qnae
420 4123 497 4196 prod.
520 4125 669 4190 videantur,
693 4120 753 4201 ec),
777 4122 881 4179 ductae
904 4141 919 4178 a
943 4122 1058 4181 Gud.2

91 4209 189 4266 llius
222 4209 452 4265 auctoritatis
475 4207 625 4266 librorum.
649 4208 795 4284 scriptura
817 4209 921 4285 (potest
942 4227 974 4265 ea
990 4227 1062 4284 quoe

89 4306 151 4350 tier
183 4315 228 4351 ea
262 4315 336 4350 reon
360 4291 506 4372 probare).
