2956 5028
320 394 384 458 270
713 411 758 456 nn
779 409 911 458 mnrsus
934 411 1005 458 eon,

319 585 376 656 est,
397 577 534 643 fonnem
555 581 671 660 putes?
704 577 823 644 Eamne
850 579 1001 644 rationem
1033 579 1131 660 igitur
1157 597 1302 660 sequere,
1337 599 1412 661 qna

393 787 413 832 l.
428 791 502 846 potos
521 782 557 840 M.
577 783 747 848 superscripto
765 799 790 842 ις
815 791 884 846 putu
902 783 991 840 ceteri.
1015 780 1058 832 Or.
1112 781 1183 846 ipim
1206 797 1246 832 om
1279 782 1412 835 Lmen

317 867 419 914 sequare
438 848 619 901 ELPMCROr.

318 1051 366 1098 tur
388 1039 591 1118 (imoponostn',
612 1041 818 1112 pravitatum,
841 1041 920 1113 lonqa
941 1042 986 1096 sui
1005 1039 1134 1108 absentia,
1158 1043 1236 1097 terto
1253 1049 1336 1115 porte
1360 1045 1411 1098 sm'

318 1122 400 1204 cet),
412 1126 450 1182 ed
458 1189 464 1204 ‚
472 1125 645 1184 Ciceronem
657 1123 731 1181 nihil
742 1123 899 1200 pertinent,
923 1124 974 1181 sed
986 1142 1022 1180 ne
1035 1122 1198 1197 sequidem
1217 1141 1282 1181 cum
1301 1143 1410 1182 correns

317 1211 434 1268 nomine
456 1210 543 1268 valde
564 1210 721 1268 coniuncte
742 1218 818 1266 sunt
868 1209 934 1283 Quo
957 1227 1016 1266 uno
1038 1209 1104 1266 loco
1125 1211 1203 1284 epud
1225 1209 1408 1268 Ciceronem

318 1295 348 1352 in
372 1305 476 1371 aperto
497 1295 711 1372 significet-ione
733 1294 902 1370 possessive
924 1297 964 1352 toi
984 1294 1106 1369 legitur,
1140 1294 1178 1350 ad
1201 1295 1282 1350 Fam.
1311 1295 1357 1366 11,
1386 1299 1406 1351 6

318 1390 404 1450 exta,
427 1380 469 1438 ibi
492 1379 597 1440 Cicero
620 1379 683 1437 sine
705 1379 796 1437 dubio
818 1379 938 1455 scripsit
965 1389 998 1436 ut
1025 1377 1212 1454 saepissime:
1246 1383 1325 1436 ιιιιιιιι
1356 1391 1408 1437 tuo

319 1467 425 1534 studim
449 1462 552 1545 [etque
574 1465 617 1522 ita
639 1465 719 1522 Med.
742 1483 760 1522 a
781 1465 878 1540 prime
900 1460 1011 1543 mann}
1044 1464 1079 1521 In
1092 1463 1137 1522 lv
1155 1463 1241 1522 Catil.
1255 1465 1272 1521 7
1285 1484 1343 1540 pro
1360 1470 1411 1522 sui

315 1553 458 1624 ιίιῃιιιϊαιι,
481 1549 561 1624 quod
571 1549 601 1606 in
614 1549 714 1607 multis
731 1549 815 1606 codd
827 1557 881 1620 est,
905 1567 991 1606 nemo
1003 1549 1149 1625 probavit.
1178 1547 1240 1626 [De
1252 1550 1407 1625 proximis

316 1635 415 1692 verbis
437 1655 515 1710 quem
536 1637 678 1692 chzmorem
699 1642 754 1691 cet.
776 1633 835 1690 vid.
858 1633 896 1690 ad
918 1635 957 1704 V,
982 1631 1047 1711 61.]

395 1723 522 1794 simeram
539 1719 638 1795 potas)
671 1719 740 1776 Non
763 1719 857 1796 magis
884 1719 915 1776 in
938 1719 994 1776 hac
1015 1718 1142 1793 simplici
1165 1718 1405 1795 interrogatione

315 1805 352 1862 de
374 1805 483 1863 iudicio
505 1805 627 1861 alterius
639 1804 858 1862 coniunctivum
870 1803 1023 1861 ferendum
1035 1804 1148 1878 putavi,
1160 1821 1249 1878 quam
1265 1803 1406 1861 tulerunt

315 1890 475 1965 prudentes
497 1889 625 1947 editores
647 1887 677 1945 in
701 1898 757 1945 act
780 1889 796 1946 I
818 1889 849 1946 in
871 1889 958 1947 Verr.
983 1889 1038 1946 40:
1065 1887 1404 1957 Quomctandeoronimo

309 1977 373 2049 fore
390 1978 510 2050 putetis?
532 1973 657 2034 Correxi
680 1992 715 2030 eo
737 1973 889 2044 fidentius,
924 1974 1003 2048 quod
1025 1975 1064 2043 V,
1094 1973 1134 2030 89
1163 1973 1240 2030 idern
1258 1974 1402 2030 mendum

315 2059 418 2135 optimi
441 2059 557 2117 codices
580 2057 689 2116 tollunt
710 2067 739 2115 et
761 2064 877 2134 sopra§
891 2059 931 2116 60
943 2059 1134 2128 sustulerunt,
1158 2067 1282 2132 unoque
1294 2068 1403 2116 eutem

314 2145 379 2202 loco
409 2145 571 2202 scribarum
598 2142 739 2200 indicium
772 2153 905 2220 apparet
959 2143 1017 2200 Hic
1050 2153 1148 2200 temen
1181 2142 1250 2201 Bes.
1277 2161 1403 2218 quoque

316 2227 425 2286 codicis
448 2237 597 2286 corrector
614 2239 700 2304 putas
722 2246 813 2303 supra
835 2228 961 2303 scripsit.
1005 2227 1099 2287 Gaius
1122 2228 1285 2304 optativum
1309 2247 1401 2286 suum

313 2323 423 2388 crepet
466 2313 502 2371 In
525 2313 645 2372 Tuscul.
667 2314 706 2384 V,
733 2313 791 2370 119
815 2314 955 2371 vitiosum
982 2312 1014 2369 in
1036 2313 1092 2370 hoc
1109 2331 1216 2389 genere
1233 2325 1401 2371 senserat:

319 2397 393 2466 Quid
419 2418 437 2455 c
465 2397 578 2456 Secuto
603 2409 629 2455 ct
645 2399 758 2456 Platone
774 2400 906 2474 prosectis
924 2397 1093 2474 philosophos
1113 2400 1272 2472 faciendum
1294 2409 1401 2473 putes?

314 2483 383 2540 Non
406 2483 502 2540 minus
513 2482 652 2540 vitiosum
664 2483 750 2540 estin
761 2482 826 2558 ipso
837 2483 939 2553 verbo,
962 2482 1041 2558 quod
1052 2501 1089 2540 ex
1107 2483 1226 2558 optimis
1243 2482 1400 2541 codicibus

314 2568 467 2624 revocavit
476 2567 622 2638 Klotzius‚
635 2568 839 2625 crudelitatem
851 2567 1020 2625 criticorum
1031 2585 1183 2624 accusans.
1206 2567 1302 2624 Nemo
1315 2569 1398 2625 enirn

314 2653 355 2710 sic
378 2652 554 2710 sententiam
576 2653 649 2722 eius,
673 2653 790 2727 quicum
813 2653 953 2727 loquitur,
977 2652 1121 2727 exquirit:
1148 2652 1222 2722 Qro'd
1231 2655 1396 2727 scrinulum

316 2740 407 2795 uides?
450 2737 537 2811 Quod
548 2738 684 2795 Moserus
696 2738 827 2814 scripsit:
854 2737 929 2806 Quid
950 2739 1058 2794 tandm
1075 2739 1290 2812 —focimdnm
1309 2740 1398 2808 mdes,

314 2822 377 2879 sine
398 2823 638 2898 interrogatione,
662 2841 757 2897 neque
779 2826 814 2879 sit
835 2823 938 2880 abesse
960 2831 1066 2898 potest.
1080 2831 1111 2880 et
1132 2822 1398 2900 interrogationem

314 2907 445 2982 postulat
467 2909 582 2964 tandem.
613 2907 697 2965 Nihil
719 2907 808 2982 plane
829 2908 867 2964 ad
889 2908 965 2964 hene
982 2927 1044 2965 rem
1063 2907 1193 2983 pertinet
1220 2907 1298 2966 Livii
1311 2907 1398 2964 locus

313 2993 371 3062 IX,
396 2991 445 3063 34,
478 2993 531 3063 12,
564 2991 615 3049 ubi
637 2993 672 3050 P.
696 2991 888 3068 Sempronius
915 2993 1045 3050 secunde
1071 3011 1199 3068 persone
1221 2991 1256 3048 de
1277 2991 1398 3050 incerto

314 3077 445 3134 subiecto
468 3076 561 3134 utitur
583 3074 652 3155 [Gr.
675 3077 740 3134 Lot.
764 3076 895 3154 §370]:
933 3076 1017 3145 Quen
1040 3089 1068 3135 ιιι
1097 3097 1183 3152 repens
1200 3079 1398 3151 sornfidorrnn

312 3169 403 3220 crees?
425 3160 490 3238 (Sic
512 3161 793 3238 interpungendum
816 3171 861 3220 est
883 3162 976 3219 enim:
998 3181 1090 3220 creare
1111 3159 1247 3237 audeasr)
1286 3163 1324 3220 Ut
1346 3166 1400 3238 qni

312 3249 409 3322 optimo
425 3249 483 3303 iure
504 3265 554 3304 ree·
575 3247 678 3304 Romae
699 3256 806 3304 creatus
828 3250 877 3318 sit,
900 3257 1019 3304 ιιιατιιιιι
1041 3267 1069 3305 se
1091 3249 1168 3305 dicet.
1214 3246 1278 3323 (Sic
1300 3247 1397 3304 inter·

312 3331 515 3407 pungendum:
538 3331 715 3407 quicumque
726 3339 842 3389 creatus
865 3332 931 3403 erit,
953 3331 1043 3389 simili
1065 3333 1214 3389 calumnie
1224 3341 1334 3400 utetur,
1360 3351 1396 3388 ac

313 3433 390 3473 nunc
411 3415 442 3472 in
465 3433 590 3473 censura
611 3415 776 3491 Claudius.)
815 3415 899 3486 Quem
921 3421 1043 3474 senustn'
1052 3419 1197 3486 distance,
1221 3435 1299 3491 qoem
1311 3419 1395 3473 ἱιιιιν-

312 3521 392 3574 repon
420 3503 537 3574 quinque
564 3503 668 3558 dicrum
694 3512 842 3559 contentum
854 3505 918 3577 sore
935 3510 1035 3578 potest
1056 3513 1111 3560 cet.
1154 3501 1271 3558 Deinde
1292 3509 1395 3558 antem

312 3585 350 3641 ad
371 3584 521 3642 auditores
543 3595 718 3644 convertens
740 3587 903 3644 orationem
926 3596 1006 3644 recte
1029 3587 1113 3644 dicit:
1140 3586 1229 3655 Quoto
1252 3589 1298 3643 ιἰιι
1318 3589 1396 3643 stoli·

312 3673 361 3727 dos
383 3689 416 3728 oc
437 3673 561 3728 socordes
579 3673 670 3734 ,videri
688 3673 836 3728 creditis
857 3691 901 3729 cos
923 3668 998 3729 cet?

397 3755 504 3812 Eamne
525 3759 654 3813 rationem
675 3759 757 3830 ipincr
777 3754 900 3833 sequere)
933 3758 1023 3830 Ipitrrr
1043 3764 1161 3831 praeter
1183 3755 1244 3812 Erl.
1268 3757 1396 3812 accessit
1465 3779 1468 3796 ι

312 3839 416 3897 ePell.
433 3843 458 3910 1,
473 3839 501 3910 3,
525 3839 602 3916 spir.
620 3837 684 3921 [B],
706 3849 857 3916 receptum
879 3859 899 3898 a
919 3841 1059 3910 Devisi03
1082 3841 1113 3897 in
1124 3840 1170 3898 El.
1195 3841 1223 3910 2,
1246 3833 1291 3908 Εξ
1314 3849 1395 3896 erat:

312 3943 402 3981 conane
423 3927 506 3998 iqitm
526 3929 662 3983 rationem.
713 3922 846 4003 [Sequere
867 3943 921 4002 pro
944 3945 1058 4001 sequare
1078 3942 1157 3982 nunc
1179 3943 1244 3982 cum
1270 3925 1395 3982 Baitero

311 4027 349 4065 ex
371 4010 411 4078 A,
435 4010 482 4066 cui
504 4009 673 4088 adiungitur
695 4009 753 4069 Ox.
775 4011 811 4079 Ε,
834 4011 947 4086 recepi3
981 4029 1076 4085 neque
1099 4009 1176 4066 enim
1204 4010 1278 4066 hoec
1301 4009 1394 4066 inter·

311 4095 426 4169 rogatio
448 4113 486 4151 ex
509 4095 561 4152 illo
583 4096 750 4152 vehementi
772 4113 879 4170 genere
891 4105 945 4166 est,
969 4095 999 4152 in
1011 4114 1070 4171 quo
1082 4094 1200 4152 additur
1212 4112 1393 4170 pronomen:

312 4187 340 4232 tu
363 4180 467 4252 deliqas
488 4198 522 4236 ce
549 4183 620 4236 omrn'
636 4183 738 4256 populo
762 4183 862 4237 amicos
884 4190 943 4236 tuos
965 4189 1020 4238 cet.
1049 4190 1080 4237 et
1111 4180 1160 4236 hic
1192 4179 1282 4255 paulo
1311 4189 1394 4254 post:

312 4263 392 4318 verba
415 4273 442 4318 tu
458 4265 551 4338 Jinpos
573 4274 639 4334 cet,
662 4265 698 4321 de
722 4283 780 4339 quo
791 4264 868 4321 dixit
879 4265 1049 4322 Wundcrns
1071 4264 1109 4322 ad
1125 4275 1200 4322 oret.
1222 4283 1277 4340 pro
1288 4264 1394 4320 Plano.

313 4346 368 4412 40;
398 4364 465 4403 nem
493 4348 523 4403 in
551 4367 587 4406 eo
615 4368 685 4407 sens
713 4349 1219 4424 coniunctivuspaenenecesserius
1242 4357 1303 4418 est,
1340 4365 1393 4405 nec
