3034 5030
311 374 373 438 328
694 393 750 444 nu
773 391 904 440 eminus
926 392 998 440 nou.

310 559 417 626 bestiis
440 567 532 625 erunt
553 567 674 625 secreta
702 579 721 626 a
743 559 904 641 voluptate
931 561 1136 626 humanarum
1164 561 1318 642 quaedam
1348 561 1396 625 si-

310 663 447 728 mulacra
470 661 632 740 virtutum,
660 661 692 726 in
720 662 798 743 ipsis
821 663 994 728 hominibus
1017 663 1117 727 virtus
1139 663 1197 726 nisi
1219 663 1396 745 voluptatis
1470 739 1474 742 ,

251 797 257 808 ·
311 783 406 830 causa
428 763 512 828 nulla
534 763 614 828 erit?
647 771 677 827 ct
694 763 829 842 bomini,
852 764 906 844 qui
927 764 1040 849 ceteris
1061 765 1268 830 animantibus
1290 765 1395 846 pluri-

311 885 394 930 mum
417 871 567 947 praestat,
589 865 751 947 praecipui
774 885 793 930 a
815 875 928 930 namra
944 866 1019 930 nihil
1030 867 1138 930 datum
1150 885 1220 932 csse
1231 867 1396 932 dicemus?
1504 919 1507 944 ,

272 969 293 1034 5
396 967 539 1032 XXXIV.
577 969 647 1031 111.
691 966 758 1032 Nos
780 985 864 1046 vero,
883 967 909 1032 si
931 967 1056 1048 quidem
1078 967 1110 1031 in
1133 968 1293 1050 voluptate
1316 975 1398 1034 sunt
1506 953 1507 1036 J

310 1070 421 1148 omnia,
444 1069 535 1150 longe
558 1069 750 1150 mrdtumquc
772 1087 959 1150 superamur
986 1085 1006 1134 a
1033 1069 1155 1148 bestiis,
1189 1071 1299 1150 quibus
1318 1071 1398 1151 ¹ipsa
1506 1131 1507 1154 ,

310 1181 395 1237 terra
417 1170 519 1236 fundit
547 1189 585 1234 ex
612 1189 681 1236 sese
709 1175 819 1251 pastus
847 1170 951 1235 varios
979 1175 1075 1252 atque
1096 1171 1291 1236 abundantes
1313 1172 1397 1236 nihil
1506 1159 1507 1172 ¹

120 1321 126 1356 ,
309 1273 540 1350 laborantibus3
568 1272 657 1338 nobis
676 1279 787 1338 autem
806 1279 862 1337 aut
883 1272 933 1336 vin
956 1279 1012 1336 aut
1034 1291 1074 1337 ne
1095 1273 1146 1337 rix
1168 1273 1290 1354 quidem
1313 1293 1396 1354 sup-

311 1381 423 1457 petunt
450 1375 547 1440 multo
569 1375 676 1440 labore
702 1375 934 1456 quaerentibus
984 1372 1181 1438 Nectamen
1209 1374 1397 1439 ullomodo
1506 1443 1507 1456 ,

252 1481 294 1544 10
311 1495 465 1542 summurn
485 1477 615 1558 pecudis
637 1476 751 1546 bonum
774 1482 806 1540 et
824 1475 956 1540 hominis
978 1474 1060 1539 idem
1082 1475 1157 1539 mihi
1168 1476 1265 1540 videri
1276 1483 1396 1558 potest
1506 1477 1507 1482 ’

311 1578 394 1656 Quid
421 1578 502 1642 enim
529 1585 617 1642 tanto
645 1596 725 1658 opus
754 1583 803 1642 est
829 1577 1036 1642 instrumento
1064 1578 1095 1642 in
1123 1577 1248 1658 optimis
1270 1577 1396 1644 artibus
1504 1651 1507 1656 Ἴ,

310 1681 543 1762 comparandis,
577 1679 653 1762 quid
675 1684 763 1744 tanto
786 1697 939 1744 concursu
960 1679 1248 1744 honestissimorum
1270 1680 1395 1744 studio-

310 1801 389 1860 rum,
411 1787 498 1847 tanto
521 1781 672 1846 virtmum
694 1780 856 1859 comitatu,
890 1781 918 1846 si
949 1799 987 1846 ea
1009 1780 1126 1844 nullam
1147 1781 1189 1845 ad
1210 1782 1302 1846 adam
1324 1800 1396 1846 rem
1504 1787 1507 1876 ’1

311 1883 370 1948 nisi
393 1883 434 1947 ad
456 1883 648 1965 voluptatem
669 1881 917 1964 conquiruntur?
952 1883 1021 1945 112.
1045 1882 1096 1960 Ut,
1119 1881 1146 1946 si
1168 1883 1298 1960 Xerxes,
1321 1901 1395 1947 curn
1506 1891 1507 1896 ’

254 1989 294 2053 15
311 1985 407 2049 tanus
430 1984 581 2050 classibus
604 1984 763 2065 tantisque
784 1983 981 2065 equestribus
1004 1987 1035 2047 et
1061 1984 1259 2064 pedestribus
1283 1983 1395 2064 copiis,

380 2228 403 2270 4.
419 2223 573 2286 ρταεσῲυιιπι
591 2221 613 2270 1.
628 2221 758 2286 praecipue
775 2223 851 2272 catari
904 2237 955 2272 esre
971 2220 1075 2271 daturae
1092 2220 1214 2270 datramE
1264 2225 1286 2268 ⁵.
1303 2221 1353 2269 uitat
1370 2219 1396 2271 Ο

313 2294 335 2338 6.
354 2293 532 2354 separamur-E
588 2293 610 2339 7.
629 2290 672 2356 [aa
688 2307 740 2340 sese
749 2289 835 2354 saradt't
853 2289 903 2355 Eh]
957 2289 1038 2338 varior
1055 2289 1168 2353 varieque
1186 2289 1306 2339 LPMCR
1346 2289 1396 2337 lra-

312 2357 468 2408 buadautrbar
484 2359 508 2408 E
561 2363 583 2406 9.
603 2357 683 2408 labora
701 2357 811 2408 maltoll
856 2362 892 2409 10,
909 2357 1025 2422 pecudum
1043 2357 1141 2408 Pntcu
1193 2363 1230 2405 11.
1250 2357 1318 2406 boob
1338 2363 1396 2421 tpro

312 2426 452 2490 optinum
497 2431 534 2478 ta.
554 2425 597 2489 qai
612 2427 633 2476 ll
686 2428 822 2492 opibuorum
839 2425 1009 2477 studiossime
1061 2425 1275 2476 landericum
1293 2443 1340 2475 noa
1358 2425 1397 2475 ad
1506 2485 1507 2492 ¹

312 2494 426 2544 alama
481 2493 748 2562 rapinantes]

397 2719 470 2795 Cap.
482 2719 635 2792 XXXIV,
661 2722 730 2778 111.
763 2731 846 2796 atque
860 2716 1042 2797 absurdarum)
1065 2717 1116 2778 Sic
1128 2719 1218 2776 etiarn
1229 2737 1287 2795 mg.
1298 2717 1397 2790 crac,
1506 2717 1507 2726 ’

312 2803 357 2862 ΕΙ.
382 2805 411 2876 2,
434 2801 486 2876 Εξ,
510 2805 599 2880 Spin,
621 2805 791 2880 recepitque
814 2813 881 2881 post
892 2804 1058 2862 Manutium
1082 2802 1232 2862 Davisius.
1278 2801 1394 2862 (suda

312 2893 401 2946 varios
417 2890 582 2947 omittebat.
611 2891 690 2947 Varie
711 2891 852 2948 abundmc
866 2889 948 2947 mihil
969 2897 1023 2946 est.
1058 2885 1098 2969 [B
1119 2899 1153 2946 ut
1174 2884 1251 2967 Eri]

395 2977 507 3051 pecudia
530 2973 640 3054 bouum)
662 2975 713 3035 Sic
734 2975 896 3047 Manutius,
919 2973 1126 3033 deindeGrut.
1150 2983 1181 3031 et
1202 2974 1278 3031 Dav.
1302 2975 1396 3032 tacite

311 3069 342 3117 et
363 3061 470 3135 reliqui
493 3060 641 3137 deinceps.
690 3063 830 3118 Pecudum
858 3059 932 3136 Πχψ
961 3058 1054 3138 (recte
1077 3059 1114 3118 de
1136 3055 1179 3128 Εξ
1201 3057 1330 3136 tacetur)
1354 3070 1396 3130 et,

311 3146 336 3203 si
359 3145 436 3204 Gaio
459 3146 577 3217 medas,
611 3165 713 3204 ornnes
736 3146 799 3204 eius
821 3144 920 3214 codd,
949 3145 1000 3202 sed
1023 3144 1215 3221 excipiendus
1243 3153 1307 3201 erat
1328 3145 1395 3202 Erl

312 3241 350 3300 et,
374 3231 489 3307 opinor,
513 3231 591 3307 Spir.
610 3227 673 3311 [B].
695 3229 798 3310 (Mox,
827 3249 892 3288 cum
905 3230 1042 3288 ederetur
1064 3231 1397 3306 optimoramsbtdiornm,

311 3315 341 3374 in
365 3335 421 3392 mg.
444 3315 525 3375 Crat.
548 3325 720 3374 annotatum
743 3317 868 3374 alterum
890 3313 959 3393 est.)
1506 3371 1507 3380 ,

401 3402 470 3458 112.
509 3403 554 3471 tt,
577 3405 602 3458 ai
622 3403 741 3472 Xerxes,
764 3422 824 3459 cum
841 3435 882 3445 —-
899 3404 932 3463 εἰ,
954 3403 1200 3470 cum—odaieset,
1223 3397 1294 3477 cet.)
1317 3399 1399 3458 Sen-
1506 3389 1507 3474 l

311 3487 404 3544 tentia
426 3487 636 3544 condicionali:
658 3490 683 3544 si
704 3488 812 3545 Xerses
835 3519 876 3528 -
898 3488 1006 3558 diceret,
1029 3503 1106 3561 quae
1122 3485 1261 3542 delinitur
1276 3484 1398 3543 adiecta
1506 3479 1507 3518 l

312 3571 452 3647 temporis
475 3581 624 3630 atterum
646 3581 715 3628 ante
737 3581 887 3648 gestarum
909 3572 1076 3643 notatione,
1109 3570 1270 3630 includitur
1297 3570 1397 3628 altera

311 3657 433 3734 propior
444 3666 474 3714 et
485 3658 667 3732 subsequens
679 3658 827 3716 condicio:
849 3660 875 3714 si
885 3690 926 3698 -
938 3660 1000 3731 qais
1011 3667 1159 3731 qrraererct,
1182 3656 1268 3730 eique
1284 3655 1396 3713 iterum

311 3742 510 3818 interponitur
532 3742 706 3819 significatio
729 3743 840 3800 laboris
867 3751 936 3800 ante
959 3742 1096 3800 exhausti
1119 3737 1193 3822 (cum
1216 3751 1289 3798 tanto
1311 3741 1396 3815 eet),

311 3845 365 3885 nec
393 3827 553 3902 quidquam
575 3847 595 3884 a
620 3837 702 3885 recta
729 3828 871 3886 orationis
898 3847 1002 3885 norma
1028 3826 1165 3884 deflectit.
1220 3826 1398 3884 Turbarunt

1506 3819 1507 3850 l

312 3925 410 3972 tannen
428 3914 599 3984 Lambinus,
617 3913 769 3985 Davisius,
792 3913 894 3973 Gaius.
934 3913 1051 3972 Similia
1062 3911 1200 3988 exempla
1210 3911 1397 3972 condicionis

312 3998 460 4075 propioris
487 4007 517 4055 et
543 3999 716 4074 posterioris
743 3999 835 4075 priori
857 3999 1006 4056 subiectae
1034 3997 1176 4074 reperiet,
1210 3997 1262 4071 qui
1284 4015 1398 4072 operae
1506 3995 1507 4076 ]

280 4127 282 4130 -
313 4083 439 4159 pretium
462 4085 587 4160 putabit,
610 4084 641 4140 in
664 4093 738 4142 orat.
760 4103 814 4160 pro
837 4085 923 4142 Rosc.
946 4085 1015 4142 Am.
1028 4086 1057 4154 2,
1080 4103 1146 4160 pro.
1159 4082 1236 4142 Sest.
1259 4083 1310 4152 45,
1335 4080 1398 4141 Off.
1506 4101 1507 4144 1

313 4169 371 4238 111,
396 4169 446 4238 30,
469 4169 506 4226 ad
530 4170 612 4226 Fam.
635 4171 725 4240 XIII,
750 4171 800 4234 26,
825 4171 854 4238 3,
877 4170 906 4226 in
930 4170 987 4226 hoc
1009 4189 1098 4245 opere
1121 4171 1176 4236 IV,
1202 4169 1251 4224 22.
1290 4165 1397 4245 [Verr.
1506 4161 1507 4242 1

313 4255 368 4314 lv.
396 4255 442 4318 10,
465 4254 501 4312 de
524 4255 594 4331 imp.
617 4256 722 4330 Pomp.
746 4257 797 4324 59,
820 4275 874 4330 pro
897 4254 1015 4313 Cluent.
1039 4257 1068 4326 6,
1091 4274 1145 4330 pro
1169 4253 1264 4310 Balbo
1290 4250 1357 4331 16.]
