2938 5020
321 367 381 432 142
708 384 754 428 ns
776 383 906 430 rmrsns
928 383 999 430 aon.

318 551 402 630 finis,
424 553 500 634 quid
521 553 614 618 etiam
636 553 677 617 sit
698 552 800 634 ipsum
827 553 962 618 bonum?
1006 553 1035 618 5.
1067 553 1161 633 Atqui
1194 551 1270 616 hacc
1302 559 1387 632 pate-

318 655 411 720 factio
432 655 522 737 quasi
544 673 648 720 rernm
666 661 855 736 opertannn,
878 673 956 735 cum,
979 654 1201 736 quidquidque
1217 654 1267 732 sit,
1288 653 1388 734 aperi·

320 765 380 836 tur,
402 755 540 822 definitio
562 764 624 836 est,
646 775 709 839 qna
729 764 764 822 tu
786 757 879 822 mam
895 757 1076 839 imprudens
1094 757 1223 822 utebare
1239 775 1387 822 nonnum-

319 878 421 942 quam.
475 859 555 924 Nam
587 860 669 926 bunc
701 861 804 940 ipsum
837 861 903 925 sive
931 859 1024 926 finem
1046 859 1112 926 sive
1134 865 1303 925 extremum
1326 859 1389 923 sive

281 966 301 1030 5
319 963 458 1027 ultimum
480 960 649 1028 definiebas
670 962 703 1027 id
725 981 807 1041 esse,
838 981 899 1043 quo
921 962 1038 1040 omnia,
1065 981 1146 1044 qnae
1168 969 1251 1026 recte
1272 959 1389 1035 fierent,

319 1064 509 1130 referrentur
537 1084 637 1146 neque
664 1065 696 1129 id
717 1065 821 1146 ipsum
843 1083 974 1146 usquam
996 1063 1173 1131 referretur.
1228 1063 1391 1129 Praeclare

319 1167 376 1232 hoc
398 1167 531 1250 quidem.
576 1167 697 1232 Bonum
718 1167 821 1248 ipsum
843 1167 936 1232 etiam
958 1167 1032 1248 quid
1054 1175 1150 1246 esset,
1183 1166 1332 1244 fortasse,
1365 1167 1391 1230 si

318 1289 397 1350 opus
419 1268 537 1348 brissei,
561 1269 733 1348 definisses
754 1276 810 1334 ant
831 1271 914 1350 quod
936 1277 1021 1336 esset
1042 1277 1156 1335 natura
1171 1269 1390 1351 appetendum,

318 1379 373 1436 aut
394 1373 478 1454 quod
499 1373 679 1454 prodesset,
712 1380 768 1436 aut
799 1374 883 1452 qnod
914 1371 1049 1450 iuvaret,
1083 1379 1138 1437 aut
1166 1374 1249 1454 quod
1281 1371 1390 1436 liberet

261 1478 300 1540 10
317 1476 417 1540 modu.
461 1475 552 1539 Nune
577 1474 674 1553 idem,
707 1475 766 1538 nisi
788 1475 952 1540 molestum
979 1481 1042 1554 est,
1075 1474 1220 1557 quoniam
1247 1474 1303 1540 tibi
1330 1492 1391 1538 non

271 1603 274 1610 ·
318 1577 440 1642 omnino
463 1576 606 1658 displicet
627 1574 757 1641 definire
779 1583 810 1642 et
831 1579 863 1642 id
884 1576 975 1656 facis,
1008 1595 1077 1642 eum
1107 1577 1168 1656 vis,
1202 1577 1292 1642 velim
1315 1575 1391 1642 defi-

319 1680 400 1758 nias,
433 1679 507 1760 quid
534 1679 575 1742 sit
601 1678 759 1760 voluptas,
792 1680 916 1760 dequo
945 1679 1044 1744 omnis
1071 1679 1148 1744 haec
1169 1679 1313 1760 quaestio
1336 1688 1392 1742 est

318 1784 346 1846 a.
371 1781 456 1860 ans,
478 1800 604 1862 quaeso,
626 1781 734 1862 inquit,
757 1789 819 1860 est,
841 1781 908 1863 qui,
931 1781 1006 1864 quid
1029 1781 1070 1846 sit
1092 1781 1250 1862 voluptas,
1273 1783 1393 1846 nesciat

389 2009 409 2053 l.
428 2021 479 2052 esre
497 2005 553 2068 (pro
572 2004 652 2065 etiam)
674 2005 691 2052 F.
710 2003 771 2055 etO
808 2005 939 2074 [pnth‘acio
957 2003 1004 2072 at]
1047 2009 1068 2052 2.
1097 2003 1212 2068 quidquid
1234 2003 1292 2067 quid
1316 2003 1348 2054 m't
1366 2004 1394 2053 M

318 2073 376 2136 qur'd
393 2071 521 2136 quidquem
538 2076 570 2124 rit
588 2073 609 2120 L
627 2071 658 2122 m't
676 2087 724 2122 om.
745 2073 763 2121 Ε
804 2079 827 2122 3.
849 2071 968 2138 [dffnr'ta'o
987 2071 1021 2140 Α]
1073 2077 1095 2120 4.
1117 2071 1250 2140 [armenum
1274 2071 1327 2122 siue
1345 2089 1392 2122 om.

319 2141 364 2209 Al]
395 2140 1229 2209 6.ueque—raserretarom.11[refferrelurAEh]raseruturC
1259 2143 1393 2204 lpunml]

321 2215 358 2260 10.
382 2210 507 2260 Nuncom
534 2209 653 2261 Lamos
700 2216 736 2261 ll,
748 2210 824 2272 jiur're
845 2209 912 2278 [Alli
952 2209 1048 2273 definire
1067 2209 1256 2274 (prodqfiuiur)
1275 2209 1392 2260 LPMCR

320 2283 357 2329 12.
376 2277 485 2343 voluptas
503 2293 551 2328 om.
571 2281 593 2328 R
635 2279 693 2328 boec
711 2277 784 2328 omnm
803 2281 825 2328 R
857 2282 895 2328 1³.
915 2280 968 2344 paris
985 2279 1058 2342 quusi
1076 2277 1152 2346 [Allld
1174 2277 1235 2346 [quta
1253 2295 1325 2342 mrum
1346 2278 1391 2346 Αἵ]

317 2349 389 2410 quusi
405 2347 458 2411 quis
475 2347 549 2396 ceteri
595 2347 686 2413 [aqna
704 2347 750 2415 Al]
774 2347 963 2416 [volcmarus]

405 2555 432 2612 5.
476 2555 575 2630 Atqui)
598 2556 667 2612 vid.
690 2555 780 2626 adl,
805 2559 853 2614 58.
898 2558 971 2616 Mox
999 2557 1029 2613 in
1058 2556 1156 2613 verbis
1183 2559 1395 2630 quidquidque

319 2639 367 2717 (nt
401 2641 540 2716 seriptum
569 2651 613 2697 cst
642 2641 729 2698 etiam
758 2644 787 2699 in
812 2642 889 2718 Spir.
912 2651 942 2700 et
972 2641 1103 2717 marffl'ne
1126 2636 1220 2718 Crat.)
1253 2642 1397 2698 aberrant.

318 2727 406 2783 etiam
428 2726 552 2783 aliorum
576 2726 659 2784 codd.
677 2726 846 2798 deteriores,
869 2737 901 2786 ut
922 2747 940 2804 χ
959 2729 1102 2803 quidquid,
1126 2729 1301 2802 tpqnidquiul
1319 2730 1395 2802 quid.

319 2813 364 2869 De
392 2812 443 2880 iis,
477 2831 552 2886 quae
586 2822 761 2886 sequuntur,
795 2814 874 2889 quod
896 2814 933 2870 ad
955 2813 1097 2871 orationis
1118 2811 1243 2870 formam
1274 2815 1395 2873 attinet.

320 2897 378 2954 vid.
401 2898 486 2966 adI,
510 2899 560 2967 42,
584 2897 673 2954 dere
696 2899 720 2970 1,
745 2900 794 2956 29.
1289 2907 1292 2914 “

405 2983 484 3040 libne
506 2983 589 3060 inula)
622 2984 702 3041 b'rrrrc
723 2984 838 3042 addidit
859 2984 1006 3043 Gruterus
1029 3003 1045 3040 e
1067 2985 1132 3041 Pul.
1159 2987 1189 3052 l;
1218 2993 1281 3040 erat
1304 2985 1395 3041 etiam

320 3069 348 3125 in
373 3069 450 3146 Spir.
473 3078 502 3126 et
520 3067 598 3128 Gud.
612 3069 645 3139 2;
668 3070 698 3127 in
722 3071 826 3128 ceteris
849 3069 949 3147 (Pell,
973 3067 1257 3142 Dav.,0xx.,Gzii)
1274 3069 1396 3135 aberam

319 3156 417 3229 itaque
451 3155 520 3212 olim
544 3155 791 3232 distinguebatur:
826 3157 922 3214 liberet.
979 3158 1063 3212 ,llodo
1084 3159 1153 3212 allero
1186 3163 1241 3211 etc.
1296 3155 1395 3212 Iidem

320 3241 455 3298 meliores
488 3239 567 3318 (Pal.
599 3245 630 3312 1,
665 3261 721 3317 mg.
749 3241 845 3312 Crat,
880 3240 943 3298 cod.
971 3239 1062 3320 Mor.)
1095 3242 1206 3313 clqbu'os
1239 3239 1396 3310 dederunt,

319 3345 495 3401 quemquam
518 3329 636 3398 (aquaeue,
659 3327 738 3401 quod
760 3327 902 3384 edebatur
923 3337 991 3385 unte
1014 3326 1191 3396 Gruterum,
1221 3344 1277 3382 non
1302 3345 1398 3383 anno·

320 3422 383 3468 taut
413 3413 488 3470 Dav.
518 3423 546 3469 et
569 3411 677 3482 Gaius,
700 3412 780 3471 Oxx.
803 3423 900 3471 autem
928 3422 1041 3470 tantum
1065 3431 1082 3469 e
1102 3430 1128 3487 χ.
1173 3408 1214 3489 (ψ
1237 3411 1351 3468 omittit
1374 3425 1397 3468 el

319 3500 348 3552 al
370 3531 410 3538 —
433 3493 569 3578 defletum.)

406 3585 433 3639 6.
482 3587 559 3652 (laris,
582 3603 694 3656 qaroeso,
718 3587 817 3658 iuquit,
841 3579 893 3665 est)
926 3585 962 3642 In
990 3601 1048 3640 uno
1075 3582 1220 3640 vocabulo
1253 3581 1398 3639 aberrant

319 3669 388 3725 boni
412 3668 536 3734 codices,
560 3687 613 3743 pro
636 3689 735 3742 qrroeso
757 3677 822 3740 aaut,
850 3679 883 3726 ut
905 3671 1003 3727 multis
1026 3669 1092 3726 aliis
1115 3668 1186 3725 locis
1209 3665 1238 3742 (ξ
1262 3669 1315 3738 80,
1341 3669 1397 3728 IV.

320 3755 370 3824 72,
394 3755 476 3811 Brut.
501 3755 572 3824 289,
595 3754 724 3829 Philipp.
747 3755 842 3825 XIII,
868 3755 922 3826 32,
945 3757 982 3812 ad
1004 3755 1097 3812 Attio.
1109 3756 1147 3825 V,
1169 3757 1194 3822 1,
1208 3755 1237 3824 4,
1249 3753 1286 3808 nd
1312 3753 1398 3811 Fam.

319 3841 362 3907 V,
395 3841 448 3907 15,
479 3838 521 3919 2),
545 3843 627 3914 qimai
652 3841 793 3897 habentes
816 3839 871 3919 (E,
900 3841 978 3900 Gud.
1003 3841 1020 3897 2
1044 3843 1125 3915 quusi
1146 3837 1221 3915 paris)
1242 3849 1293 3895 ant
1320 3857 1398 3914 quae

319 3925 385 3981 inde
408 3926 513 3983 leviter
535 3926 704 3996 deflectant;
729 3925 805 4001 Spir.
823 3930 968 4001 qrubquesi.
1002 3927 1093 3984 Recte
1111 3923 1398 3983 emendavithins.

320 4011 459 4068 Davisius
482 4012 546 4069 Pal.
573 4015 585 4068 1
612 4013 820 4068 correctionem
850 4023 967 4069 secutus
990 4020 1066 4069 erat:
1105 4011 1268 4085 erisqrmm.
1298 4013 1398 4086 inquit.

319 4107 366 4157 eu.
390 4115 481 4172 pravo
505 4098 533 4154 in
557 4097 609 4153 tali
632 4097 862 4173 interrogatione
884 4099 1039 4155 verborum
1069 4098 1176 4173 positu.
1221 4097 1398 4154 Deteriores

319 4181 443 4239 aliorum
466 4193 498 4239 nt
520 4183 628 4254 nostri,
662 4183 738 4240 unde
761 4183 913 4241 Manutius
935 4195 965 4240 et
987 4184 1163 4252 Lambinus,
1187 4181 1398 4240 soloecismum

320 4267 348 4322 in
372 4268 454 4325 verbi
477 4269 563 4326 modo
587 4269 728 4326 vitantes:
761 4269 848 4336 (lausi
868 4273 929 4344 quis
952 4269 1068 4347 (Lami).
1092 4269 1201 4326 rectius
1224 4266 1398 4342 quisquoml.

320 4357 417 4426 iniquit.
451 4357 492 4409 sit.
537 4354 708 4428 Voluptatis
741 4353 872 4412 definitio
894 4356 1040 4430 Epicureo
1067 4355 1184 4412 videtur
1216 4373 1280 4411 esse
1317 4355 1399 4430 apud
