2956 5028
330 392 393 457 302
724 409 768 454 un
790 409 922 456 siamus
944 409 1015 456 nou.

374 575 409 639 E
427 575 605 657 viperino
627 593 756 640 morsu
776 594 898 641 venae
919 577 1110 642 viscerum

373 678 527 742 Veneno
549 677 718 742 imbutae
740 683 891 742 taetros
913 678 1111 743 cruciatus
1133 678 1250 743 cient!
1464 749 1465 764 ¹

331 779 381 845 Sic
402 779 570 862 Epicurus:
596 779 800 852 „Philoctetal
822 779 933 844 Breuis
955 779 1073 844 dolor.“
1108 781 1152 844 At
1171 780 1234 844 iam
1256 781 1405 846 decimum
1464 853 1465 862 ¹

402 1021 421 1066 1.
443 1017 528 1066 Earn.
548 1031 642 1072 omines,
662 1015 704 1066 Or.
750 1020 774 1069 8.
794 1014 834 1067 Sit
854 1014 1041 1083 [AlLPMROr.
1112 1015 1188 1084 [Pau.
1206 1017 1230 1066 ri
1246 1018 1325 1068 meeis
1343 1018 1407 1068 dolor

330 1084 388 1135 leuia
406 1088 440 1147 Δ,
459 1085 516 1144 nisi,
535 1087 603 1149 quod
622 1085 726 1149 opinor,
749 1093 859 1133 erratum
882 1093 920 1134 ert
942 1087 973 1134 de
996 1085 1036 1150 ei]
1091 1083 1225 1135 Pliloerera
1248 1085 1326 1136 ὸνουίε
1344 1087 1407 1136 dolor

330 1152 387 1202 levir
407 1155 424 1202 E
442 1151 591 1202 Piitoctea:
610 1152 643 1204 si
652 1153 733 1218 paves
743 1152 818 1212 dolor,
836 1153 912 1202 bevra
930 1153 1095 1204 LPstcrror.

330 1377 407 1453 apud
427 1377 561 1436 Soliuum
575 1386 604 1433 et
616 1376 774 1452 vegetium
792 1385 822 1433 et
840 1376 915 1433 alios
934 1385 964 1432 et
975 1379 1063 1452 lapilli
1074 1381 1247 1451 praecantari
1255 1378 1338 1452 apud
1354 1379 1407 1435 Pe-

329 1463 466 1519 tronium.
512 1461 638 1518 Easdem
661 1459 844 1519 Graecorum
873 1479 938 1518 esse
967 1447 1085 1531 ἐπῳδάς
1108 1462 1199 1518 verbo
1227 1462 1406 1538 significasse

330 1547 401 1604 satis
424 1556 477 1604 est.
511 1547 692 1604 Praecertere
714 1565 751 1602 ex
769 1547 950 1621 praeciueido
972 1545 1013 1614 fir,
1037 1554 1071 1601 ut
1091 1556 1228 1603 oeeerrtore
1245 1547 1406 1622 (acceium),

329 1630 698 1706 etsifi1itetiampraecauo
715 1631 807 1705 (quod
817 1631 949 1688 Lucilius
961 1629 1040 1705 apud
1051 1631 1183 1687 Nonium
1199 1651 1228 1707 p.
1244 1633 1304 1688 102
1323 1632 1407 1688 aliter

328 1713 450 1792 posuit)q
474 1725 507 1772 ut
529 1726 573 1773 est
595 1735 701 1785 occano,
714 1725 744 1772 et
755 1725 914 1790 praecauto,
937 1725 970 1772 ut
989 1714 1101 1774 Statius
1118 1716 1194 1772 dixit
1210 1728 1332 1773 arcente.
1378 1717 1408 1772 Si

323 1801 471 1876 potestati
494 1802 589 1876 ipsum
613 1799 749 1858 effectum
773 1800 908 1858 medendi
930 1799 1065 1857 refertur.
1099 1801 1232 1858 Verbum
1255 1820 1357 1858 rarum
1379 1813 1407 1857 et

329 1887 484 1944 obscurum
498 1885 636 1943 librarius
649 1886 713 1942 cod.
726 1885 791 1942 Pal.
808 1889 822 1943 1
847 1885 948 1943 omisit
957 1895 1081 1955 retenta,
1105 1904 1182 1960 quae
1194 1896 1334 1961 separata
1345 1897 1405 1943 erat
1464 1873 1465 1884 ¹

330 1971 428 2046 (utin
452 1971 515 2027 cod.
533 1969 642 2045 vict),
677 1970 791 2047 syllaba
812 1980 850 2039 et;
884 1969 914 2027 in
938 1970 1037 2027 codice
1060 1970 1239 2027 deteriorum
1262 1972 1405 2046 principe,

328 2055 450 2112 retentis
471 2056 578 2113 litteris
595 2056 709 2130 aliquot
726 2055 854 2130 (petente)
871 2053 978 2112 effecta
995 2063 1040 2110 est
1061 2074 1121 2113 vox
1133 2056 1241 2112 Latina
1257 2055 1405 2113 inferioris

328 2141 448 2210 aetatis3
477 2159 545 2197 nam
567 2150 600 2197 ut
621 2140 725 2211 nostri,
753 2141 829 2196 Pell.
858 2140 964 2211 ceteri,
1000 2139 1100 2208 „iere“
1132 2140 1299 2212 Davisiani‚
1329 2140 1404 2200 Oxx.

329 2225 544 2300 (carperentur),
569 2225 798 2302 Guduterqne,
822 2225 906 2297 Bae,
937 2225 1002 2282 edd.
1025 2233 1095 2281 vett.
1118 2225 1233 2301 plures,
1256 2235 1405 2300 postrema

328 2310 510 2367 Victoriana.
555 2311 601 2367 Ex
623 2311 801 2386 interpolato
823 2311 875 2366 illo
892 2319 1065 2385 competenter
1086 2319 1111 2366 et
1133 2310 1232 2367 nescio
1255 2311 1325 2384 quis
1347 2311 1404 2366 edi·

328 2407 375 2452 tor
401 2393 514 2452 fecerat
541 2405 675 2470 coimperat
697 2415 725 2452 ee
747 2405 788 2464 et,
827 2395 905 2470 quod
928 2393 1058 2454 Orellius
1086 2394 1116 2450 in
1146 2395 1191 2450 ed.
1215 2396 1292 2451 V'en.
1326 2397 1402 2452 listi

327 2480 466 2555 repperit.
515 2481 632 2538 Deinde
660 2498 727 2537 cum
754 2479 825 2537 ferri
853 2499 912 2537 non
939 2487 1041 2554 posset
1067 2489 1107 2546 et,
1142 2479 1194 2536 alii
1216 2480 1401 2537 scribendum

328 2565 529 2622 coniecerunt:
568 2569 619 2621 etei
645 2568 704 2640 qai
734 2573 840 2640 potest!
877 2583 953 2639 quae
980 2564 1149 2621 coniectura
1177 2564 1207 2620 in
1236 2584 1295 2641 mg.
1325 2565 1402 2624 Crat.

327 2659 468 2707 annotata
495 2659 541 2707 est
563 2651 626 2727 (qui
651 2651 728 2708 Dav.
757 2649 846 2708 tradit
873 2650 903 2706 in
926 2649 972 2706 El.
992 2650 1009 2705 2
1033 2647 1134 2720 irrisae,
1156 2647 1285 2706 fortasse
1309 2669 1363 2726 pro
1389 2653 1399 2704 l

328 2733 506 2810 appellans)‚
519 2735 570 2792 alii
582 2745 607 2792 et
618 2735 763 2806 delerant,
785 2753 879 2809 eaque
891 2735 1037 2810 scriptura
1048 2736 1196 2815 (earupapet
1207 2755 1244 2804 ee,
1256 2735 1402 2810 sipateat).
1464 2789 1465 2794 ,

327 2838 402 2894 quae
425 2829 469 2876 est
491 2820 569 2895 apud
592 2821 777 2882 Marsumet
799 2819 894 2889 Crat,
918 2819 986 2875 inde
1008 2838 1026 2874 a
1048 2819 1183 2876 Manutio
1205 2819 1244 2874 ab
1267 2821 1403 2876 omnibus

326 2914 394 2961 ante
422 2904 529 2964 Gzium
559 2914 677 2961 servata
703 2914 757 2961 est.
806 2905 934 2961 Enarrat
961 2903 1105 2962 Orellius:
1141 2904 1190 2972 „in
1217 2903 1404 2962 Philoctetae

326 2989 424 3047 locum
447 3008 478 3047 se
501 2989 652 3065 paulisper
674 2989 852 3065 cogitatione
875 2988 1064 3059 transferat“,
1088 3007 1147 3046 non
1164 2988 1318 3060 aberrans,
1342 2989 1404 3064 opi-

327 3092 390 3138 nor,
414 3075 451 3130 ab
473 3075 694 3150 interpolatoris
717 3075 877 3143 sententia;
900 3074 1005 3131 Latine
1029 3073 1147 3148 quidem
1168 3073 1198 3129 id
1222 3073 1265 3130 sic
1284 3074 1404 3131 dicine-

326 3160 399 3233 quit‚
422 3177 477 3216 nec
499 3159 604 3218 Cicero
626 3160 787 3235 Epicurum
809 3159 906 3234 ipsum
928 3159 1080 3216 doloribus
1095 3177 1270 3234 oppressum
1293 3157 1405 3216 inducit

326 3253 357 3300 et
378 3244 420 3301 sic
443 3245 678 3320 experimentum
707 3263 777 3301 suae
799 3243 962 3319 sapientiae
984 3243 1163 3319 capientem,
1198 3243 1250 3300 sed
1274 3244 1405 3318 postulet
1464 3247 1465 3304 j

326 3329 364 3384 ab
387 3348 431 3391 eo,
455 3338 488 3385 ut
509 3329 575 3386 aliis
598 3329 766 3386 dolentibus
789 3329 945 3385 subveniat
967 3325 996 3406 (ξ
1021 3329 1070 3396 93,
1096 3329 1145 3397 95,
1169 3329 1258 3385 Tunc.
1282 3328 1344 3398 ΠΙ,
1364 3330 1402 3384 44
1464 3347 1465 3350 ’

327 3413 477 3471 simillimo
500 3413 588 3488 loco).
633 3413 721 3487 Quod
748 3413 857 3483 Gzius,
880 3413 989 3470 Rathio
1018 3413 1173 3484 evadente,
1207 3414 1347 3487 proxime
1369 3413 1405 3468 ad

325 3499 391 3554 Pal.
418 3502 431 3556 l
457 3499 564 3555 edidit:
587 3499 660 3555 Huic
683 3501 837 3573 Epicurus,
866 3501 892 3554 ai
907 3508 1009 3572 potest,
1033 3507 1103 3565 eet,
1137 3507 1241 3568 tenue,
1271 3499 1354 3572 quod
1375 3498 1403 3553 in
1464 3521 1465 3540 κ

218 3618 230 3640 ,
327 3582 379 3640 illo
402 3583 467 3658 ipso
490 3583 590 3641 codice
619 3592 786 3658 supererat,
815 3583 972 3658 vestigium
999 3584 1064 3640 veri
1086 3582 1220 3650 sustulit;
1254 3601 1310 3639 nec
1334 3585 1405 3640 ilicet

326 3667 528 3743 (coniunctivo
552 3667 653 3746 modo)
675 3668 771 3725 omitti
793 3677 924 3743 poterat,
959 3677 989 3724 et
1009 3669 1142 3744 ineptum
1170 3676 1230 3724 est:
1264 3669 1355 3738 dicat,
1383 3671 1407 3722 si
1464 3669 1465 3696 ³

320 3763 418 3827 potest.
463 3754 522 3811 Sed
544 3753 618 3809 nihil
640 3772 714 3828 opus
736 3754 809 3809 baec
831 3753 937 3810 refelli.

413 3839 443 3894 E
464 3837 594 3913 aperibo)
618 3836 887 3915 [Praepositionem
900 3837 1037 3896 Baiterus
1054 3837 1296 3905 addiditeffusc.
1309 3837 1353 3904 Π,
1369 3836 1403 3893 19
1464 3843 1465 3912 J

326 3933 355 3979 et
377 3923 454 3980 Non.
483 3943 512 3998 p.
542 3923 619 3992 324;
653 3941 707 3979 nec
735 3933 812 3993 erat,
847 3941 899 3980 eur
927 3942 991 3980 eam
1021 3922 1126 3981 Cicero
1148 3921 1197 3978 hie
1225 3922 1405 3978 detraheret.

325 4008 385 4067 Sed
407 4007 487 4081 quod
508 4027 562 4083 pro
585 4010 629 4064 cui
650 4007 767 4083 scripsit
788 4027 856 4069 caer,
880 4017 997 4083 poterat
1018 4007 1123 4066 Cicero
1145 4007 1193 4064 hic
1215 4006 1305 4064 aliter
1317 4017 1404 4081 atque
1464 4073 1465 4078 ἵ

325 4093 355 4149 in
378 4092 555 4150 Tusculanis
578 4111 680 4150 versus
703 4092 829 4150 orationi
851 4090 1032 4169 annectere]
1464 4095 1465 4106 ¹

411 4177 457 4234 Sic
487 4179 642 4251 Epicurea:
665 4177 843 4250 Plriloctetei)
866 4178 1045 4234 Vocativum
1058 4195 1122 4234 esse
1134 4177 1284 4233 Philocteta
1297 4185 1405 4233 etcum

323 4260 459 4318 irrisione
470 4262 570 4318 induci
587 4263 747 4338 Epicurum
759 4263 943 4319 Philoctetae
961 4272 1119 4337 praecepta
1140 4279 1194 4318 sua
1209 4260 1405 4336 ingerentem,

324 4345 390 4421 ipsa
406 4347 543 4403 vocabuli
564 4346 660 4404 forma
682 4347 838 4404 admonere
861 4346 1116 4416 editoresdebuit3
1139 4363 1205 4402 nam
1219 4346 1405 4402 nominativo
1464 4399 1465 4416 ,
