2948 5024
330 377 392 442 752
720 397 765 442 nn
787 355 918 444 nmmos
941 397 1012 444 ees.

329 563 399 629 Non
422 564 512 643 enim,
535 563 697 648 [inquam]
720 583 845 647 queem,
868 566 942 648 qnid
964 585 1087 646 verum,
1117 566 1172 630 sed
1195 566 1270 648 quid
1291 565 1392 646 orique

329 666 491 730 dicendum
514 667 562 732 sit.
595 667 724 732 Utinam
745 667 870 749 quidem
880 667 1018 734 dicerent
1028 666 1123 734 etium
1138 667 1199 732 elio
1217 668 1391 734 beatiorem!

329 767 390 832 iam
413 769 519 833 nrines
541 769 672 834 videres.
706 770 742 834 In
765 769 880 836 virtute
901 771 984 835 enim
1005 771 1072 836 sole
1094 777 1126 835 et
1146 770 1392 852 inipsohonesto
1460 825 1461 834 ,

330 888 400 934 eum
422 870 463 934 sit
483 871 597 936 benum
617 872 753 954 positum
776 891 907 954 eumque
929 873 1121 950 merirum,
1149 878 1184 936 ut
1210 872 1312 954 placet
1332 872 1392 939 illie

203 995 204 1000 ¹
291 975 386 1040 bnee
403 973 567 1038 honestum
588 981 717 1053 creseat
738 975 832 1056 idque
853 975 967 1040 bonum
990 974 1090 1040 solum
1112 975 1162 1052 sit
1184 993 1247 1057 quo
1270 975 1324 1056 qui
1343 993 1392 1055 po

328 1075 433 1154 tinum
456 1093 582 1142 neeesse
603 1083 651 1141 est
672 1077 782 1142 beatus
805 1077 854 1157 sit,
877 1095 946 1142 oum
969 1077 1077 1158 augeri
1099 1077 1131 1142 id
1154 1095 1216 1142 non
1239 1078 1346 1158 possit
1366 1077 1391 1140 in

399 1279 601 1345 Linquemom.
620 1281 649 1342 Β,
669 1282 722 1332 ine
740 1283 811 1332 unci
830 1281 874 1336 Or.
918 1282 1068 1346 cuiquemE
1104 1281 1286 1332 brionnii
1336 1280 1391 1332 dice·

327 1349 401 1402 ron
437 1353 459 1400 6.
478 1349 709 1416 edouperiLPCR

329 1551 358 1598 et
380 1541 531 1601 Ciceronis
553 1559 727 1618 responsum
749 1541 808 1600 elio
831 1551 973 1618 spectare,
997 1541 1052 1598 hoc
1074 1561 1163 1598 unnm
1186 1560 1310 1618 ponem,
1343 1560 1392 1598 non
1462 1599 1463 1622 ¹

328 1645 415 1704 posse
437 1645 513 1699 eum,
537 1627 588 1702 qni
611 1627 776 1686 Stoicorum
798 1628 960 1686 orationem
984 1636 1014 1684 et
1035 1627 1264 1702 disputationem
1280 1629 1391 1704 flagitet

329 1713 371 1770 sie
393 1713 505 1770 dicere:
534 1732 567 1769 en
590 1713 687 1770 Stoim'e
708 1715 804 1770 audire
825 1715 963 1782 debemus,
992 1713 1048 1770 nisi
1071 1711 1173 1782 addet,
1208 1713 1280 1787 qnid
1302 1713 1392 1769 audire

328 1798 410 1870 velit,
433 1808 466 1855 ut
487 1798 512 1855 si
535 1798 626 1855 dicet:
650 1799 758 1855 libenter
779 1819 812 1856 ee
835 1799 932 1856 Stoicis
955 1800 1079 1859 audiam.
1102 1817 1151 1855 cur
1173 1809 1229 1855 cet.
1274 1798 1391 1858 Omnino

328 1893 426 1941 entem
449 1884 530 1955 Piso,
553 1901 617 1940 eum
641 1883 678 1940 ad
700 1884 740 1954 id,
763 1885 843 1958 qnod
864 1885 927 1961 ipse
950 1883 1145 1959 quaesiverat„
1168 1903 1341 1960 responsum
1353 1883 1391 1941 eit

328 1971 366 2027 ed
387 1987 470 2028 suem
493 1987 611 2026 oensem
633 1969 822 2026 obtinendem
835 1989 892 2027 non
904 1969 1089 2027 adversarios
1100 1969 1201 2027 audire
1218 1969 1296 2026 velle
1308 1969 1391 2036 debet.¹
1463 1995 1464 2004 ¹

328 2055 381 2113 sed
401 2055 464 2131 ipse
487 2054 697 2126 demonstrare,
718 2055 758 2126 id,
781 2056 859 2130 qnod
882 2057 919 2112 eb
931 2055 1125 2127 illisdieetur,
1147 2054 1220 2112 ferri
1236 2073 1295 2112 non
1308 2073 1392 2132 pesse.

329 2139 512 2219 [Ordiendum
534 2159 611 2197 nnnc
629 2159 694 2198 eum
712 2141 832 2198 Baitero
854 2142 884 2198 in
902 2151 986 2199 textu
998 2139 1108 2219 posui]
1141 2139 1244 2220 (Quod
1255 2139 1348 2200 Gzins
1359 2139 1392 2195 eit

329 2227 492 2284 audiendum
513 2236 553 2282 eet
574 2225 754 2302 significare:
778 2227 927 2284 Stoicorum
948 2230 1076 2284 sententia
1098 2245 1162 2284 vero
1183 2228 1332 2284 indicendo
1352 2235 1390 2282 cst.

330 2311 401 2386 quid
422 2311 488 2368 voci
509 2311 571 2368 inde
592 2309 705 2382 fecerit,
728 2313 842 2383 nescim
874 2314 1039 2370 awiimdum
1068 2322 1107 2369 est
1128 2310 1215 2370 foede
1237 2330 1339 2370 errans
1359 2311 1392 2366 sic
1464 2377 1465 2386 χ

329 2397 453 2473 accepit,
477 2397 561 2470 quasi
583 2398 724 2472 scriptum
746 2407 838 2455 esset:
862 2398 946 2455 Stoici
965 2401 1048 2473 ἐρίων
1065 2400 1156 2473 potius
1177 2399 1309 2454 audiendi
1328 2405 1393 2455 sim:
1464 2429 1465 2438 κ

328 2483 403 2540 illud
425 2491 568 2558 exputare
590 2500 713 2557 nequeo,
737 2483 883 2558 quomodo
896 2484 1034 2542 Pisonem
1057 2482 1286 2540 inducetsnbito
1300 2483 1392 2540 adrer-

329 2567 472 2626 seriorum
495 2568 669 2626 sententiam
697 2569 870 2645 probantem
899 2577 929 2626 et
956 2569 1055 2627 omnio
1083 2585 1137 2626 ene
1164 2577 1344 2626 evertentem
1358 2600 1392 2608 -

329 2653 441 2710 ironiae
463 2653 541 2710 enim
563 2655 645 2710 nulle
672 2655 784 2729 species
807 2663 852 2712 est
880 2687 934 2725 -‚
963 2664 1025 2712 tum
1048 2654 1221 2714 Ciceronem
1249 2654 1307 2711 hoc
1328 2653 1392 2710 ecci·

328 2757 399 2815 pere
422 2737 593 2817 nolentem.)
636 2740 731 2797 Paulo
754 2749 822 2797 ente
833 2744 953 2816 inqrmm,
975 2761 1056 2815 repas
1079 2759 1115 2797 ex
1139 2759 1197 2797 uno
1221 2739 1284 2798 Eri.
1296 2738 1339 2818 [et
1359 2733 1391 2814 B]

328 2843 422 2901 posin.

420 2909 526 2977 Tamen,
550 2913 659 2985 inquam
682 2943 722 2952 -—
745 2910 807 2967 Non
829 2914 906 2982 enim,
929 2909 1053 2986 inquam)
1080 2911 1173 2969 Verbi
1196 2913 1284 2985 mque}
1304 2907 1391 2967 bisin

329 2995 457 3052 eiusdem
481 3013 624 3072 personne
646 2997 779 3054 oratione
801 2997 890 3072 positi
901 2995 1091 3054 Heindorfius
1113 2997 1151 3053 ad
1174 2997 1189 3053 1
1210 2997 1246 3053 de
1259 2997 1298 3054 N.
1311 2997 1346 3054 D.
1361 2993 1391 3050 li

328 3080 386 3137 dno
413 3081 473 3138 elie
499 3081 635 3156 exempla
656 3083 793 3158 ascripsit
820 3101 858 3138 ex
880 3083 913 3140 11
940 3083 976 3138 de
999 3081 1082 3141 Oret.
1116 3082 1154 3138 13
1182 3091 1213 3138 et
1235 3083 1308 3153 298,
1335 3097 1391 3136 cnm

329 3165 545 3236 Svet.1u1.32;
569 3163 650 3247 [dum
674 3169 758 3225 Verr.
770 3169 811 3238 Π,
828 3168 902 3238 127,
926 3187 979 3243 pro
1001 3168 1065 3225 Mil.
1079 3168 1127 3230 98,
1144 3167 1245 3224 addidi
1267 3167 1298 3224 in
1310 3162 1391 3243 praei.

328 3252 406 3310 Livii
428 3271 447 3309 e
469 3271 515 3309 me
538 3253 608 3310 editi
631 3253 787 3324 V01.11,1
808 3254 926 3329 p.XX;
960 3252 1069 3310 oblitus
1092 3271 1154 3310 rum
1177 3252 1301 3322 addere,
1323 3248 1392 3326 qnod

329 3337 415 3396 hnins
444 3338 513 3395 libri
540 3341 591 3408 §6
616 3338 732 3414 legitur,
755 3347 817 3396 tum
829 3339 979 3406 Verr.IV‚
995 3339 1042 3404 13,
1066 3337 1151 3397 Caes.
1163 3339 1198 3396 B.
1210 3337 1243 3396 C.
1265 3339 1308 3409 Π,
1331 3329 1391 3412 31;]

328 3427 438 3498 inqrmm
460 3423 565 3482 Cicero
598 3433 715 3500 praeter
741 3425 818 3481 hune
841 3425 936 3482 locum
960 3424 1002 3480 sie
1029 3425 1129 3499 posuit
1150 3425 1198 3480 hio
1220 3425 1278 3494 ΠΙ,
1296 3423 1340 3483 12.
1361 3421 1391 3476 de

328 3509 403 3566 Fato
428 3509 455 3564 3.
488 3510 593 3583 Itaque
616 3529 705 3566 nnnm
717 3509 778 3566 Erl.
802 3506 862 3590 [cui
875 3527 951 3566 nuno
963 3510 1132 3586 adiungitur
1144 3508 1185 3587 Β]
1209 3517 1391 3568 consecutus

329 3613 402 3664 sum,
422 3613 487 3650 cum
499 3595 535 3651 de
552 3595 658 3652 ceteris
680 3595 765 3652 bonis
783 3595 856 3652 nibil
873 3605 1029 3652 constaret.
1069 3595 1136 3653 Illic
1152 3605 1251 3652 temen
1268 3593 1390 3670 pluribus

328 3679 509 3754 interpositis
537 3683 645 3754 iuqrmm
679 3681 721 3738 ibi
751 3681 962 3756 interponitur,
991 3681 1041 3736 ubi
1065 3681 1159 3740 oratio
1182 3681 1266 3755 quesi
1288 3677 1390 3752 colligi·

328 3775 385 3822 tur.
441 3767 606 3823 Aboramns
628 3785 681 3842 pro
708 3768 892 3824 aber-ravimus
914 3765 1043 3823 restituit
1071 3767 1147 3823 Dav.
1170 3785 1186 3822 e
1215 3767 1298 3823 Perr.
1325 3768 1337 3820 l
1365 3771 1388 3817 et

329 3851 358 3922 3,
381 3850 474 3910 Gzins
497 3870 534 3907 ex
552 3852 613 3909 Erl.
625 3861 655 3908 et
666 3851 744 3928 Spir.
756 3850 821 3930 [B]
845 3871 898 3909 nec
914 3851 1009 3922 aliter,
1032 3852 1146 3928 opinor,
1169 3851 1234 3908 Pel.
1248 3854 1280 3920 4,
1304 3869 1319 3907 e
1340 3865 1390 3922 quo

327 3937 357 3993 in
386 3936 509 3995 Gruteri
536 3946 606 3994 note
633 3937 781 4014 profertur
807 3957 938 3994 erramus.
986 3937 1021 3995 In
1050 3956 1085 3994 eo
1113 3947 1171 4008 est,
1199 3947 1232 3994 nt
1254 3937 1388 3994 oberrent

328 4021 415 4096 idque
438 4042 474 4079 ne
497 4023 561 4094 fiet,
586 4021 690 4082 Cicero
718 4031 811 4080 eevet.
855 4024 890 4079 In
918 4023 992 4090 illis,
1026 4041 1102 4097 quae
1134 4031 1308 4098 sequnntur:
1340 4020 1388 4077 m-

327 4127 390 4164 nam
412 4117 466 4164 eet
488 4109 659 4166 Academici
682 4127 837 4184 personam
860 4107 964 4167 Cicero
981 4119 1088 4180 tuetur,
1117 4109 1244 4166 libenter
1260 4108 1331 4166 elios
1350 4121 1388 4161 re·

327 4192 465 4252 sellentie.

413 4282 508 4354 cuper-i
533 4280 576 4354 id)
605 4279 654 4339 Sic
677 4280 765 4336 etiem
788 4299 803 4337 e
827 4279 905 4356 Spir.
928 4275 982 4360 [Β]
1005 4278 1113 4350 (aizium
1136 4279 1225 4336 ceteri
1248 4279 1278 4336 id
1296 4275 1387 4350 euceri·

328 4364 401 4421 Mox
424 4365 453 4422 in
475 4367 631 4424 concinendi
656 4367 747 4423 verbo
770 4365 929 4424 deteriores
951 4366 1067 4423 codice·
1089 4365 1241 4434 aberrant,
1274 4373 1306 4421 nt
1325 4357 1387 4418 elibi
