2920 5012
389 405 431 450 ar
455 404 536 450 mari.
553 404 616 450 nin
632 405 645 450 1
667 405 739 451 aar.
758 408 782 451 s.
1083 387 1125 452 25

90 571 290 638 testatiore
316 572 447 638 Mucius.
490 571 558 654 Ego
586 581 689 638 autem
716 573 822 638 mirari
854 573 929 638 sotis
957 592 1017 638 nou
1039 592 1127 656 queo,

87 675 150 738 unde
173 675 226 739 hoc
251 674 293 740 sit
320 683 383 740 tam
411 675 548 740 insolens
570 676 807 740 domesticarum
835 695 939 740 rerum
961 675 1127 742 fastidium.

83 775 200 841 lonast
219 777 343 842 omnino
365 777 414 842 hie
435 777 565 842 docendi
587 777 687 856 locus;
716 777 837 843 sedita
859 779 958 843 sentio
981 786 1012 843 et
1033 797 1128 860 saepe

83 878 201 956 disserti,
220 879 364 944 Latinam
386 879 523 960 linguam
545 898 606 944 non
628 881 720 944 modo
742 899 803 944 non
825 880 957 961 inopem,
980 886 1017 944 ut
1037 880 1128 962 vulgo

82 989 219 1059 putarent,
257 982 314 1046 sed
346 981 579 1063 locupletiorem
612 983 706 1046 etiam
739 1000 809 1047 esse
841 1000 935 1063 quam
968 981 1165 1048 Graecam.5

84 1081 191 1158 Quando
212 1083 294 1148 enim
317 1084 419 1162 nobis,
452 1083 501 1149 vel
529 1084 642 1163 dicam,
675 1089 730 1148 aut
762 1084 937 1149 oratoribus
964 1083 1052 1149 bonis
1075 1089 1130 1148 aut

109 1254 371 1308 immorantes:
388 1253 449 1303 sotis
466 1253 551 1303 niori
563 1253 606 1304 Or.
636 1259 658 1304 2.
677 1264 727 1305 tom
745 1271 793 1307 orn.
808 1254 876 1304 LPR
902 1261 924 1304 3.
943 1254 980 1304 tle
997 1254 1089 1304 omnem
1107 1255 1130 1304 R

82 1327 99 1369 l.
114 1337 152 1370 roa
167 1322 233 1372 nodo
252 1322 342 1388 inopem
363 1320 409 1389 [A]
429 1323 471 1375 ΕΡ
507 1327 529 1374 6,
549 1323 614 1372 noba
632 1331 657 1372 ut
673 1322 753 1373 dicam
770 1323 792 1372 Ε
810 1323 848 1374 vel
864 1323 928 1374 nebu
946 1323 1023 1373 dicam
1033 1322 1130 1380 Luca

151 1479 193 1536 10.
214 1482 312 1536 curari
332 1483 399 1536 coeo
421 1499 472 1536 non
494 1481 572 1554 φιεο)
594 1479 801 1538 Necessarium
819 1481 1053 1556 supplementum
1070 1481 1130 1557 pri·
1243 1489 1247 1500 '

81 1581 131 1620 nus
140 1563 311 1642 interposuit
324 1566 359 1623 P.
372 1565 532 1636 Manutius,
550 1565 602 1622 sed
613 1575 681 1623 ente
692 1569 787 1623 marari
793 1585 800 1634 3
817 1565 1074 1642 apndCiceronem
1085 1566 1130 1623 bis

81 1647 169 1723 legitur
184 1654 279 1707 mirari
298 1655 366 1708 eada
378 1671 429 1706 non
446 1670 520 1725 queo.
544 1651 634 1708 semel
652 1655 719 1709 suus
736 1654 838 1721 mirari,
855 1654 963 1714 iudices,
987 1671 1038 1708 non
1054 1671 1130 1726 queo.

80 1732 200 1792 Codicum
228 1737 403 1812 scripturam
432 1734 625 1814 defenderunt
651 1736 776 1794 Rathius
804 1746 834 1794 et
856 1735 963 1808 Gaius,
998 1737 1048 1811 qui
1075 1737 1131 1795 hoc

81 1816 229 1878 Ciceronem
252 1822 351 1879 dicere
373 1830 491 1898 putant,
521 1839 639 1878 causam
662 1840 693 1879 se
716 1822 834 1897 quidem
855 1823 971 1893 videre,
1000 1823 1131 1880 sednon

2 1941 3 1964 l
80 1922 130 1961 arse
159 1906 204 1964 hic
236 1909 300 1965 eius
322 1907 514 1982 exponendae
546 1907 653 1964 locum.
707 1907 818 1984 Lepide
851 1906 983 1984 profecto
1017 1907 1131 1978 Cicero,

80 2007 132 2046 cum
160 1993 199 2049 rei
221 2003 281 2050 tam
310 1994 412 2062 mirae,
442 2002 472 2049 et
505 1993 541 2050 de
569 2011 628 2067 qua
660 2001 719 2050 tarn
743 1994 835 2050 multa
856 1993 979 2065 dixerit,
1013 2010 1131 2050 causam

2 2079 3 2130 3
80 2076 153 2148 sciat,
182 2097 244 2135 eam
278 2097 333 2136 nec
365 2078 413 2135 hic
441 2097 495 2135 nec
523 2078 595 2136 alibi
617 2078 752 2154 exponit,
787 2080 839 2135 sed
860 2078 920 2136 alia
940 2089 1048 2136 namet
1092 2079 1132 2135 Et

2 2197 3 2204 κ
79 2170 160 2219 umen
179 2163 294 2222 dixerat
315 2164 400 2222 initio
423 2160 452 2245 (ξ
476 2158 510 2246 4)
533 2181 564 2221 se
586 2164 642 2221 hoc
665 2164 780 2233 mirari;
814 2172 844 2220 et
872 2164 971 2222 statim
994 2164 1130 2235 ostendit,

2 2315 3 2334 Χ
78 2263 126 2302 non
144 2267 172 2306 se
193 2267 310 2307 causam
334 2259 433 2306 tenere
455 2249 535 2307 illius
556 2248 683 2319 fastidii,
711 2249 762 2307 sed
784 2249 894 2306 nullam
917 2267 982 2307 esse
1005 2267 1131 2308 oausam.

2 2347 3 2382 1
78 2329 148 2389 Nihil
168 2334 229 2392 dico
252 2336 289 2392 de
311 2335 454 2392 orationis
475 2332 580 2406 forma,
603 2335 633 2392 in
656 2353 714 2410 qua
735 2339 831 2392 mirari
851 2355 902 2391 non
923 2354 990 2409 queo
1009 2335 1065 2392 erit
1080 2355 1132 2392 aon

76 2420 152 2473 m.
182 2419 238 2480 Sed
261 2421 332 2478 boni
354 2421 399 2478 illi
420 2421 477 2478 viri
500 2439 544 2490 ea,
568 2439 643 2495 quae
665 2429 836 2495 sequuntur,
860 2421 895 2478 de
913 2438 1002 2478 causa
1018 2419 1131 2478 fastidii

2 2537 3 2548 κ
76 2501 279 2576 intellexerunt,
314 2525 381 2564 cum
408 2505 464 2564 hoc
486 2505 591 2565 Cicero
619 2506 711 2578 dicat,
746 2525 777 2564 se
810 2505 949 2564 indicium
983 2525 1067 2564 suum
1095 2506 1131 2564 de

2 2592 3 2610 ¹
76 2587 172 2648 dividis
187 2591 303 2668 linguae
315 2592 439 2650 Latinae
462 2609 539 2648 nune
560 2591 646 2668 plene
669 2592 887 2669 explicarenon
900 2609 995 2667 posse.
1030 2590 1131 2670 [Quod

75 2671 202 2746 Baitarua¹
226 2676 455 2735 AleniHiberni
467 2677 663 2734 coniecturam
677 2687 803 2748 secutus,
826 2677 944 2753 scripsit
964 2681 1060 2734 umori
1080 2696 1132 2734 noa

75 2777 138 2831 quau
169 2763 238 2819 nihil
247 2762 413 2830 nbatabat,
436 2781 494 2837 quo
517 2763 613 2821 minus
635 2761 740 2822 Cicero
762 2763 927 2834 rimaretur,
950 2764 1026 2820 unde
1048 2762 1132 2821 fasti-

75 2843 141 2902 dium
161 2847 231 2906 illud
253 2857 345 2918 esset,
369 2849 419 2906 sed
443 2848 614 2925 intellegere
635 2867 693 2906 non
716 2858 841 2925 poterat.
885 2849 949 2906 Nec
970 2858 1068 2925 potest
1089 2848 1132 2906 sic

75 2929 199 3010 intellegi,
221 2952 280 2992 non
304 2953 367 2992 esse
390 2951 467 2990 nunc
484 2942 599 3011 tempus
616 2934 647 2991 id
656 2935 797 3003 rimandi;
820 2953 887 2990 nam
904 2953 958 2991 nec
970 2954 1038 2992 rauco
1049 2935 1132 2991 addi·

75 3025 116 3071 tur
133 3027 159 3074 et
180 3019 234 3077 hoc
267 3031 336 3095 post
357 3020 474 3076 demum
496 3019 618 3076 dicitur:
651 3020 714 3076 Non
736 3029 775 3076 est
803 3024 906 3076 omrrrlto
928 3030 982 3076 etc.
1027 3021 1132 3093 Neque

2 3103 3 3112 ’
75 3099 98 3155 iu
128 3103 174 3160 tali
206 3125 238 3162 re
268 3104 374 3164 Cicero
407 3107 503 3161 minori
531 3105 615 3182 quasi
644 3105 680 3162 de
712 3105 938 3181 investigatione
965 3105 1008 3162 rei
1036 3105 1133 3162 occul-

75 3197 140 3245 tatae
159 3189 306 3269 Maec]

145 3295 193 3331 amr
215 3279 295 3334 modo
316 3277 384 3354 nort)
408 3275 543 3333 Alteram
566 3276 752 3352 negationem
781 3293 798 3332 a
820 3285 959 3350 quattuor
992 3276 1052 3333 suis
1079 3295 1133 3352 op-

74 3357 140 3418 timis
169 3363 272 3419 abesse
296 3360 389 3420 Gaius
411 3362 491 3418 dicit.
545 3361 615 3418 Non
643 3371 688 3418 est
714 3379 788 3437 opus
816 3379 866 3418 eos
898 3360 1042 3432 refutare,
1071 3362 1131 3436 qui,

75 3447 205 3506 moritus
232 3448 348 3522 aliquot
380 3447 567 3504 librariorum
594 3447 828 3523 patrocinantes,
862 3447 958 3504 omitti
985 3467 1036 3504 nort
1063 3457 1132 3504 ante

74 3533 112 3586 ted
130 3537 203 3589 roura
226 3552 315 3610 posse
338 3531 532 3590 defenderunt
554 3531 627 3611 [non
651 3531 865 3604 animadverso,
889 3551 947 3607 qua
969 3533 1131 3590 sententiae

73 3615 199 3692 ungulari
221 3618 413 3676 inclinatione
437 3619 497 3688 fiat,
520 3626 643 3676 utente
665 3637 697 3674 nc
719 3651 758 3660 -
782 3620 889 3692 quiden
911 3618 1006 3675 omitti
1028 3619 1131 3694 possit

74 3699 103 3758 a
132 3715 226 3761 tamen
261 3704 293 3761 in
314 3703 367 3762 illo
389 3721 510 3761 numero
543 3703 601 3761 fuit
629 3703 662 3762 C.
687 3702 722 3762 Ο.
745 3704 873 3761 Mueller
905 3705 942 3761 ad
974 3705 1062 3761 Varr.
1095 3704 1131 3761 de

73 3785 139 3846 LL.
150 3791 206 3862 IX,
231 3791 249 3847 7
273 3799 305 3847 et
329 3793 367 3848 14
390 3787 495 3870 (VIII,
518 3809 547 3866 p.
562 3789 622 3846 128
645 3799 676 3847 et
699 3789 759 3846 129
781 3784 871 3870 Rip).
916 3788 975 3849 Sed
986 3791 1131 3848 Varronis

72 3873 207 3933 codicibus
229 3875 302 3950 quid
329 3875 360 3932 in
381 3874 438 3933 hoc
459 3893 566 3952 genere
588 3875 774 3932 tribuendum
797 3876 849 3946 sit,
878 3884 1002 3952 apparet
1023 3875 1072 3932 vel
1093 3894 1131 3933 ex

71 3975 112 4026 eo,
132 3963 209 4037 quod
227 3963 258 4018 in
276 3961 380 4018 eodem
398 3961 474 4019 libro
491 3957 534 4042 (p.
555 3957 630 4044 130)
652 3981 706 4038 pro
728 3981 779 4017 aon
801 3963 879 4018 ηωάο
899 3961 1010 4018 habent
1030 3959 1131 4038 modo}

69 4042 106 4100 De
125 4047 187 4124 ipso
210 4047 270 4105 hoc
291 4046 401 4106 iudicio
423 4046 476 4104 cfr.
498 4047 556 4119 111,
581 4049 609 4118 5,
632 4048 721 4105 Tusc.
743 4047 785 4114 11,
810 4047 859 4117 35,
883 4047 918 4104 de
940 4047 979 4104 N.
991 4047 1030 4104 D.
1052 4048 1077 4116 I,
1102 4047 1130 4104 8.

70 4127 225 4209 Simplicius
247 4151 354 4190 verum
375 4131 486 4190 fatetur
514 4133 599 4204 alibi,
633 4143 667 4190 ut
693 4133 741 4190 hic
769 4133 833 4203 III,
869 4133 906 4190 51
942 4133 971 4189 in
1004 4151 1131 4208 persona

2 4211 3 4228 ¹
69 4213 183 4277 Catonis.
707 4241 710 4248 ·

138 4307 221 4374 nodas,
245 4307 289 4362 oct
305 4298 407 4384 dicam)
428 4303 455 4360 Ε
472 4304 573 4361 codice
585 4322 638 4361 suo
656 4305 713 4362 hoc
724 4303 850 4380 sumpsit
860 4303 1020 4375 Victorius,
1043 4321 1129 4378 quem

69 4386 181 4450 Orellins
203 4399 328 4449 secutus
355 4398 414 4461 est,
447 4407 502 4448 nec
528 4389 610 4447 alind
637 4389 783 4466 signifieat
809 4389 885 4461 Erl,
919 4389 948 4446 in
982 4408 1040 4464 quo
1066 4388 1129 4447 fero
