3018 5052
434 335 478 418 nn
501 371 580 418 uun.
603 371 665 420 nnn.
688 373 722 420 1v
744 373 816 421 cae.
840 377 914 424 n-a.
1141 359 1204 452 Ι487

139 541 242 620 Stoici,
264 559 321 608 nee
342 558 413 609 ossa
435 539 625 620 nudandum,
647 542 703 606 sed
724 559 844 624 eorum,
872 543 925 625 qui
945 543 1076 626 grandia
1098 553 1207 610 ornate

136 833 293 910 imaginem
305 833 336 892 in
347 833 479 892 oratione
490 833 619 892 notanda
629 833 776 892 usitatam.
802 833 881 892 Nam
891 837 984 912 spinas
994 837 1088 894 vetlem
1105 846 1134 894 et
1145 856 1207 896 osan

137 921 251 992 nudare,
274 919 411 976 carnibus
432 919 561 990 resectis,
590 919 718 996 chimugi
740 928 801 991 est;
839 919 891 978 aad
918 929 1072 996 praetcrea
1098 921 1206 999 legenti

137 1004 301 1062 disserendi
322 1003 424 1079 spinae
446 1013 477 1061 ct
493 1003 649 1064 definiendi
660 1005 864 1080 partiendique
881 1013 912 1062 et
929 1004 1079 1082 spinosum
1090 1006 1207 1065 dicendi

135 1107 230 1167 genus
263 1098 419 1148 occurrunt
451 1097 481 1146 et
508 1090 603 1148 oratio
630 1089 731 1162 exilis,
772 1108 853 1162 osse,
886 1109 945 1148 non
972 1109 1089 1149 carnem
1112 1110 1207 1167 neque

135 1174 309 1252 sangninem
330 1175 442 1232 habens
463 1175 560 1253 (Brut.
584 1170 647 1254 68).
680 1175 779 1234 Verba
792 1175 942 1235 Ciceronis
952 1175 984 1234 in
995 1176 1095 1234 codice
1105 1177 1206 1235 arche·

135 1271 209 1338 typo
221 1269 359 1336 corrupta
369 1270 466 1330 erant3
489 1260 531 1318 sic
542 1261 620 1318 enim
631 1260 772 1336 scriptum
783 1260 825 1319 ibi
836 1269 908 1334 erat,
931 1270 964 1319 ut
980 1270 1025 1320 est
1040 1261 1071 1319 in
1087 1262 1206 1339 optimis
1308 1275 1311 1280 '

137 1346 219 1424 (Pel.
234 1348 260 1418 l,
274 1345 351 1422 Spin.
360 1342 425 1424 [B],
439 1365 495 1422 mg.
507 1343 616 1424 Orati:
638 1347 671 1404 de
682 1365 743 1422 cap.
754 1365 778 1403 r.
785 1365 817 1422 p.
835 1347 868 1404 de
885 1350 1057 1422 temperantia
1073 1349 1107 1406 de
1122 1350 1205 1422 sorti-

136 1433 229 1489 tndine
241 1432 372 1488 tatanem
389 1433 423 1488 de
434 1434 527 1508 spinea
541 1433 687 1489 vellentium
701 1431 813 1510 (tonan
828 1431 907 1489 solus
918 1431 980 1488 Erl.
991 1431 1111 1508 proprio
1125 1451 1205 1490 men·

135 1515 198 1594 do).
221 1516 300 1574 Hinc
315 1517 346 1576 in
363 1517 426 1574 cod.
438 1517 513 1575 Mor.
526 1525 556 1574 et
567 1516 760 1574 deterioribus
772 1517 842 1593 (etsi
859 1535 896 1573 ex
907 1512 954 1586 U}
965 1535 1023 1574 non
1034 1517 1205 1594 annotatur)

134 1602 248 1662 factum
270 1604 304 1660 de
324 1605 418 1678 spinis,
441 1602 520 1677 quod
537 1610 601 1660 erat
610 1602 641 1659 in
652 1601 830 1660 editionibus
852 1609 920 1659 anta
932 1600 1102 1674 Gruterum,
1125 1603 1206 1660 nulla

134 1687 291 1746 sententia
340 1688 376 1746 In
399 1687 462 1746 cod.
483 1685 600 1766 E1.(1)
628 1687 767 1745 audacter
794 1695 830 1762 et
852 1687 951 1762 inepte
978 1687 1119 1765 scriptum
1146 1697 1205 1746 ost:

134 1775 170 1832 dc
191 1775 287 1830 mamis
309 1774 441 1830 domnam
463 1777 557 1850 spinas
577 1775 733 1832 vellentium.
776 1773 913 1849 Apparet
933 1791 1022 1830 voces
1043 1775 1077 1830 dc
1091 1775 1204 1846 sortitu·

133 1861 198 1917 dim
219 1858 319 1916 nescio
341 1877 399 1934 quo
422 1877 520 1916 errore
542 1877 579 1916 ex
602 1858 802 1935 superioribus
822 1858 963 1934 repetitas
985 1875 1058 1930 ease,
1080 1859 1205 1916 necalia
1313 1909 1320 1924 ,

134 1954 180 2002 est
202 1945 285 2020 otigo
307 1943 533 2020 praepositionis
555 1945 589 2002 de
609 1953 677 2001 ante
699 1947 802 2020 spinaa
849 1943 896 2002 Ne
918 1943 991 2000 illud
1013 1943 1131 2018 quidem
1153 1945 1205 2002 ob·
1298 1955 1301 1960 '

132 2047 262 2102 acumen,
285 2029 315 2086 in
337 2029 384 2087 hia
405 2029 503 2086 verbis
524 2030 710 2106 negationem
732 2029 848 2101 deesse,
881 2047 948 2086 cum
974 2029 1047 2086 haec
1073 2029 1112 2086 sit
1138 2047 1203 2087 sen-

132 2116 237 2186 tentia,
260 2123 374 2172 veteres
396 2115 463 2174 illos
485 2115 617 2172 oratione
639 2133 698 2172 non
720 2113 1203 2191 similesiuissohominumspinas

131 2201 315 2258 vellentium.
370 2199 429 2260 Sed
461 2209 615 2276 praeterea
645 2199 676 2257 in
708 2200 846 2277 genetivo
879 2199 1006 2258 editores
1037 2199 1203 2258 haeserunt

130 2287 249 2361 Itaque,
271 2293 305 2343 ut
325 2286 458 2344 omittam
480 2286 625 2344 violentos
646 2285 783 2344 Lambini
805 2295 936 2356 conatus,
958 2285 1076 2344 Marsus
1098 2285 1203 2344 edidit:

131 2373 167 2430 de
190 2374 379 2449 temperantia,
402 2391 448 2429 nec
469 2391 541 2428 more
562 2373 694 2428 danninum
714 2373 862 2430 vellentium
883 2373 977 2446 spinas
998 2369 1068 2448 (hoe
1090 2371 1202 2444 ordina,

132 2457 187 2514 sed
208 2457 356 2516 sedentium
378 2457 411 2514 dc
432 2459 525 2532 apiatas
547 2456 636 2514 etiam
647 2451 812 2536 ood.Be'c.),
835 2454 991 2514 manifesto
1004 2456 1202 2514 coniecturam

130 2560 273 2618 sequens,
300 2541 505 2617 idquerius
531 2541 645 2602 ascivit
687 2542 837 2600 Inutiliter
863 2542 919 2600 hoc
940 2541 1129 2600 Heinrichins
1151 2539 1203 2621 (cd

131 2627 195 2688 Cic.
218 2626 314 2686 Oratt
335 2637 410 2704 part
433 2627 509 2685 ined.
532 2648 560 2704 p.
581 2629 619 2686 lt
642 2628 686 2686 ad.
708 2627 833 2704 Kilon.),
856 2645 943 2702 quem
955 2627 1083 2686 Orellius
1105 2628 1202 2702 sequi-

132 2723 192 2784 tnr,
215 2713 371 2772 exornavit
391 2713 492 2794 addita
513 2731 585 2772 voce
596 2732 656 2785 ean,
679 2731 766 2788 equa
777 2712 923 2788 quomodo
940 2713 973 2770 de
988 2712 1060 2771 oriri
1071 2713 1202 2788 potuisse

129 2799 253 2875 putarit,
275 2798 374 2856 miror.
417 2799 540 2870 Melius,
568 2799 593 2856 si
620 2798 823 2874 supplemento
846 2815 920 2874 opus
942 2807 1028 2869 esset,
1051 2797 1102 2856 alii
1124 2799 1202 2875 apud

130 2883 322 2943 Lambinum:
344 2903 416 2942 inore
436 2885 504 2942 dom.
526 2903 578 2942 non
599 2887 692 2960 spinas
714 2886 773 2942 vell.
801 2883 905 2943 Cicero
922 2883 1017 2940 solum
1032 2884 1201 2960 genetivum

130 2969 222 3046 paulo
243 2969 365 3026 liberius
376 2969 576 3044 superioribus
587 2969 723 3028 adiunxit
733 2969 909 3046 significans,
932 2969 1014 3040 haec,
1036 2987 1112 3044 quae
1124 2969 1201 3028 dice-

128 3063 197 3112 rent
218 3054 278 3124 illi,
310 3055 460 3113 hominum
489 3074 552 3113 esse
580 3073 638 3112 non
659 3055 760 3131 spinas
781 3054 969 3125 vellentium,
1003 3054 1053 3128 qui
1080 3072 1200 3131 prorsus

128 3141 262 3217 legitima
284 3139 469 3216 appositione
491 3139 707 3217 adiungeretur,
730 3140 757 3198 ai
773 3150 840 3197 ente
852 3138 993 3214 scriptum
1004 3148 1096 3196 esset:
1118 3159 1199 3214 qaam

128 3227 271 3300 ampmflca
295 3227 373 3282 sunu!
395 3226 485 3300 (llaec
506 3236 568 3283 sunt
578 3228 727 3300 mapantco,
740 3226 872 3282 danninum
883 3223 1024 3300 nannet).
1046 3224 1134 3282 Nunc
1145 3225 1200 3283 etsi

128 3311 219 3387 paulo
241 3310 328 3370 aliter
349 3311 425 3368 dixit
445 3309 542 3389 (quom
567 3313 704 3386 maqnpice
725 3321 787 3368 anast
813 3309 914 3386 dicta),
948 3317 1045 3366 tamen
1067 3310 1200 3385 pluribus

127 3396 291 3455 interiectis
308 3406 457 3471 tamqnam
473 3396 511 3454 ad
527 3396 608 3454 illam
624 3395 749 3454 formam
766 3397 838 3453 haec
854 3395 1094 3453 accommodavit
1126 3395 1200 3454 Post

128 3482 262 3538 dominum
283 3481 423 3540 facillime
445 3501 496 3538 nona
518 3482 653 3539 excidere
675 3481 780 3559 potuit
813 3481 872 3542 Sed
894 3480 1199 3557 alianascitursuspi·

127 3567 195 3624 cio.¹
227 3565 306 3625 Nam
334 3585 422 3626 voces
449 3569 483 3624 de
510 3571 682 3643 temperantia
704 3566 888 3626 incommode
905 3575 1037 3624 extremo
1059 3565 1124 3624 loco
1145 3584 1198 3643 po·

127 3653 202 3710 sitae
219 3663 296 3726 sunt,
318 3663 354 3710 e'o
375 3652 473 3729 potius
494 3653 567 3710 haec
578 3653 671 3712 virtus
683 3671 748 3712 eum
760 3653 865 3712 ceteris
886 3653 1009 3728 (imum,
1024 3653 1199 3730 smmmdine)

126 3738 331 3816 coniungenda
353 3749 425 3810 erat,
447 3747 480 3796 ut
501 3739 538 3796 ab
560 3739 662 3796 hatum
680 3739 860 3816 singularum
876 3739 1016 3795 virtutum
1034 3739 1199 3813 praeceptis

127 3823 233 3881 deinde
255 3824 350 3883 oratio
377 3824 547 3884 escenderet
570 3824 606 3882 ad
628 3835 785 3900 praecepte
812 3824 847 3881 de
869 3832 965 3881 aetate
987 3822 1133 3900 degenda,
1162 3824 1198 3880 de

128 3908 265 3968 universa
285 3909 486 3986 philosophia,
509 3917 564 3967 oet.
601 3910 666 3968 Iam
694 3928 759 3968 cum
781 3911 811 3968 in
834 3909 983 3967 codicibus
1004 3908 1197 3984 siccariptum

126 3993 178 4052 sit:
201 3996 234 4053 da
256 3999 439 4071 temporaneo,
461 3997 495 4054 de
508 3997 678 4069 fortitudine,
702 3995 842 4072 suspicor,
866 3991 1090 4054 sicCiceronem
1106 3995 1197 4070 serip-

125 4080 214 4138 siase:
242 4083 277 4138 de
298 4081 408 4153 inundo,
431 4082 465 4138 de
482 4084 664 4156 temperantia,
687 4084 722 4139 de
736 4083 911 4155 fortitudine,
935 4089 1083 4154 postrema
1099 4090 1196 4138 autem

125 4177 266 4240 quattuor
286 4167 378 4225 verba
399 4185 498 4224 errore
524 4165 555 4224 in
577 4165 746 4225 inferiorem
769 4167 864 4224 locum
887 4167 1006 4223 detnusa
1027 4183 1105 4236 esse,
1145 4167 1196 4223 sed

125 4252 184 4309 duo
206 4249 257 4333 (de
270 4247 358 4331 sart.)
380 4251 540 4310 autsimul
563 4271 616 4310 suo
638 4253 703 4310 loco
725 4252 835 4328 scripta
855 4251 947 4310 fuisse
969 4260 1020 4308 aut
1036 4261 1140 4326 postea
1161 4270 1196 4309 eo

124 4347 261 4396 rouacta
305 4335 386 4419 [Hoc
407 4356 484 4396 nunc
506 4346 566 4396 tam
588 4347 701 4397 eertum
722 4338 818 4396 visum
841 4347 898 4408 est,
927 4348 960 4394 ut
981 4336 1023 4394 sic
1045 4337 1195 4410 ediderim,
