2998 5020
313 407 511 454 ossismos
534 406 604 451 sou.
628 405 671 450 or
696 405 775 450 noc.
798 404 860 449 nos.
885 405 914 450 v.
1092 385 1152 450 601

89 573 217 638 nanuum
242 575 385 655 fortunae
406 551 527 638 ιίαίιιν.ὶ
559 572 670 655 Itaque
696 572 840 637 tenuatus
867 577 909 636 est
942 572 1074 636 inanime
1100 571 1162 652 ipse

87 675 264 742 Aristotcles
285 683 313 740 et
334 677 396 742 eius
414 665 472 758 fitia·
483 675 660 741 Nicomachi
681 675 750 738 libri
765 675 953 752 demonibus,
975 672 1162 738 adhibendus

87 785 191 843 tomen
226 778 470 860 Theophrastus·
507 800 581 843 naui
619 779 705 842 ceteri
742 777 937 858 otiqmmtam
969 775 1161 855 deflexerunt.

94 881 234 946 Veterum
255 887 357 945 autem
367 883 544 946 sententiam
555 880 725 946 Antiochus
739 879 959 962 ciiiipcntissime
967 880 1163 962 persequitur

87 985 133 1066 (c.
147 985 198 1068 5).
227 981 276 1048 De
297 984 511 1062 summobono,
534 1004 594 1066 quo
616 983 774 1048 constituto
796 983 837 1045 in·
843 981 1037 1062 philosophia
1060 982 1164 1046 omnia

87 1088 251 1152 omstitmo
272 1091 357 1164 suut,
380 1087 525 1169 quonium
546 1106 661 1169 noapna
682 1086 824 1150 timia
846 1089 902 1161 ost,
929 1084 1100 1148 adhibento
1122 1089 1165 1150 est

86 1189 194 1254 divisio
222 1187 401 1266 Carneadis,
424 1190 487 1270 qui,
510 1195 583 1270 quot
602 1189 731 1269 fuissent
752 1193 780 1252 et
802 1193 876 1270 quot
886 1207 945 1252 csse
961 1187 1084 1250 omniuo
1089 1207 1162 1267 pos-

86 1296 153 1356 seut
179 1291 216 1356 de
242 1312 359 1366 summo
381 1291 457 1355 bono
478 1292 655 1369 sentcntiae,
682 1291 765 1354 nictit.
810 1289 850 1354 Ia
876 1291 970 1366 eninr,
1004 1289 1085 1372 quod
1111 1309 1164 1354 ors

89 1394 205 1458 uiuendi
226 1395 345 1475 assequi
365 1391 446 1472 outt,
479 1399 588 1474 aptum
614 1399 642 1458 et
668 1393 925 1458 accommodatum
952 1397 1084 1456 naturae
1105 1412 1165 1456 esse
1281 1408 1285 1418 “

86 1497 171 1560 aare
192 1502 220 1562 et
242 1495 310 1574 ute,
332 1501 367 1558 ut
389 1498 488 1577 ipsum
504 1495 891 1577 perscappetitumanimi
907 1493 1028 1558 alliciat.
1065 1494 1163 1576 Quac-

87 1599 281 1681 rituripitur‚
304 1599 378 1680 quid
395 1599 426 1662 ici
436 1599 475 1664 sit
496 1601 540 1682 (c.
560 1602 610 1682 6).
645 1599 789 1662 Naturae
805 1599 957 1679 appetimus
973 1596 1165 1677 aururlcctitur

87 1708 144 1764 aut
166 1699 351 1781 voluptutem
378 1706 433 1764 airt
457 1703 636 1765 suauitatem
663 1701 774 1765 doloris
803 1705 857 1764 out
879 1723 929 1778 cu,
963 1721 1042 1783 quiae
1058 1702 1165 1781 poium

86 1804 252 1868 sauuaun
274 1810 423 1868 naturam
444 1803 662 1881 nominantem
683 1803 843 1886 autipitur
863 1824 961 1866 unam
983 1823 1020 1868 eoo
1041 1803 1088 1866 tuis
1110 1803 1164 1866 tri·

88 1907 143 1970 bus
164 1906 266 1986 ipsum
286 1927 439 1970 storrimum
467 1907 577 1971 bonum
604 1905 708 1970 haberi
729 1911 831 1987 potest
857 1911 914 1968 out
937 1907 1037 1986 facere
1063 1905 1166 1970 omnia

87 2010 181 2072 unicas
203 2029 240 2072 on
261 2007 309 2073 his
330 2010 425 2074 tribus
447 2009 632 2090 adipiscenti
653 2029 761 2086 cansa,
794 2015 829 2072 ut
855 2030 908 2072 seu
934 2009 996 2073 sint
1021 2008 1166 2088 simplices

87 2111 123 2175 cle
144 2131 264 2176 sumnia
292 2112 368 2176 bono
389 2113 553 2177 sentcntiae
574 2113 619 2194 (o.
638 2116 688 2195 7).
734 2111 861 2175 Iunctae
887 2117 916 2175 ct
941 2111 1072 2192 duplices
1099 2131 1165 2176 scu-

88 2215 201 2278 tentiac
223 2213 444 2294 truttmunt,
478 2235 546 2278 cum
567 2214 609 2278 ad
629 2215 770 2278 uirtutem
792 2219 848 2278 ant
868 2214 1008 2295 voluptas
1035 2218 1091 2278 out
1112 2235 1165 2276 oa

88 2317 187 2381 coritas
209 2315 320 2380 doloris
341 2322 398 2381 ant
413 2317 521 2397 prima
542 2322 674 2380 naturae
696 2317 941 2400 adiunperentur.
975 2317 1080 2398 Atque
1095 2315 1167 2380 liaeo

83 2425 252 2499 postrema,
276 2440 354 2500 quae
375 2419 627 2483 Academicorum
648 2424 676 2482 ct
696 2417 966 2501 Peripateticorum
988 2425 1044 2498 est,
1067 2421 1168 2484 ceteris

87 2521 178 2602 lauto
200 2522 332 2599 semotis,
355 2542 433 2603 quoe
454 2527 557 2592 tamen
579 2522 744 2602 disputatio
764 2522 819 2587 tioc
839 2522 901 2587 loco
923 2523 1032 2604 epponi
1053 2523 1165 2604 nequit,

89 2623 154 2688 sota
177 2629 322 2702 remanet,
343 2645 438 2705 eaque
459 2624 606 2705 quoruodo
628 2626 747 2690 oriotm
762 2631 791 2690 et
806 2627 1010 2706 confirmemur,
1031 2625 1167 2705 amnonis

89 2725 304 2806 ccplieundum
331 2732 374 2791 cst
401 2728 445 2809 (c.
463 2729 514 2809 8).
560 2725 654 2791 Omm
687 2728 805 2792 animal
831 2749 862 2793 se
890 2730 990 2809 psum
1016 2728 1111 2811 ctiiipit
1139 2733 1167 2792 et

89 2830 208 2909 oppetit
235 2834 367 2892 naturae
394 2829 629 2894 accommodato.
686 2829 738 2894 Ita
763 2831 836 2912 tinio
862 2831 976 2910 cmstit,
1003 2830 1167 2896 secundino

90 2936 241 2994 naturam
263 2931 375 3009 noue,
408 2933 450 2996 sic
475 2932 631 3011 affectum,
664 2939 700 2997 ut
727 2935 836 3014 opotiuoe
857 2934 941 3014 offici
956 2935 1062 3014 possit.
1107 2932 1167 2998 Sea

89 3053 159 3096 euno
186 3031 252 3096 otio
277 3033 316 3097 sit
343 3033 473 3098 aliorum
500 3035 682 3099 aninmtium
709 3041 841 3113 natura,
873 3035 988 3099 homini
1014 3056 1167 3100 summum

90 3135 202 3199 bouum
224 3141 267 3199 est
288 3137 383 3200 moero
404 3157 441 3201 eoo
462 3137 591 3202 hortinis
612 3144 730 3202 notura
753 3137 885 3220 unctium
895 3137 1033 3219 perfecta
1053 3137 1167 3202 etnitiil

89 3237 261 3320 requirente
282 3239 327 3319 (o.
345 3242 396 3322 9).
443 3237 553 3304 Omnes
580 3247 682 3304 autem
710 3261 740 3305 se
766 3239 900 3324 atione,
939 3243 1030 3305 etiam
1057 3241 1110 3322 qui
1137 3261 1167 3304 se

90 3340 186 3405 odisse
201 3345 368 3420 putentur,
399 3341 489 3421 facite
516 3342 711 3426 intollepitur;
743 3365 818 3407 aaut
845 3343 912 3424 ipsa
938 3344 994 3408 sibi
1020 3343 1168 3408 irascendi

90 3461 185 3506 causa
207 3463 244 3506 eo·
266 3444 314 3507 sui
336 3444 462 3508 commta
484 3448 621 3510 noscitur
643 3449 687 3528 (c.
701 3450 773 3530 10).
818 3447 883 3510 Nec
904 3467 940 3510 ea
964 3447 1006 3510 ais
1026 3445 1167 3528 ditipeuoti

88 3545 131 3606 art
153 3544 250 3609 attam
273 3545 453 3627 quampiam
474 3569 538 3611 rem
561 3549 700 3630 refertur,
723 3549 774 3614 sea
796 3549 889 3614 adse
909 3549 1025 3630 ipsum,-
1047 3555 1167 3632 quiante

89 3653 192 3710 autem
214 3649 262 3726 sit,
285 3669 323 3711 ec
345 3649 450 3714 mortis
470 3652 576 3715 timore
597 3659 729 3733 apparet
749 3655 794 3736 (c.
813 3656 884 3736 11).
937 3653 1104 3717 Wcteridum
1125 3658 1168 3718 est

89 3749 192 3831 maur,
215 3751 355 3831 quaesit
381 3749 510 3817 honiiuis
531 3760 656 3818 natura.
702 3755 755 3819 Ea
783 3761 811 3819 ot
836 3757 870 3819 in
898 3776 1020 3837 corpore
1047 3756 1168 3838 proprii

89 3849 208 3932 aliquod
229 3851 317 3916 habet
339 3855 384 3934 (c.
397 3858 469 3937 12),
491 3861 519 3920 et
541 3857 573 3920 in
595 3859 698 3921 anirum
721 3859 845 3923 uirtutes
867 3860 1000 3941 arcuerit,
1034 3880 1167 3942 orcarum

89 3953 171 4016 ciliae
191 3975 254 4018 nori
278 3954 468 4021 uoluntariae
487 3965 573 4022 sunt.
597 3980 676 4041 qums
696 3961 842 4043 inpcniosi
862 3961 988 4039 habeut,
1016 3962 1095 4025 aliae
1117 3981 1166 4024 oo-

89 4054 252 4133 tuutmiaa
276 4077 356 4138 quae
377 4059 419 4122 act
440 4081 536 4127 otiores
550 4063 721 4142 portinent,
745 4084 874 4146 oropuac
895 4069 923 4127 et
943 4085 1039 4128 cerac
1086 4064 1166 4144 Quo

90 4159 177 4221 niam
203 4164 306 4222 acuon
338 4183 375 4224 ea
407 4165 539 4228 noaoimo
564 4165 731 4246 eapotcnotu
763 4173 836 4231 aaut
867 4187 904 4231 ec
930 4169 1055 4245 nostrie,
1089 4187 1168 4249 quoe

85 4259 258 4340 ptumorum
279 4261 390 4326 habeut
410 4264 576 4348 acquiram,
598 4269 695 4331 animi
705 4271 805 4334 virtus
821 4271 954 4350 corporis
964 4270 1070 4334 uirtuti
1080 4275 1166 4333 onte-

84 4365 224 4444 ponitur,
247 4366 402 4446 animique
421 4368 547 4434 uirtutes
568 4392 630 4435 uon
641 4371 967 4438 uoluntariam-incunt
979 4372 1168 4437 ootccritariue
