2998 5020
342 373 405 437 654
732 393 776 438 nn
797 391 929 440 sturnus
952 393 1023 438 uon.

339 559 390 624 illc
411 559 507 624 enimi
528 559 645 642 aliqtrid
666 561 707 625 ad
729 579 764 625 se
785 560 910 626 trahere
931 561 1068 643 coeperit
1079 561 1229 642 consulto,
1251 563 1335 644 quod
1354 562 1412 626 sibi

340 661 429 740 obsit,
451 661 524 742 quin
546 661 587 726 sit
607 662 664 726 sibi
675 662 825 742 inimicus,
847 653 959 728 cumid
970 681 1134 728 suscense
1145 662 1245 744 faciet
1267 671 1298 728 et
1309 665 1413 728 oderit

340 781 374 828 se
395 771 428 828 et
448 763 539 828 simul
560 764 675 845 diliget,
697 765 780 845 quod
802 762 870 829 fieri
892 784 953 830 non
976 773 1088 846 potest
1132 767 1331 853 Necesseqne
1355 778 1412 842 est,

340 865 366 928 si
388 865 458 947 quis
478 866 546 946 ipse
568 866 625 932 sibi
646 865 787 930 inimicus
809 874 871 946 est,
894 885 978 947 enm,
1007 885 1089 948 quec
1109 869 1191 933 bone
1213 877 1300 948 sunt,
1327 870 1412 932 rnatu

301 973 461 1048 epulare,
483 968 702 1047 bonacontus,
725 987 806 1049 quae
827 968 917 1047 mulo,
939 976 979 1049 et
1002 973 1280 1051 queeappetende,
1302 969 1413 1053 fugere

338 1077 378 1148 et,
400 1068 647 1152 quaeugienca„
665 1075 827 1152 oppetere3
849 1089 929 1153 quue
946 1072 1012 1136 sine
1023 1071 1116 1136 dubio
1127 1072 1210 1137 uitae
1221 1083 1270 1137 est
1280 1074 1412 1138 eversio.

409 1262 431 1305 2.
447 1257 568 1320 sociotR
602 1263 625 1308 ³.
645 1257 759 1324 delicitli
794 1275 887 1308 necerse
905 1267 940 1307 at
957 1259 1021 1322 quod
1037 1259 1062 1308 si
1078 1259 1097 1308 P
1116 1277 1210 1309 neccsse
1228 1271 1264 1310 cst
1282 1261 1411 1324 equesiL

338 1321 397 1375 Nec.
417 1335 452 1374 est
469 1326 560 1390 quidem
577 1327 602 1375 si
617 1326 705 1377 (tuor.
741 1333 766 1379 4.
789 1325 837 1392 ipsi
851 1326 897 1375 sebi
915 1327 932 1376 E
950 1327 995 1376 eti
1012 1329 1062 1392 ipsi
1076 1339 1132 1377 cett.
1185 1338 1221 1377 ert
1238 1329 1328 1381 om.E
1383 1347 1411 1377 eo

338 1394 494 1520 medeor.
530 1400 552 1443 b.
577 1395 637 1445 Post
660 1395 794 1460 oppetendo
812 1397 869 1444 edd.
889 1397 982 1445 surella
1042 1401 1064 1448 6.
1085 1399 1205 1462 poterell
1275 1398 1339 1448 siloe
1357 1407 1412 1447 reru

338 1618 546 1694 everteretur),
580 1620 631 1678 sed
654 1638 768 1695 semper
797 1621 826 1677 id
854 1639 907 1677 sua
934 1639 1023 1678 ceusu
1045 1621 1108 1679 lieri
1131 1622 1239 1680 dicitur
1261 1635 1290 1682 et
1314 1643 1353 1680 cx
1376 1643 1411 1680 eo

337 1706 529 1763 concluditur.
573 1705 733 1762 Manifesta
760 1714 805 1763 est
831 1707 922 1782 igitur
948 1707 977 1763 in
1006 1727 1066 1764 cnm
1089 1725 1193 1764 censue
1217 1709 1410 1785 significeti03

336 1803 367 1848 et
388 1801 486 1848 tumen
509 1791 640 1866 sequitur
655 1794 755 1866 saciet3
777 1792 886 1866 itaque,
909 1792 935 1848 si
956 1791 1030 1849 nihil
1053 1794 1215 1854 cstmendi.
1239 1805 1272 1851 ut
1283 1799 1409 1868 quostiam

337 1878 521 1934 scribendum
545 1877 592 1948 sit,
615 1877 755 1934 utendum
778 1886 822 1934 est
844 1896 879 1934 ea
901 1878 1089 1934 excusatione
1112 1877 1141 1935 in
1153 1877 1254 1937 futuro
1267 1891 1410 1955 tempore,

337 1963 418 2020 cuius
441 1962 538 2020 nullus
560 1971 605 2020 est
627 1963 752 2039 simplex
766 1963 968 2020 coniunctivus
985 1965 1097 2030 modus,
1121 1983 1208 2038 quem
1232 1983 1408 2022 commemo-

336 2049 399 2105 ravi
422 2047 450 2104 in
474 2047 671 2123 disputatione
694 2049 729 2104 de
752 2047 854 2106 formis
877 2049 956 2122 quib.
979 2049 1062 2106 verbi
1084 2050 1159 2114 Lat..
1184 2049 1294 2126 Opusc.
1312 2052 1408 2108 Acad.

335 2134 367 2190 II
379 2153 406 2209 p.
424 2133 481 2191 102
494 2143 554 2190 not.
570 2135 602 2203 23
626 2135 727 2190 eudem
739 2152 813 2209 opus
825 2153 889 2191 esse
901 2134 1018 2191 videtur
1027 2135 1135 2192 edAtt.
1148 2136 1223 2206 ΧΠ,
1238 2137 1333 2206 25,1ε
1356 2137 1411 2193 itt

336 2220 395 2276 DC
414 2221 545 2293 ecpm'mcs
567 2220 601 2274 ab
618 2220 790 2293 Hormopcnc,
813 2239 872 2276 cum
890 2223 1050 2295 praesertin
1072 2239 1175 2278 necesse
1197 2225 1256 2292 crit,
1279 2221 1332 2278 ubi
1349 2243 1408 2279 curn

335 2304 441 2360 mutari
463 2321 521 2360 non
544 2313 642 2379 potest
668 2315 788 2380 propter
810 2308 980 2379 praesertim.
1025 2304 1182 2383 [Futurum
1210 2309 1407 2382 compositum

334 2387 477 2464 (secturus
498 2387 545 2466 sit)
567 2389 692 2446 alienam
715 2390 882 2446 habiturum
905 2391 1235 2467 erutsignifiontionem3
1259 2411 1327 2448 nam
1347 2405 1408 2450 turn

335 2475 439 2550 ipsum,
463 2493 529 2532 cum
551 2473 648 2544 faciet,
672 2493 726 2531 sua
748 2494 836 2532 causa
857 2473 969 2554 faciet]

419 2561 586 2636 necesseque
607 2561 658 2635 est)
687 2561 753 2617 Hoc
776 2560 868 2638 [quod
891 2580 967 2618 nunc
991 2572 1105 2618 constet
1127 2579 1190 2619 esse
1213 2563 1243 2618 in
1267 2562 1350 2632 Erl.‚
1381 2563 1409 2619 in

335 2663 392 2719 quo
415 2647 552 2720 putabam
575 2666 627 2720 pce
649 2645 754 2712 omitti,
777 2657 807 2702 et
828 2645 869 2723 B]
892 2646 1111 2722 significabatur
1138 2655 1302 2704 ceterorum
1326 2649 1410 2705 eodi-

334 2749 399 2787 oum
422 2731 554 2806 vestigiis
577 2731 655 2808 (Pel.
675 2733 692 2788 6
716 2742 878 2789 cccccccccc
900 2751 965 2806 qne,
997 2732 1059 2788 Pal.
1080 2735 1097 2788 2
1120 2751 1224 2790 necesse
1245 2743 1284 2790 est
1305 2752 1409 2808 oeque:

335 2815 428 2874 Gzius
450 2817 480 2872 in
503 2816 637 2892 pluribus
659 2817 809 2874 codicibus
832 2817 938 2892 partim
961 2837 1064 2874 necesse
1086 2819 1220 2892 estquod
1241 2818 1330 2874 scribi
1357 2821 1409 2880 ait,

334 2901 441 2977 partim
470 2901 500 2958 id
527 2901 639 2976 ipsum,
673 2903 751 2976 quod
779 2903 879 2976 edidi).
931 2905 1000 2962 Est.
1029 2905 1107 2977 quod
1124 2905 1283 2972 excideret,
1306 2904 1410 2962 alieno

334 2987 399 3044 loco
421 2987 587 3043 restitutum
610 2997 681 3044 erat
725 2990 760 3045 In
784 3007 827 3052 eo,
851 2989 929 3062 quod
951 2989 1040 3064 vulgo
1062 2989 1171 3058 editur,
1206 3008 1263 3063 quo
1291 3001 1409 3064 spectet

334 3072 607 3148 particulequidcm,
631 3091 717 3129 nemo
740 3073 862 3142 dixerit3
896 3073 947 3130 cfr.
971 3075 1008 3129 ad
1030 3075 1158 3144 111‚‘28.
1204 3075 1315 3131 Deinde
1341 3087 1410 3132 erat

333 3159 385 3214 sibi
405 3161 471 3234 ipsi:
494 3158 616 3215 invertit
638 3157 741 3230 Gaius,
765 3157 842 3233 Spir.
854 3157 909 3236 [B]
922 3169 951 3215 et
964 3159 1022 3215 Erl.
1045 3178 1178 3234 sequens.
1208 3160 1409 3218 Soribcodnm

333 3262 397 3301 esse
419 3247 476 3319 ipsc
498 3244 544 3322 (ut
565 3244 654 3319 poulo
677 3253 750 3319 post·
764 3247 884 3301 inioo'cuo
905 3248 962 3319 ipse
983 3245 1041 3308 sili,
1064 3256 1094 3301 et
1116 3264 1198 3302 mox:
1219 3249 1273 3320 ipsi
1287 3246 1410 3303 sr'dibet·

333 3331 387 3386 lum
409 3331 568 3386 indixissent
590 3339 619 3386 et
642 3331 681 3386 30
704 3335 761 3405 ipsc
782 3350 810 3400 sp
827 3329 925 3407 oderit)
947 3330 1235 3399 viderutErnestius,
1257 3331 1303 3386 eui
1316 3327 1411 3388 Orel-

333 3415 390 3472 lius
412 3415 526 3490 paruit3
549 3434 616 3471 nam
639 3424 669 3471 et
690 3416 821 3490 postulet
843 3415 1018 3491 significatio
1041 3415 1099 3472 odii
1123 3415 1151 3471 in
1174 3415 1238 3490 ipso
1261 3415 1326 3477 illo,
1353 3419 1411 3491 qni

333 3499 401 3557 odio
424 3500 471 3568 sit,
494 3501 592 3556 sedem
615 3501 750 3558 habentis
773 3501 854 3557 etin
876 3501 940 3572 hoc,
964 3501 1015 3574 qui
1037 3501 1189 3558 restitutus
1212 3510 1269 3571 est,
1298 3501 1410 3560 ordine

333 3603 448 3659 semper
469 3585 512 3642 ita
534 3585 705 3644 Ciceronem
728 3585 818 3660 loqui,
841 3595 920 3642 recte
943 3587 979 3641 eb
1002 3586 1068 3644 eliis
1090 3585 1323 3642 animaduersum
1348 3601 1411 3646 est.

417 3690 487 3744 queue
509 3674 565 3727 sinc
587 3673 667 3728 drebio
689 3674 758 3728 uitae
779 3682 818 3728 est
839 3670 951 3747 cueroio)
974 3670 1098 3730 Codices
1110 3681 1139 3727 et
1151 3671 1309 3729 editiones:
1331 3676 1410 3732 rutae

331 3765 394 3812 suut
415 3760 522 3825 eversio,
546 3775 639 3830 neque
662 3757 816 3831 quisquam
839 3757 1049 3813 dubitationem
1073 3757 1173 3812 movit.
1218 3757 1276 3816 Sed
1296 3758 1410 3816 Latine

332 3860 390 3897 non
413 3841 533 3897 dicitur:
556 3843 620 3898 dccc
642 3853 703 3898 sunt
725 3845 831 3913 eversio,
855 3861 950 3916 neque
972 3841 1009 3898 cd
1031 3843 1108 3898 hunc
1124 3842 1327 3900 soloecismum
1350 3843 1410 3901 de-

331 3924 507 3982 fendendum
531 3927 689 4000 quidquem
712 3928 811 3984 valent
832 3927 918 4002 pauci
934 3927 978 3984 illi
995 3927 1061 3992 loci,
1084 3927 1232 4000 inquibus
1243 3929 1409 4003 scriptores

331 4009 399 4089 (nec
426 4020 523 4068 tamen
547 4010 666 4090 Cicero)
695 4022 809 4069 retento
837 4022 946 4069 neutro
969 4031 1075 4088 genere
1102 4012 1259 4088 singularis
1286 4017 1408 4073 numeri

332 4097 392 4171 (nec
413 4115 494 4172 sopor
514 4099 584 4154 illud
604 4107 677 4163 erot;
700 4099 774 4172 quod
794 4101 905 4171 sepuitic
927 4107 998 4168 erat,
1022 4101 1152 4172 sapientia
1174 4097 1333 4177 vocabatur)
1354 4100 1407 4176 ip-

332 4199 394 4238 sam
416 4182 559 4239 infinitum
580 4183 624 4240 rei
648 4183 797 4240 notionem
820 4182 985 4259 significent
1012 4181 1078 4260 [cir.
1101 4182 1245 4258 Nipperd.
1267 4185 1308 4240 ed
1328 4185 1406 4244 Tac.

330 4268 410 4323 Anu.
423 4268 447 4336 Ι,
461 4266 526 4345 49],
549 4277 601 4325 eut
622 4269 776 4344 panciores
787 4269 840 4338 illi,
864 4269 893 4325 in
916 4269 1023 4342 quibus
1034 4269 1153 4325 definite
1164 4287 1307 4343 personae
1319 4273 1407 4329 notio

330 4351 361 4408 in
372 4353 544 4428 pronomine
555 4353 698 4410 retinetur
720 4355 767 4432 (ut
777 4353 855 4429 opud
868 4353 969 4413 Senec.
981 4355 1020 4412 ud
1030 4354 1167 4412 Helvium
1183 4355 1230 4424 19,
1243 4355 1262 4412 3
1279 4367 1408 4432 propter
