2944 5040
441 431 614 479 axcuasus
636 431 655 477 1.
1024 415 1086 478 793

107 611 179 663 etion
195 609 213 662 b
228 605 312 662 minibus
330 615 457 679 quattuor
477 605 720 679 perturbationibus
736 607 783 660 iila
795 607 928 661 distinctio
939 615 993 661 aet.
1027 605 1086 664 Sed

103 693 125 749 in
142 691 286 748 affirmetitsm
303 689 420 747 farinam
444 690 500 747 hoa
521 690 680 751 transtulit.
702 699 736 746 ut
758 709 823 746 cum
847 689 1023 746 coniunctim
1044 691 1086 748 di-

99 777 179 834 cimus:
195 796 255 851 ueqtu
269 811 299 818 —
317 787 339 832 et
367 772 435 856 (pro
463 794 521 850 quo
544 794 609 832 cum
638 776 832 832 substituatur
859 795 941 850 neque
965 810 1002 818 -
1026 797 1086 850 que,

97 871 123 918 ut
138 881 178 938 pro
193 861 309 938 partitione
328 861 477 920 adiunctio
499 861 551 926 sit,
586 861 643 918 iam
673 861 894 918 dissolutionem
922 879 986 918 eam
1015 880 1088 932 esse,

93 948 142 1004 dixi
157 948 185 1004 ad
203 949 229 1006 V.
240 949 280 1017 643
297 946 372 1004 alal
394 945 493 1024 exta).
537 945 765 1024 [Apertissimus
787 955 832 1003 est
854 946 941 1004 etiam
964 947 1046 1003 lorus
1058 948 1087 1003 in

89 1053 123 1090 or.
138 1033 162 1090 ll
178 1033 205 1090 de
221 1033 263 1109 leg.
280 1049 329 1108 agr.
353 1033 402 1099 36,
426 1032 476 1088 ubi
505 1042 659 1108 postquam
687 1031 791 1091 Cicero
821 1032 863 1088 ita
890 1031 979 1088 dixit:
1007 1033 1090 1089 Duae

84 1129 136 1175 arnt
152 1121 212 1176 buius
228 1119 369 1176 obscuritatis
390 1137 497 1188 causae,
521 1138 574 1174 una
592 1120 708 1192 pudoris
730 1151 780 1188 -‚
803 1120 890 1175 attera
906 1121 1022 1189 sceleris,
1046 1118 1088 1175 sia

80 1204 172 1280 pergit:
198 1204 254 1260 llbm
271 1223 362 1279 repnte
384 1223 415 1260 eu
431 1237 474 1246 -
485 1205 566 1260 audet
582 1206 720 1278 appellare
741 1211 806 1274 aet,
830 1203 934 1260 deinde
946 1203 1088 1278 aliquam-

78 1290 160 1346 multis
177 1289 321 1365 interpositis
332 1290 374 1346 sia
386 1290 414 1363 (ξ
428 1289 482 1364 37)
505 1289 542 1345 ad
559 1289 681 1346 alteram
704 1307 822 1346 causam
844 1288 963 1345 transit:
994 1291 1088 1346 Verum

75 1377 130 1432 laet!
142 1379 240 1449 sortasse
255 1385 352 1451 propter
369 1377 501 1450 paedorem
522 1378 550 1431 in
572 1377 626 1448 lepe
647 1378 804 1439 reticentem·
838 1376 887 1431 sed
913 1375 982 1431 illud
1003 1378 1088 1447 sarpis

71 1457 132 1539 cet]
150 1461 252 1518 Restitni
271 1461 336 1518 hans
354 1459 496 1518 orationis
518 1460 641 1535 figuram
664 1479 679 1516 e
702 1459 852 1516 codicibus
873 1459 903 1516 in
929 1459 1008 1516 Lael.
1032 1462 1048 1516 7
1054 1461 1088 1516 3:

66 1547 120 1602 ‚lbu
139 1551 194 1602 aba
212 1565 298 1620 neque
317 1557 343 1602 ta
351 1549 450 1621 passis,
473 1550 596 1620 qusrmnis
607 1548 731 1614 sacellus,
754 1565 841 1601 omues
853 1555 911 1602 tuos
923 1548 962 1603 ud
978 1545 1088 1602 bonores

65 1634 365 1708 :srnplrssirnosperduseres
388 1641 416 1687 ut
428 1633 519 1707 Scipio
537 1633 570 1687 P.
584 1632 722 1706 Rupilium
730 1634 817 1706 poterit
833 1633 965 1688 consulem
976 1633 1088 1705 ssffisere,

65 1721 158 1773 r'rotroni
177 1721 224 1774 eius
240 1719 271 1774 L.
288 1737 333 1774 nort
352 1721 454 1792 potuit;
477 1716 603 1774 debebat
630 1716 727 1791 sequi:
750 1735 833 1790 neque
854 1736 897 1772 eos
922 1717 1032 1774 baumes
1050 1719 1091 1774 iili

64 1807 181 1867 ‘sustineret
201 1803 253 1871 sed,
265 1803 431 1878 interposito
442 1802 495 1859 illo
507 1801 652 1878 exemplo,
670 1801 833 1859 orationem
850 1802 892 1859 sia
904 1801 1008 1860 Cicero
1020 1821 1088 1858 con·

66 1888 146 1944 sitit:
166 1891 230 1962 quod
248 1891 271 1944 si
288 1892 362 1945 etiam
381 1891 471 1964 possis
493 1890 600 1962 quidvis
618 1891 723 1962 desmre
743 1889 783 1944 ad
797 1890 924 1959 alimum,
946 1890 1089 1944 sitiendum

66 1983 84 2028 st
105 1985 189 2040 tantas,
210 1976 271 2048 quid
291 1977 332 2031 ille
351 1976 437 2050 possit
458 1977 595 2030 susn'uere.
629 1973 784 2049 singulare
811 1973 841 2029 in
869 1973 925 2030 boo
947 1973 1011 2030 loro
1034 1981 1087 2042 est,

66 2059 116 2114 nod
126 2059 328 2133 praeeeditnom
352 2078 439 2134 qaam
451 2059 636 2135 negationem
654 2059 758 2115 deinde
775 2059 923 2116 divisurus
945 2067 1089 2116 eratnota

66 2163 140 2218 arra:
160 2165 207 2200 non
227 2147 289 2201 utun
310 2165 392 2219 neqsse
414 2155 482 2201 tn—
507 2147 647 2218 neqaeilb'.
671 2145 775 2218 Itaque
797 2162 874 2210 uuna
896 2165 980 2220 neque
996 2145 1087 2200 abun·

66 2249 106 2285 tre
127 2230 243 2300 videtur,
266 2229 314 2286 sed
326 2230 430 2290 Cicero
442 2239 593 2287 assecutus
610 2240 655 2286 est
672 2229 711 2298 in,
735 2231 814 2304 quad
835 2248 889 2287 nos
905 2230 1090 2304 assequimur

65 2333 71 2370 s
94 2315 231 2374 dicentes:
254 2317 330 2372 Dran
353 2321 406 2390 ares
425 2317 473 2372 der
494 2319 567 2372 einen
581 2317 651 2372 Seite
669 2317 737 2372 uird
748 2335 809 2371 man
831 2317 968 2372 nisbtset.
992 2315 1088 2392 [Lael.

70 2433 104 2442 -
112 2401 163 2456 59:
187 2401 288 2457 Harum
301 2405 381 2458 trium
393 2406 580 2458 sententiarum
592 2403 780 2476 russtb'prorsas
792 2405 930 2458 assentior.
954 2401 1010 2458 Nea
1021 2405 1089 2457 enim

65 2529 66 2532 ,
84 2490 178 2560 prima
199 2507 262 2543 vera
283 2497 330 2544 est.
344 2521 384 2528 -
397 2489 491 2544 Altera
513 2490 640 2542 sententia
662 2498 702 2544 est
723 2497 777 2542 oet.
795 2519 837 2528 —-
859 2488 963 2543 Tertius
976 2489 1089 2542 reroille

64 2593 77 2626 s
89 2568 269 2652 deterrimus]
292 2572 383 2648 Apud
395 2572 608 2645 Quintilianum
621 2572 695 2642 XII,
706 2574 759 2641 au
772 2572 855 2628 adest
867 2581 1022 2646 utrumque
1034 2591 1087 2643 nea

88 2675 153 2713 oum
178 2667 335 2732 utrumque
359 2658 520 2714 sententiae
544 2657 703 2714 membrum
727 2658 984 2733 penderedeberet
1006 2659 1044 2714 ab
1061 2667 1090 2714 ut

77 2762 164 2816 ireque
188 2778 228 2784 —
252 2743 360 2818 neque),
383 2743 507 2800 alterum
530 2743 699 2801 abiunatum
723 2753 752 2799 et
774 2763 827 2818 per
848 2743 1018 2819 sepositum
1031 2752 1089 2799 est:

87 2849 188 2886 rursus
211 2831 390 2904 (lassescimus
413 2839 452 2884 est
474 2831 619 2886 tiroeinium
633 2833 658 2885 ia
671 2839 825 2886 sanertutern
848 2827 914 2904 (cfr.
928 2827 1006 2885 inira
1017 2829 1087 2902 IX).

64 2913 86 2968 it
108 2913 166 2971 hoc
191 2915 352 2972 Walchius
375 2914 418 2990 (in
431 2915 465 2970 F.
477 2916 515 2972 A.
527 2913 628 2970 Wolfii
640 2915 793 2971 Analeatis
810 2915 864 2989 Ip.
879 2913 964 2988 251).
1008 2915 1090 2971 Dure

64 2999 122 3054 itus
148 2999 230 3056 dixit
254 3001 336 3058 Hist.
357 3001 397 3068 11,
417 3001 456 3056 82
480 2999 509 3056 ἰη
533 3000 615 3056 bravi
638 3001 780 3069 oratione,
804 3000 854 3056 sed
877 3009 906 3055 et
934 3019 986 3056 suo
1009 3019 1089 3057 more

67 3095 77 3139 t
102 3083 184 3141 ratio
198 3085 289 3142 reddi
307 3085 414 3160 possit:
440 3086 603 3142 Donationm
626 3088 702 3141 militi
718 3105 823 3159 tneque
840 3087 984 3141 Mucianus
998 3089 1089 3160 prima

64 3190 119 3235 rnre,
133 3174 193 3226 nisi
203 3173 321 3228 toralias.
336 3173 502 3236 ostenderat,-
526 3191 562 3228 ne
587 3171 765 3246 Vespasianus
787 3173 920 3244 quidem
937 3173 1003 3245 plus
1020 3174 1091 3229 ciuili

77 3257 183 3312 obtulit
205 3276 297 3331 qrsanu
321 3259 371 3313 alii
391 3259 417 3312 in
434 3276 512 3331 paee.
557 3257 633 3314 Nam
655 3265 766 3312 reatum
791 3266 853 3313 erat
879 3276 962 3330 neqrse
991 3257 1090 3332 Vespa·

65 3361 87 3396 s.
118 3341 176 3397 sed
203 3343 312 3398 oratio
336 3341 627 3410 nanintsndebatar;
650 3341 749 3416 itaque
772 3341 906 3398 dissolvit
916 3342 1038 3398 Tacitus
1061 3351 1090 3399 et

64 3459 74 3465 -
102 3429 227 3499 assiliens
256 3427 373 3504 posuit.
417 3429 560 3484 Perverse
574 3427 693 3503 quidam
715 3436 834 3484 tuentur
845 3427 986 3484 malorum
1011 3427 1090 3484 codi-

66 3513 276 3586 scripturam
303 3533 351 3569 nec
374 3522 426 3570 aut
447 3533 530 3587 nequa
553 3545 590 3555 -
615 3515 736 3587 quadem,
760 3531 834 3587 quae
857 3530 922 3569 aum
945 3531 1089 3587 nusquam

64 3597 107 3652 sit
123 3597 212 3668 (vid.
230 3616 307 3654 exc.
320 3599 394 3674 III),
418 3607 479 3654 tum
503 3598 532 3654 in
555 3599 743 3673 partitionem
766 3607 796 3654 et
817 3598 1032 3674 copulationem
1046 3599 1090 3655 in·

74 3685 196 3758 (neque
222 3717 273 3724 —
302 3704 388 3759 sueque
411 3717 451 3725 -
473 3685 594 3760 qur'dem)
622 3703 658 3740 ne
686 3684 812 3741 colorem
836 3685 953 3758 quidem
975 3684 1089 3759 resipit.

64 3787 76 3824 s
106 3769 205 3825 idam
235 3769 373 3826 Tacitus
394 3769 455 3826 ibd.
472 3771 526 3840 lv,
541 3770 595 3826 34:
626 3771 722 3827 Vooata
744 3789 800 3827 nes
822 3771 1089 3826 adveatumbosttum

64 3858 138 3918 rsit,
179 3873 285 3928 eoque
316 3857 397 3912 simul
417 3875 539 3928 opressus
562 3859 713 3929 victusque3
746 3857 823 3912 dein
847 3858 970 3912 uictumae
986 3875 1088 3930 partam

65 3961 79 3994 τ.
112 3943 205 3997 tritis
223 3941 358 4014 frastra
380 3941 481 4011 diebus,
505 3951 597 3997 rastra
619 3944 645 3997 ia
663 3943 852 3997 bosternrnovit
873 3951 938 4011 ceu,
962 3941 1088 3997 hoaest:

65 4045 79 4079 a
109 4044 178 4081 uon
207 4057 254 4068 -
275 4029 434 4101 explorabit
457 4061 506 4093 --,
529 4028 625 4084 danie
647 4037 701 4083 eet.
735 4027 811 4083 Nam
824 4027 896 4082 haec
918 4027 976 4082 duo
989 4044 1088 4101 repre·

68 4121 143 4166 tar.
204 4111 313 4167 Idem
339 4112 473 4187 scriptor,
496 4111 593 4169 audax
616 4112 646 4169 in
669 4121 756 4168 acuta
768 4112 912 4168 brevitate
929 4112 1087 4188 figurarum

66 4217 95 4255 r.
130 4196 170 4252 in
204 4197 422 4272 copulatione
439 4216 477 4254 ex
499 4196 694 4254 affirmatione
718 4207 747 4254 et
763 4198 917 4273 negatione
930 4198 1023 4255 mixta
1034 4216 1088 4272 pro

69 4301 162 4355 rqrre
194 4282 301 4339 dixit
325 4293 352 4340 et
375 4319 412 4324 -—
435 4303 467 4340 ue
490 4317 529 4324 —-
552 4287 667 4358 paridem.
688 4283 797 4340 Annal.
811 4282 850 4360 [1,
869 4286 887 4339 4
911 4281 955 4360 et]
977 4283 1034 4354 xl,
1054 4285 1087 4340 6:

95 4377 139 4423 et
172 4369 343 4424 botrorum
366 4371 464 4425 artiran
483 4372 631 4444 partcipem
653 4371 771 4426 sordidis
793 4372 944 4456 ministeriis
959 4371 1072 4443 sandari
1079 4393 1087 4435 ‚·
