2948 5024
399 439 443 484 an
467 438 547 485 man.
570 437 674 486 nmv
696 437 769 485 cae.
794 441 833 486 rs.
1101 419 1162 486 687

94 601 152 676 tur.
186 560 339 670 Quoniam
359 596 464 656 autem
485 589 512 655 is
534 589 628 654 animi
650 589 808 672 appetitus
830 608 849 654 a
871 589 1024 672 principio
1040 588 1107 668 fuit,
1129 597 1165 654 ut

94 711 139 772 ea,
160 711 241 775 quac
263 691 340 771 dixi,
362 709 456 774 quam
477 690 704 773 perfectissima
725 697 838 761 natura
858 692 1057 772 haberemus,
1090 710 1163 757 con-

93 794 241 860 fitendum
263 800 320 874 est,
342 813 410 858 cum
432 794 464 860 id
486 793 592 875 adepti
615 793 726 873 simne,
749 795 833 875 quod
854 793 1028 876 oppedum
1050 794 1105 873 sit,
1132 794 1163 858 in

93 915 129 961 co
151 897 243 979 qussi
263 895 295 960 in
317 896 425 962 ultimo
447 897 616 962 consistere
638 904 781 961 naturam
803 901 898 978 atque
923 897 956 962 id
982 892 1053 963 esse
1079 913 1163 962 sum·

92 1017 175 1062 mum
197 997 325 1078 honum3
358 1000 442 1080 quod
469 1005 553 1064 certe
574 997 752 1064 universum
774 1017 831 1065 suu
853 1005 965 1082 sponte
985 999 1088 1080 ipsum
1111 1017 1202 1082 err-5

90 1101 156 1181 peti
178 1107 211 1165 et
232 1107 362 1182 propter
384 1119 418 1166 se
440 1119 567 1166 necesse
589 1109 646 1180 est,
667 1100 813 1182 quoniam
831 1107 904 1166 ante
917 1101 1163 1166 demonstratum

91 1209 153 1280 est,
187 1202 280 1268 etiem
313 1203 451 1284 singulas
484 1203 550 1267 eius
583 1209 690 1284 partes
723 1220 792 1268 esse
818 1221 878 1284 per
904 1221 938 1268 se
965 1203 1163 1284 expetendas.

90 1305 143 1370 45.
164 1305 202 1368 ln
224 1304 441 1370 enumerandis
457 1311 561 1370 autem
573 1305 712 1386 corporis
724 1304 892 1370 commodis
904 1304 931 1369 ei
942 1304 1012 1386 quis
1021 1309 1164 1386 praeter·

90 1407 217 1472 missam
246 1425 267 1470 a
293 1405 381 1471 nobis
408 1405 600 1488 voluptatem
626 1406 766 1489 putabit,
799 1407 831 1472 in
865 1407 951 1472 aliud
977 1415 1100 1488 tempus
1127 1423 1165 1471 ea

90 1508 235 1590 quaestio
256 1507 427 1574 differatur.
471 1509 584 1574 Utrum
606 1509 689 1575 enim
718 1509 759 1574 sit
780 1508 924 1591 voluptas
945 1508 978 1574 in
1000 1509 1038 1573 iis
1060 1507 1163 1590 rebus,
1184 1529 1224 1593 10

89 1629 170 1691 qums
192 1610 309 1692 primas
332 1611 500 1676 secumdum
523 1617 666 1676 naturam
688 1611 911 1691 essediximus,
934 1629 1031 1676 necne
1052 1610 1101 1690 sit,
1123 1611 1163 1675 ad

163 1830 307 1899 l.[hr'erh]
323 1831 359 1881 hair
370 1831 415 1882 La
450 1832 676 1884 2.onotrrroLCR
719 1840 742 1882 4.
760 1835 784 1882 irs
801 1841 861 1900 post
877 1832 950 1897 quusi
965 1847 1014 1882 om.
1031 1830 1164 1883 LPCROr.

88 1905 104 1949 6
133 1900 442 1966 quomam-neom]
477 1901 800 1968 omemtprocotc)LPR
835 1905 856 1950 t.
874 1902 1059 1966 mseuseR
1093 1905 1114 1950 9.
1135 1915 1165 1950 ec

87 1985 139 2019 om.
161 1968 294 2022 hPchor.
331 1974 369 2018 10.
388 1969 424 2019 ho
441 1969 485 2038 LQ

85 2197 159 2236 cum
181 2177 311 2234 animum
344 2186 373 2234 ct
401 2195 508 2253 eorpus
535 2177 681 2250 norimus,
715 2177 841 2235 dandam
870 2195 933 2235 esse
963 2195 1098 2252 operam,
1132 2184 1166 2233 ut

84 2264 254 2338 utriusque,
276 2262 308 2319 id
329 2271 384 2334 ost,
406 2263 497 2321 totins
518 2263 645 2321 hominis
667 2264 753 2321 bonis
769 2261 964 2339 perh-namur,
985 2263 1087 2338 inquo
1104 2279 1165 2319 om·

83 2350 135 2408 nis
159 2348 233 2405 haec
254 2348 415 2424 disputatio
443 2358 586 2407 versatur.
637 2347 696 2408 Sed
723 2349 795 2407 Piso
822 2368 877 2424 pro
904 2347 990 2406 bonis
1018 2347 1109 2406 animi
1137 2357 1166 2404 et

84 2433 234 2510 eorporis,
257 2451 332 2508 quae
355 2434 426 2492 alibi
449 2434 507 2492 dici
529 2435 635 2505 solent,
657 2434 715 2506 hic,
738 2434 790 2492 ubi
812 2433 982 2492 donaturus
998 2433 1165 2511 cognitione

82 2520 162 2598 agit,
185 2537 222 2576 ox
246 2537 304 2593 qua
325 2519 391 2577 finis
413 2520 556 2578 bonorum
579 2521 712 2592 ducatur,
735 2519 853 2577 brevius
875 2518 974 2578 animo
996 2528 1026 2576 et
1042 2537 1165 2595 corpore

80 2605 149 2664 frui
172 2605 263 2676 iubet,
286 2604 469 2681 significans,
487 2623 568 2663 'cum
591 2623 692 2662 eorum
715 2605 801 2663 bonis
826 2603 973 2676 fruamur,
1007 2605 1081 2662 nihil
1108 2603 1165 2661 nisi

80 2701 194 2763 nostra
214 2699 321 2748 natura
349 2688 481 2766 perfecta
507 2709 562 2748 nos
588 2689 656 2748 frui.
705 2691 774 2748 Iure
801 2689 892 2767 igitur
918 2689 1054 2749 Bromius
1087 2691 1165 2746 rebus

80 2777 156 2835 tolli
180 2775 313 2845 volebat3
336 2794 432 2851 neque
453 2776 484 2834 id
507 2777 602 2834 minus
624 2776 785 2834 tollendum
808 2786 854 2835 est
874 2794 966 2847 nunc,
989 2776 1125 2834 restituto
1149 2793 1165 2831 e

79 2863 154 2920 cod.
178 2861 240 2919 Erl.
262 2865 296 2918 iis
318 2858 385 2942 [haja
407 2857 462 2941 B];
496 2880 562 2920 nam
591 2881 645 2920 res
672 2881 717 2920 ece
738 2862 838 2939 inepte
860 2862 974 2919 animus
997 2870 1027 2918 st
1048 2879 1164 2936 corpus

78 2967 167 3024 quae
188 2947 292 3024 paucis
319 2948 417 3006 verbis
445 2955 513 3004 ante
546 2947 697 3004 nominata
730 2958 812 3019 sunt,
847 2947 1043 3023 appellantur.
1087 2947 1163 3004 Tum

76 3033 207 3091 codices
225 3032 309 3090 multi
331 3034 493 3091 doteriores
515 3033 605 3111 (Pall.
625 3034 653 3104 2,
674 3033 702 3105 3,
722 3034 750 3106 5,
768 3033 824 3104 El,
843 3031 922 3092 Oxx.
939 3051 1050 3104 omnes,
1068 3033 1164 3107 Mon.)

67 3121 254 3197 perficiatur,
277 3119 459 3193 quodmiror
480 3118 511 3175 in
534 3138 590 3196 mg.
603 3117 684 3178 Crat.
706 3118 850 3176 annotari.
883 3117 935 3176 Ad
951 3117 1087 3175 meliores
1110 3113 1165 3198 [B]

72 3205 290 3281 adiunguntur
317 3204 495 3262 deteriorum
529 3205 648 3262 minime
676 3204 760 3276 mali,
788 3205 815 3262 P
843 3211 873 3261 ot
905 3203 970 3261 Pal.
999 3205 1033 3274 43
1062 3203 1163 3266 Pata

150 3299 252 3348 matur.
849 3332 856 3347 .

69 3293 155 3452 &s
179 3394 262 3451 quom
278 3376 478 3450 perseotrssimo
499 3371 613 3455 namra)
646 3373 696 3435 Sic
719 3373 813 3434 Gaius
835 3374 924 3432 etism
946 3391 985 3431 ox
1006 3371 1084 3449 Spin.
1107 3371 1163 3451 [B]

70 3471 113 3520 et
140 3459 222 3520 Gnd.
246 3461 280 3532 2,
310 3460 362 3518 sed
383 3478 442 3518 non
464 3460 626 3532 intellexit3
658 3479 726 3518 nam
743 3463 942 3537 perfectissimo
963 3458 1164 3517 accusativum

67 3565 153 3607 esse
176 3552 271 3622 putat
315 3545 390 3606 Cum
412 3545 448 3604 de
470 3545 604 3623 appetitu
626 3546 732 3622 agitur,
755 3564 815 3603 non
837 3545 1002 3622 quaeritur,
1025 3545 1125 3621 qualia
1146 3563 1165 3602 a

66 3641 210 3703 natura,
238 3631 269 3689 id
297 3641 355 3703 est,
389 3649 455 3688 cum
477 3649 641 3704 nascamur,
664 3631 839 3704 habeamus,
873 3631 925 3689 sed
946 3631 1027 3706 quali
1049 3640 1164 3702 natura,

66 3721 145 3778 hoc
168 3725 223 3788 est,
253 3717 362 3791 qualis.
405 3717 512 3792 Itaque
534 3719 733 3795 perfectissimo
760 3727 860 3775 notura
886 3717 1074 3794 coniungitur
1100 3715 1164 3795 (oon

65 3808 138 3864 cler
160 3803 391 3860 vollkommcnsten
414 3803 509 3860 Notur
529 3805 587 3860 uad
607 3798 855 3881 Beschuffenhcit);
878 3801 983 3860 maluit
1004 3812 1102 3860 autem
1114 3801 1163 3862 Oi-

65 3909 157 3950 cero
180 3889 222 3946 sie
245 3888 342 3945 dicero
364 3906 452 3963 quam
474 3897 589 3945 tantum
606 3892 804 3965 perfectissimo
821 3882 1108 3969 (accusativocosu),
1131 3897 1165 3946 ut

59 3979 170 4036 illam
192 3972 404 4050 perfectionem
426 3973 639 4032 absolutionem
663 3983 785 4032 naturas
808 3992 873 4032 csse
889 3973 1076 4051 signiticaret
1115 3970 1164 4051 [In

61 4071 158 4122 ante
180 4062 271 4117 alum
293 4059 382 4116 etiam
404 4057 454 4137 Β.]

175 4145 227 4203 45.
248 4163 280 4202 eo
302 4144 435 4220 quaestio)
459 4143 509 4204 Sic
526 4145 614 4202 etium
628 4144 705 4221 Spir.
718 4143 773 4223 [Β]
801 4152 831 4202 et
852 4143 897 4202 ed.
911 4143 991 4204 Crat
1034 4144 1081 4202 Nc
1103 4144 1163 4202 usi-

57 4245 149 4294 tate
171 4231 291 4306 quidem
314 4231 434 4288 dicitur:
461 4251 524 4288 num
545 4234 584 4288 itu
605 4234 648 4302 ar't,
671 4233 850 4307 quaestionem
871 4232 965 4306 dsffero
987 4225 1044 4310 (die
1060 4231 1163 4305 bicos,

54 4321 142 4396 ob).
176 4317 279 4394 Ipsam
300 4317 502 4390 quaestionem
524 4315 623 4394 attigit
644 4315 720 4376 Cato
742 4317 869 4387 111,17;
897 4316 957 4373 alia
978 4315 1112 4373 dicentur
1132 4315 1163 4372 in

55 4421 216 4466 excursu
240 4401 275 4459 de
297 4401 401 4477 primis
423 4409 553 4460 naturae.
