2948 5024
255 414 283 459 ur
302 411 378 460 uun.
401 413 463 460 ura.
486 415 508 460 v
531 413 602 459 eur.
627 417 736 460 oo-ee.
952 395 1012 460 727

114 582 191 647 ΗΝ.
212 585 246 647 69.
266 583 412 660 Quomodo
434 582 542 664 igitur,
574 582 711 664 inques,
733 603 841 650 uerum
864 605 933 652 esee
956 605 1013 667 po-

52 685 108 762 terit
125 684 196 750 ouuio
211 683 288 750 referri
306 685 344 750 ad
367 703 519 749 suuumum
530 685 653 764 bouum,
675 685 702 749 si
713 687 875 768 amicitiae,
897 687 924 753 si
941 707 1015 769 pro-

44 787 192 868 pr'uqu'totoo,
213 788 231 852 oi
247 787 345 870 reliqua
367 793 495 853 externa
516 788 743 872 summobono
771 809 832 855 uon
855 790 1014 856 eontinen-

42 891 95 953 tur?
114 890 163 954 Hao
180 889 282 956 videlieet
299 890 424 968 ratione,
446 889 530 971 quod
551 908 599 966 ea,
621 908 701 972 quoe
723 897 851 957 externa
873 900 955 970 suut,
977 891 1014 956 iis

36 1002 128 1056 tuemur
144 990 230 1070 officiis,
247 1010 309 1073 quae
319 991 461 1057 oriuntur
483 1010 502 1056 a
524 1011 581 1057 suo
592 991 741 1074 nouusque
757 1012 871 1075 genere
881 993 1013 1059 uirtutie
1032 994 1052 1057 5

30 1095 92 1158 nau
102 1105 125 1158 et
133 1094 200 1160 amici
217 1095 294 1160 cutus
304 1103 333 1159 et
343 1095 482 1175 parentis
505 1094 546 1173 ei,
569 1095 621 1175 qui
643 1093 742 1160 officio
764 1094 910 1178 honglon,
932 1095 1011 1162 ineo

27 1199 79 1278 ipso
96 1197 202 1277 prodest
220 1199 284 1278 quod
302 1197 344 1261 ite
366 1195 451 1278 fungi
474 1195 574 1262 officio
597 1197 722 1264 inrecte
744 1197 832 1263 factis
854 1204 911 1276 est,
934 1216 1013 1280 quae

27 1307 78 1362 runt
96 1309 150 1364 orte
167 1319 182 1362 u
200 1299 347 1364 virtutibua
393 1300 480 1377 Quae
502 1298 627 1381 quidem
656 1300 812 1380 sapientae
840 1307 1013 1382 sequuntur

67 1503 320 1554 2,rr'ornr'cu'roireom.C
355 1508 378 1552 3.
398 1504 569 1554 continerentur
587 1503 632 1555 CR
702 1511 717 1551 ⁴
749 1505 784 1554 noir
803 1504 847 1556 Lc
891 1509 915 1557 6.
934 1505 1017 1569 etqui

27 1589 85 1632 unes,
101 1573 198 1626 Oneum
214 1585 263 1622 uoto
279 1573 358 1622 mendi
395 1581 416 1620 a.
436 1588 510 1622 nom.
532 1570 666 1623 euenor.
685 1572 749 1622 inL
786 1572 839 1640 [qne
849 1573 953 1637 equidem
964 1573 1012 1639 Eh]

26 1651 76 1690 enter
90 1651 197 1706 oequuntur
211 1656 282 1692 oroneo
344 1689 346 1692 .

26 1805 154 1861 noereione
165 1805 253 1864 Cicero
264 1804 376 1862 insolito
395 1803 480 1861 ruodo
492 1804 607 1862 loeutus
629 1804 675 1870 eit„
699 1803 754 1861 etei
777 1804 921 1880 equidem,
944 1803 1014 1879 quid

26 1891 88 1947 ead
107 1901 161 1947 rurot
180 1890 376 1947 excludendum
398 1889 497 1946 velere
519 1889 656 1964 potuerit,
679 1908 737 1947 non
760 1890 855 1948 video.

60 1975 122 2052 Cep.
144 1977 250 2046 XXIV,
273 1977 317 2032 69.
351 1977 383 2044 ei,
407 1977 456 2050 quui
476 1977 563 2050 osfior'o
578 1977 714 2050 saepitur,
738 1978 764 2032 r'n
776 1995 805 2032 eo
821 1977 880 2051 ipro
887 1971 1013 2054 prodeat)

26 2081 72 2135 oue
93 2063 130 2132 ei,
162 2061 207 2136 qui
233 2061 336 2119 amieos
364 2071 393 2118 et
416 2071 552 2136 parentes
575 2061 659 2131 colit,
693 2061 803 2119 amieos
826 2070 854 2118 et
876 2071 1014 2138 parentes

27 2167 71 2203 ore
98 2159 124 2204 et
152 2147 345 2221 tolerantque
369 2147 443 2204 tueri
472 2147 514 2204 ita
535 2147 669 2222 prodest,
703 2155 737 2204 ut
758 2146 802 2216 id,
836 2165 1013 2221 quamquam

27 2234 48 2288 ri
69 2243 96 2289 et
116 2243 246 2308 parentes
266 2233 342 2290 iuter
363 2241 487 2290 externa
508 2233 576 2302 sint,
600 2242 707 2304 temen,
731 2233 809 2307 quod
826 2231 1013 2290 oumvirtute

27 2320 146 2394 ungitur.
168 2319 203 2376 ad
225 2338 366 2376 summum
389 2319 498 2376 bonum
520 2317 672 2376 referatur.
707 2317 1014 2392 Quauuinfirmahaeo

26 2404 229 2479 ,rgumentatia
253 2405 280 2461 in
303 2423 362 2478 qua
383 2403 494 2465 amicus
517 2412 546 2460 et
568 2404 654 2462 eunici
677 2404 773 2461 cultus
795 2402 1015 2462 confunduntur

27 2499 206 2550 erruutantur.
230 2489 394 2565 expositum
418 2500 463 2548 est
484 2489 572 2566 paulo
595 2499 663 2546 ante
683 2485 761 2570 (od§
776 2488 846 2569 67);
869 2490 1015 2547 sententia

27 2597 58 2631 un
82 2587 213 2650 appareo,
238 2595 325 2650 quauu
348 2575 530 2632 levissimum
543 2575 675 2633 codicum
689 2575 834 2642 ruendum,
858 2575 1014 2649 inquibus

28 2672 89 2718 tur:
111 2673 137 2718 eo
148 2665 198 2736 qni
207 2671 272 2732 eet,
296 2662 339 2718 ita
350 2661 530 2731 obscuraret,
553 2669 587 2718 ut
604 2661 694 2718 mirae
711 2661 896 2719 coniecturae
913 2679 1014 2718 noeoe-

27 2769 41 2802 ·.
77 2747 157 2820 Quid
171 2747 263 2804 scribi
276 2748 406 2811 deberet,
429 2746 661 2816 Orelliusvidit3
685 2745 738 2804 cfr.
750 2747 786 2804 de
797 2746 896 2804 mendi
907 2765 1014 2822 genere

34 2835 50 2889 7
71 2841 102 2888 et
127 2833 178 2889 73.
212 2833 331 2890 Deinde
351 2832 453 2908 scripsi
465 2843 524 2889 orto
546 2834 793 2890 aviroooiooocum
804 2831 958 2903 Lambino‚
981 2841 1015 2890 ut

28 2929 101 2974 ante
115 2919 245 2994 legitur:
269 2923 393 2976 on'untur
409 2937 427 2974 a
444 2937 492 2974 ouo
503 2921 631 2993 cuiusque
639 2937 733 2992 penore
745 2921 852 2976 virtutae
863 2927 893 2974 et
904 2919 945 2982 Π,
959 2920 1013 2976 78:

28 3025 76 3058 nm
101 3025 120 3060 α
144 3024 176 3060 ee
199 3007 300 3061 orateur.
345 3003 514 3078 Numquam
538 3003 642 3062 Cicero
669 3004 721 3061 illo
744 3004 830 3060 modo
852 3005 932 3078 apud
958 3005 1014 3062 hoe

28 3111 34 3146 r
59 3090 332 3165 praepositionem
346 3089 464 3158 omittit,
488 3106 612 3146 necnon
635 3089 793 3146 liberorum
816 3088 934 3163 quidem
957 3089 1014 3146 ori·

29 3175 202 3250 significat,
229 3186 265 3232 ut
279 3173 385 3249 Topie.
406 3177 455 3246 29,
478 3193 532 3249 pro
549 3175 652 3232 Plane.
667 3176 721 3242 67;
744 3174 848 3232 Livius
864 3174 936 3231 dicio
951 3177 1013 3248 filio

28 3261 197 3318 taltusu'us
222 3271 335 3318 contra
357 3262 421 3336 Iug.
456 3261 514 3317 108
544 3281 577 3317 er
605 3261 749 3318 corrcrolu'na
772 3259 873 3335 ortuo),
908 3261 1013 3318 Sabina
1080 3286 1087 3306 ·

28 3359 93 3402 unu.
121 3347 259 3403 similia.
310 3347 412 3422 Longe
434 3346 521 3403 aliter
543 3346 599 3403 dici
623 3350 739 3421 equestri
761 3348 816 3404 noo
843 3356 929 3404 ortum
957 3365 1014 3403 eoae

29 3477 30 3492 t
61 3451 164 3489 neruo
191 3450 260 3488 non
290 3432 381 3488 videt.
426 3430 536 3509 [Paulo
564 3441 632 3489 ante
661 3433 887 3508 expectabatur:
920 3453 938 3490 α
965 3451 1013 3490 ouo

29 3538 143 3590 periere
163 3520 303 3574 virtitute
338 3517 425 3575 Nune
437 3517 541 3576 Cicero
564 3518 690 3593 primurn
713 3536 748 3576 ea
769 3517 874 3588 formo,
897 3518 933 3576 de
955 3536 1014 3593 qua

29 3605 91 3672 ixi,
121 3604 226 3660 finxit
255 3623 276 3659 a
304 3623 356 3660 oua
380 3623 487 3678 qwuqooe
508 3606 617 3673 tuotone,
652 3604 757 3661 deinde
778 3624 796 3661 o
818 3623 867 3661 eno
886 3607 1014 3678 neriusque
1116 3603 1120 3611 ’

29 3685 146 3768 tutela]

29 3796 45 3831 e
73 3777 213 3849 quidem
241 3777 390 3852 sapienter
412 3774 482 3849 eet.)
504 3774 578 3832 Inde
601 3775 639 3832 ab
661 3775 746 3832 initio
759 3779 773 3846 ξ
788 3775 826 3832 65
839 3774 921 3845 Piso,
945 3795 1011 3850 pro-

30 3863 61 3916 ‚b
100 3860 272 3917 iustitiae
308 3859 390 3917 forae
420 3861 580 3935 spectantis
613 3860 747 3925 notione,
780 3872 903 3918 externa
926 3861 1011 3928 bonu,

32 3947 127 4016 dixi,
161 3945 224 4002 hie
257 3946 297 4002 in
322 3945 425 4002 amieis
448 3946 802 4020 ceterisquehomiuibue‚
826 3946 875 4020 qui
887 3945 1013 4021 diligan-

30 4051 44 4087 a
76 4031 212 4107 ponit,
253 4049 333 4088 cum
362 4031 447 4088 bouis
468 4031 520 4102 iis,
555 4032 682 4106 quaein
711 4031 776 4107 ipso
803 4031 921 4088 homine
944 4032 1011 4104 sint,

30 4137 91 4173 urn
124 4117 310 4174 horream.
335 4116 473 4191 copulare
495 4127 618 4174 conatus
641 4125 693 4174 eet.
737 4118 842 4191 Itaque
866 4117 1013 4192 eadiepu·

30 4202 175 4268 nfecta,
211 4221 305 4260 cum
331 4213 463 4259 extremo
486 4203 551 4260 loeo
573 4212 652 4260 recte
674 4201 754 4260 facta
770 4202 958 4272 nominasset,
982 4204 1011 4260 in

31 4289 61 4344 ,d
95 4289 154 4359 id,
191 4289 304 4363 quod
330 4289 398 4357 §64
422 4299 496 4345 extr.
519 4289 643 4356 dixerat,
668 4290 822 4345 honestum
842 4309 895 4364 per
906 4307 937 4344 ee
960 4308 1012 4346 ex·

62 4374 228 4450 gloriae
261 4373 497 4449 comparatione
520 4375 679 4432 confirmat.
725 4375 842 4450 (Haesit
867 4375 1012 4444 BrenriuS‚
