3000 5044
312 393 376 460 544
700 412 745 458 nn
766 411 898 459 nmmos
920 409 991 458 non.

312 581 463 646 incideret
484 587 516 644 et
536 581 753 662 quodcumque
774 586 931 662 tamquam
959 585 1144 646 occurreret
1188 581 1221 645 Is
1243 580 1302 646 hoc
1322 599 1390 645 rue·

312 683 371 749 lior
391 701 485 764 quem
496 682 626 764 Pyrrho,
648 682 818 766 quod[vel]
840 682 967 765 aliquod
987 700 1086 764 genus
1107 681 1277 763 appetendi
1291 683 1391 760 dedit,

313 783 450 850 deterior
470 802 563 866 quum
574 784 676 864 ceteri,
698 786 782 866 quod
802 785 926 867 penitus
948 803 967 848 a
988 788 1101 848 natura
1123 785 1259 850 recessit
1293 783 1392 849 Stoici

313 893 426 966 antem,
448 886 532 968 quod
552 885 644 952 finem
666 886 817 950 bonorum
837 887 870 951 in
891 904 955 952 una
976 888 1092 952 virtute
1113 892 1247 967 ponunt,
1270 885 1391 950 similes

275 992 389 1056 esunt
410 988 546 1068 illorum;
575 989 658 1070 quod
679 994 784 1054 autem
805 988 990 1070 principium
1012 987 1104 1054 officii
1126 993 1294 1070 quaenunt,
1321 1007 1392 1052 me-

314 1091 373 1156 lius
395 1109 488 1172 quam
499 1089 635 1172 Pyrrh03
658 1091 742 1172 quod
759 1108 797 1156 en
818 1109 879 1156 non
903 1091 1096 1157 occurrentia
1106 1088 1236 1172 fingrmt,
1259 1091 1393 1155 vincunt

380 1300 400 1344 1.
424 1293 469 1362 [lis
487 1294 530 1344 loc
547 1295 597 1361 Eh]
639 1300 662 1344 a.
680 1293 744 1359 quod
760 1294 798 1344 vel
814 1310 863 1346 om.
883 1295 904 1344 P
922 1294 960 1346 nel
976 1311 1025 1345 om.
1044 1295 1081 1354 Ει
1104 1295 1158 1346 sius
1175 1296 1247 1346 nucis
1265 1293 1309 1346 Or.
1347 1295 1395 1360 qui

314 1362 389 1414 velC
424 1363 615 1417 ³.com.EP
652 1363 797 1429 mollicium
812 1363 960 1430 principit
996 1361 1210 1428 6.quodom.E

314 1554 451 1626 formula,
474 1555 517 1612 rei
539 1554 766 1633 explicationem
790 1555 930 1613 omiserit.
974 1555 1061 1629 Quod
1083 1556 1257 1632 antemipsc
1268 1555 1392 1612 Tenne·

315 1659 449 1712 mannus,
472 1640 543 1714 qnid
565 1641 690 1698 senserit
711 1641 824 1711 Aristo,
848 1659 885 1698 ex
908 1641 945 1698 iis
961 1639 1093 1717 intellegi
1104 1650 1197 1716 putat,
1220 1659 1294 1717 quae
1305 1639 1394 1716 apud

316 1725 398 1785 Sext.
420 1726 505 1803 Emp.
528 1727 594 1784 adv.
616 1726 757 1785 Mathem.
780 1727 838 1797 XI,
855 1727 895 1784 64
918 1745 980 1802 sqq.
1003 1725 1156 1799 dicuntur,
1189 1727 1230 1785 ibi
1252 1725 1394 1784 videmus

314 1811 485 1870 Aristonem
498 1831 630 1889 negasse,
637 1820 743 1910 potura
753 1811 813 1870 alin
824 1804 1074 1906 σεεσιιρσιργμένσι,
1081 1803 1394 1906 aliaoirrorrpopyua'vc,

316 1896 367 1954 scd
389 1895 462 1954 talia
483 1915 547 1955 esse
568 1887 657 1995 παρὰ
673 1887 729 1962 τὰς
750 1885 925 1996 διαφόρους
935 1892 1114 1988 causamme
1124 1883 1319 1990 περιστάσεις,
1346 1896 1395 1952 ita

316 1982 532 2041 utnullaesset
552 1972 661 2057 φυσικὴ
682 1975 789 2057 ἑτέρων
812 2000 874 2055 παρ
907 1971 994 2056 ἕτερα
1014 1963 1181 2056 ιιρόκρισις,
1210 1968 1286 2036 κατὰ
1306 1974 1394 2056 σερί-

316 2083 420 2124 ccccm
443 2057 473 2124 di
491 2063 614 2142 μᾶλλον.
659 2069 771 2124 Verum
794 2075 892 2130 temen
914 2065 1076 2142 ignoratur,
1100 2064 1170 2139 qnid
1193 2064 1326 2122 statuerit
1352 2065 1395 2122 de

315 2151 483 2210 discrimine
506 2160 536 2209 et
557 2151 715 2210 selectione
736 2152 839 2208 harum
862 2170 969 2222 rerum,
992 2150 1018 2208 si
1039 2151 1108 2207 illae
1118 2133 1306 2226 περιστάσεις
1325 2168 1394 2208 non

315 2237 473 2294 vomerent
518 2236 612 2296 Stoici
632 2247 741 2308 autem,
763 2256 782 2294 a
803 2236 910 2310 quibus
933 2244 997 2293 erat
1017 2253 1200 2314 progressus,
1223 2251 1394 2293 cumomne

315 2323 422 2398 egendi
442 2321 619 2399 principium
641 2323 679 2381 ab
701 2321 835 2399 appetitu
857 2331 887 2379 et
908 2321 1065 2379 reiectione
1087 2320 1131 2378 rei
1152 2319 1395 2378 aestimationem

316 2407 451 2466 habentis
473 2416 525 2465 out
545 2427 604 2466 non
626 2408 762 2466 habentis
784 2408 826 2465 ita
847 2415 1046 2484 repeterent,
1041 2416 1080 2464 ut
1100 2406 1198 2464 iuhao
1210 2397 1395 2480 ἱρειιέιιλοῄ

316 2493 376 2550 vim
399 2493 516 2550 virtutis
537 2501 690 2569 ponerent,
713 2494 869 2565 nescimus,
892 2493 964 2568 quid
986 2491 1099 2564 Aristo,
1122 2491 1239 2549 sublato
1260 2489 1395 2548 hoedis·

316 2578 451 2649 crimine,
480 2579 665 2636 substituerit
686 2587 716 2636 et
738 2578 817 2653 quod
838 2535 929 2636 oificii
955 2577 1071 2635 initium
1098 2576 1240 2654 posuerit
1282 2575 1395 2648 Itaque

316 2673 350 2721 nt
372 2683 430 2721 non
452 2663 577 2736 affirmo,
600 2664 808 2742 Chrysippum,
832 2681 918 2738 quem
941 2661 1045 2722 Cicero
1067 2662 1098 2720 in
1120 2661 1262 2719 Aristone
1278 2660 1395 2736 impm-

317 2748 414 2806 bando
437 2749 569 2824 sequitur
590 2747 619 2828 (ι
634 2751 684 2821 68,
706 2751 748 2821 Π,
761 2749 802 2806 43
815 2747 893 2824 oet),
917 2747 1113 2825 perspexisse,
1136 2746 1208 2820 quid
1218 2746 1322 2804 Aristo
1339 2763 1396 2804 co·

317 2843 445 2905 neretur,
468 2835 511 2892 sic
532 2835 683 2894 Aristonis
704 2853 794 2892 cause
816 2845 893 2890 nnnc
914 2833 986 2891 satis
1009 2833 1131 2890 firmiter
1146 2830 1266 2889 defendi
1277 2831 1396 2905 nequit.

402 2923 476 2995 qood
496 2916 563 3000 [uel]
585 2919 709 2996 aliquod)
742 2921 809 2978 Hoc
831 2920 957 2976 sirecte
979 2918 1200 2994 scriptumest,
1224 2916 1397 2992 significare

317 3005 418 3062 debet:
440 3008 515 3081 quod
534 3008 646 3082 aliquod
667 3017 754 3078 lomet
776 3003 907 3082 (ecdem),
929 3023 1016 3080 quem
1038 3023 1123 3061 usum
1142 3001 1307 3079 particulae
1318 3001 1397 3060 olim

318 3091 500 3149 onnotslilsnt
526 3112 542 3150 e
570 3091 703 3150 Terentii
730 3091 850 3154 Phorci.
877 3090 920 3162 11,
952 3094 978 3161 l,
1003 3091 1058 3162 71,
1091 3089 1143 3146 ubi
1175 3105 1267 3158 nunc,
1295 3095 1396 3146 metm

318 3177 407 3234 etiam
429 3177 590 3254 flagitante,
612 3180 654 3235 vel
674 3177 822 3236 sublatum
845 3184 899 3248 est,
922 3184 960 3247 σι,
984 3175 1010 3233 si
1032 3183 1189 3245 nonasset,
1212 3191 1272 3230 non
1289 3191 1396 3230 neces-

317 3263 396 3320 sario
408 3262 663 3340 itaeccipiendum
677 3271 762 3320 esset
795 3258 870 3342 [Sed
891 3261 943 3318 vix
966 3260 1052 3318 aliter
1073 3259 1168 3336 accipi
1189 3266 1289 3334 potent
1310 3259 1396 3336 apud

319 3347 491 3408 Ciceronem
514 3349 610 3425 ipsum
632 3347 670 3405 cd
692 3347 939 3419 Fum.x1,22‚r
963 3341 1064 3427 (tumen
1086 3342 1314 3422 velproludilem)
1338 3363 1396 3403 nec

319 3432 397 3510 apud
421 3433 540 3492 Sveton.
552 3433 624 3490 Ner.
639 3434 677 3490 47
702 3433 757 3509 (uel
778 3433 894 3508 Aepypti
910 3434 1111 3508 praefecturam
1122 3431 1231 3488 concedi
1251 3429 1316 3505 don)
1341 3441 1397 3488 aut

319 3518 487 3577 Martialem
509 3519 550 3590 X,
572 3519 620 3590 12,
634 3519 651 3576 5
675 3513 772 3598 (mense
793 3520 835 3575 uel
855 3512 924 3598 nnc)
946 3525 999 3574 out
1019 3515 1148 3574 Plinium
1160 3515 1255 3592 Epist
1266 3515 1293 3587 I,
1308 3517 1361 3586 12,
1376 3518 1396 3574 8

319 3601 374 3682 (vel
395 3624 446 3660 ιιιισ
469 3600 549 3683 die).]
592 3603 633 3661 Et
652 3603 750 3679 potuit
772 3604 809 3660 sb
831 3603 887 3660 hac
909 3601 1051 3661 orationis
1072 3600 1184 3659 forma:
1206 3603 1249 3658 cel
1264 3601 1312 3658 doc
1333 3605 1396 3677 ειιῘ-

312 3691 373 3764 ficit
395 3689 460 3766 (ubi
481 3698 604 3766 augetur
626 3684 787 3770 exiguitas)
809 3687 941 3746 deveniri
963 3688 1001 3745 ad
1022 3687 1112 3745 hanc:
1145 3689 1186 3743 vel
1207 3687 1256 3742 loc
1270 3689 1324 3761 foc
1348 3687 1397 3768 (id

319 3782 373 3844 est,
396 3769 529 3854 saltem),
552 3774 603 3831 ubi
623 3773 745 3832 ferimus
767 3773 968 3850 exiguitatem.
1022 3769 1151 3854 [Itaque‚
1174 3771 1229 3829 etsi
1251 3772 1343 3829 etiam
1367 3774 1397 3832 B

318 3861 493 3937 particulam
516 3859 635 3931 omittit,
657 3877 777 3935 prorsus
799 3859 903 3917 tollere
925 3877 1013 3916 ausus
1035 3877 1094 3916 non
1116 3853 1205 3937 sum]

405 3965 437 4003 ec
458 3965 510 4002 non
531 3948 698 4003 occurrentum
713 3943 834 4024 firryunt)
860 3945 1034 4004 occurrentia
1055 3943 1164 4020 plurali
1181 3959 1304 4000 numero
1315 3941 1399 4002 dixit

321 4032 451 4108 singulas
463 4031 530 4088 illas
541 4049 598 4102 res,
624 4048 700 4106 quae
711 4031 742 4087 in
754 4039 880 4087 mentem
892 4029 1057 4087 inciderent
1067 4037 1097 4086 et
1110 4047 1186 4104 queo
1197 4027 1398 4103 incurrerent,

321 4119 427 4192 quibus
438 4117 542 4176 Aristo
554 4116 685 4174 actiones
697 4115 809 4173 moveri
819 4115 957 4191 putabam
980 4115 1094 4172 adeam
1105 4133 1206 4172 vocem
1219 4131 1398 4188 pronomen,

321 4204 401 4276 quod
423 4203 459 4260 ed
478 4204 642 4278 principium
664 4203 747 4276 officii
766 4199 902 4272 refertur,
926 4200 1033 4258 Latino
1055 4218 1136 4257 more
1159 4197 1400 4258 accommodavit

322 4296 352 4344 et
374 4288 461 4346 simul
483 4287 628 4346 brevitate
651 4286 777 4362 quedam
800 4303 870 4344 usus
892 4295 937 4344 est
959 4286 989 4342 in
1011 4285 1113 4357 verbo,
1135 4285 1191 4342 hoc
1209 4283 1400 4360 significans:

320 4373 400 4447 quod
421 4391 479 4430 non
502 4373 616 4449 fingunt
637 4371 822 4430 occurrentia
848 4380 877 4428 et
903 4371 934 4428 in
956 4372 993 4429 iis
1019 4371 1051 4428 id
1073 4367 1264 4449 (principium
1286 4367 1400 4448 officii)
