2948 5024
339 421 400 484 718
730 439 774 484 ua
796 439 927 486 amasus
950 439 1011 485 aon

338 727 407 790 que,
429 727 497 773 cum
521 729 557 774 ea
578 710 748 788 laudemus,
771 709 854 774 utdla
875 711 938 775 alia
960 729 993 774 re
1016 711 1075 774 nisi
1097 711 1261 776 honestate
1285 711 1373 775 duci?

408 903 430 950 2.
448 897 513 948 ducti
529 899 551 947 E

339 1093 408 1129 uriom
430 1068 621 1153 arbitrantur),
645 1072 686 1129 sic
709 1071 853 1130 removeri
871 1081 977 1148 potest,
1000 1081 1033 1128 ut
1054 1081 1078 1128 et
1099 1074 1153 1147 ipsi
1173 1073 1232 1128 siut
1242 1075 1300 1147 ipsi
1308 1091 1403 1146 quiqu

339 1157 406 1232 (sua
428 1153 561 1238 sponte);
584 1177 651 1214 uam
674 1162 790 1234 etipse,
820 1157 914 1236 [quod
935 1156 1014 1232 apud
1036 1156 1208 1216 Ciceronem
1236 1156 1347 1233 legitur
1366 1157 1401 1212 in·

338 1253 418 1301 certa
440 1243 496 1300 fide
519 1263 572 1319 pro
595 1243 681 1302 Caec.
700 1245 750 1312 58,
768 1242 805 1300 ad
823 1244 987 1312 Au.V111‚
1007 1240 1093 1321 7,1,]
1116 1243 1270 1319 significat,
1295 1253 1402 1318 praeter

338 1330 412 1388 alios
435 1329 523 1385 etiam
536 1329 613 1386 hunc
625 1328 700 1386 idern
713 1328 820 1400 facere,
833 1348 900 1400 non,
912 1329 990 1386 hunc
1002 1347 1055 1386 sua
1067 1339 1181 1403 sponte,
1203 1338 1400 1403 praeterquam

338 1415 416 1490 quod
426 1416 464 1471 ab
476 1413 542 1472 aliis
554 1423 716 1485 moneatur,
734 1415 846 1488 ailquid
857 1413 963 1480 facere,
981 1422 1014 1471 ut
1036 1433 1101 1472 cum
1118 1413 1255 1471 dicimus:
1280 1414 1401 1470 Ronrulus

337 1504 429 1575 etipse
450 1501 529 1556 trcrbo
551 1511 628 1556 octrts
649 1511 695 1558 est.
740 1501 787 1557 De
809 1500 899 1576 Lagg.
923 1517 1039 1575 quoque
1062 1501 1086 1568 Ι,
1101 1499 1138 1555 31
1153 1499 1262 1556 frustra
1274 1499 1400 1556 Handim

338 1586 506 1662 p.510alio
524 1584 675 1642 traducere
698 1595 829 1642 conatur.
861 1588 1007 1660 Apertum
1030 1595 1075 1642 est
1096 1585 1188 1654 euim,
1216 1603 1283 1641 cum
1306 1584 1399 1642 Cicero

337 1672 498 1748 pravitates
521 1671 714 1729 communiter
732 1671 898 1739 nominarit,
922 1670 1140 1744 subiciaturque
1162 1691 1224 1726 noni
1245 1681 1280 1741 et,
1303 1670 1356 1726 hoc
1379 1677 1398 1718 u

339 1758 580 1834 significationem
614 1758 722 1813 habere
755 1757 884 1832 plurium
917 1757 1134 1832 exemplorum,
1167 1775 1242 1831 quae
1270 1756 1398 1828 deinceps

337 1853 559 1900 enumeraturus
583 1843 634 1910 sit;
657 1843 757 1917 itaque
779 1843 846 1898 huic
868 1845 1002 1917 uoluptate
1023 1845 1167 1916 cupiuntur
1188 1859 1397 1915 mamrespon·

339 1929 402 1986 det:
424 1931 557 2002 sinrilique
579 1931 683 1985 inscitia
705 1948 776 1985 mors
792 1930 912 2003 sapitur,
935 1937 1012 1984 turn:
1032 1938 1197 2002 propterque
1218 1929 1396 1983 touesatteu

335 2017 437 2088 plurius
459 2016 663 2071 similtudinem.
708 2015 802 2070 Etiam
825 2013 955 2089 ineptum
978 2025 1036 2080 est;
1070 2013 1142 2069 nihil
1166 2012 1243 2070 enim
1265 2022 1333 2068 ante
1353 2029 1395 2065 no

339 2101 478 2157 minatum
501 2109 555 2165 est,
578 2119 636 2174 quo
648 2099 781 2156 homines
804 2099 966 2174 capiantur.
1000 2099 1060 2176 (De
1072 2099 1107 2155 R.
1121 2099 1155 2155 P.
1174 2099 1197 2156 I.
1212 2099 1249 2155 69
1274 2117 1326 2154 cur
1346 2113 1393 2150 nou

339 2205 499 2256 numerem,
522 2193 654 2260 apparet.
698 2185 745 2242 Ne
773 2184 809 2241 de
842 2186 928 2241 huius
951 2185 1069 2258 quidem
1097 2184 1165 2240 libri
1188 2185 1255 2254 §34
1277 2182 1394 2240 confido:

337 2290 404 2327 uam
427 2271 508 2327 etin
531 2280 589 2327 tam
613 2270 787 2346 propinquis
809 2271 947 2327 membris
970 2289 1013 2337 ea,
1037 2289 1124 2343 quam
1147 2288 1307 2345 exponam.
1329 2265 1394 2324 ratio

340 2356 437 2412 locum
452 2356 502 2412 vix
516 2357 604 2412 habet
627 2355 671 2434 [et
685 2357 880 2432 suspicionem
892 2367 992 2412 movet
1003 2355 1066 2412 cod.
1079 2351 1143 2434 B])
1166 2355 1288 2414 Constat
1305 2353 1392 2430 igitur.

338 2441 509 2500 Ciceronem
538 2441 715 2516 aliquotiens
742 2442 772 2498 in
801 2442 914 2498 duabus
937 2440 1104 2507 sententiis
1138 2459 1202 2497 cum
1232 2440 1390 2497 instituisset

336 2527 484 2602 geminata
505 2527 650 2602 particula
672 2526 871 2584 diversitatem
889 2546 986 2583 rerum
1004 2535 1116 2596 notare,
1140 2527 1321 2602 neglegentia
1332 2541 1392 2596 qua·

336 2613 402 2669 darn
426 2608 537 2691 (neque
560 2613 635 2669 enim
659 2623 738 2670 recte
761 2613 821 2690 fit),
849 2613 934 2686 quasi
961 2611 1068 2688 prioris
1090 2613 1252 2688 particulae
1274 2611 1391 2668 oblitum.

336 2699 461 2755 alterum
484 2699 644 2754 membrum
669 2699 759 2774 priori
781 2699 927 2774 particula
948 2697 1206 2772 qrcesubiunxisse.
1236 2697 1335 2771 Neque
1346 2694 1391 2748 hoc

336 2803 395 2840 non
417 2783 597 2840 simillimum
620 2793 665 2840 est
687 2785 743 2844 eis.
778 2801 852 2858 quae
881 2784 979 2841 multis
1006 2783 1072 2840 eliis
1101 2784 1195 2840 modis
1224 2784 1252 2840 in
1275 2781 1390 2839 oratione

337 2868 476 2945 bipertita
497 2869 630 2926 accidere
653 2869 817 2926 videbimus
841 2869 869 2925 in
893 2888 956 2925 exc.
979 2869 1017 2925 ad
1040 2870 1140 2938 1‚23;
1170 2887 1204 2926 ac
1227 2885 1340 2944 prorsus
1361 2880 1389 2918 ex

337 2956 438 3012 eodem
462 2973 568 3030 genere
592 2963 646 3023 est,
669 2973 734 3012 cnm
757 2955 864 3011 dicitur
886 2954 1031 3011 interdum
1055 2975 1138 3028 raeque
1163 2988 1197 2996 -
1225 2953 1389 3028 que(1.tt.

335 3041 425 3108 111,3
449 3039 561 3118 [Hand.
584 3041 670 3098 Turs.
682 3041 728 3098 IV
745 3061 773 3115 p.
791 3039 893 3118 137]);
916 3059 983 3096 nam
1007 3041 1094 3096 etiam
1107 3061 1190 3114 neque
1213 3040 1299 3096 talem
1319 3051 1391 3110 sepa·

333 3127 477 3184 rationem
500 3126 655 3202 significat,
678 3137 710 3183 ut
732 3127 866 3195 alterum,
890 3125 914 3183 si
936 3126 1123 3200 exnegativa
1146 3126 1174 3181 in
1202 3123 1390 3182 affirmativam

335 3210 458 3269 formam
483 3212 632 3282 transitur,
656 3221 753 3268 tamen
776 3212 921 3287 particula
943 3222 967 3268 et
988 3212 1094 3282 notari,
1118 3231 1175 3268 nou
1189 3231 1242 3286 per
1253 3230 1301 3286 que
1311 3203 1390 3284 priori

334 3298 454 3374 adiungi
477 3297 591 3354 debeat.
625 3297 736 3354 Eadem
759 3307 867 3367 autem,
891 3315 949 3370 qna
971 3296 1086 3364 Cicero,
1110 3297 1246 3353 libertate
1268 3313 1333 3352 usus
1354 3298 1389 3346 est

335 3383 478 3440 Horatius
502 3383 643 3453 sauna,
660 3384 717 3439 139
741 3381 812 3460 (nisi
836 3383 901 3456 quis
923 3392 952 3438 ot
974 3383 1062 3439 scribi
1076 3383 1172 3446 nralitt
1195 3401 1261 3438 nam
1278 3375 1389 3451 illaqni·

335 3469 401 3524 dem
425 3469 584 3526 sententIa:
607 3469 669 3524 ditm
694 3480 721 3525 tu
743 3489 792 3524 res
814 3469 944 3543 soperbia,
968 3471 1039 3524 tudio
1058 3479 1168 3543 praeter
1184 3469 1329 3542 Crispinum
1351 3465 1390 3518 su·

333 3563 439 3628 putore,
463 3555 528 3610 rnilu'
548 3557 647 3610 etium
669 3557 750 3610 ouuci
770 3556 911 3627 l'prrosceut,
934 3556 959 3610 si
980 3556 1047 3628 quid
1065 3573 1194 3629 peccare,
1223 3549 1389 3628 ineptissima

336 3649 389 3704 est,
413 3636 522 3718 [neque
545 3658 645 3696 eorum
665 3640 789 3696 artificio
812 3639 854 3696 uti
877 3658 1041 3715 possumus,
1066 3640 1115 3714 qui
1138 3634 1389 3714 artequeteupodo·

336 3725 380 3780 sin
404 3724 534 3800 incipere
556 3733 698 3791 statuunt,
721 3744 813 3800 prave
824 3725 982 3794 distractis,
1006 3744 1081 3799 quae
1093 3726 1129 3781 ad
1142 3727 1205 3781 dum
1219 3716 1388 3800 pertinentll·

335 3821 362 3866 et
386 3821 464 3867 certe
489 3809 646 3868 Suetonius
669 3811 740 3867 Ner.
759 3811 798 3868 33
828 3809 904 3888 (num
932 3821 961 3866 et
989 3815 1090 3867 nwruri
1115 3831 1171 3866 urin
1200 3815 1267 3866 inter
1288 3809 1389 3863 lusurus

333 3899 442 3964 desisse,
462 3899 598 3972 producto
607 3899 697 3971 prima
710 3897 823 3970 spllcrbn,
842 3898 989 3966 iocabatur,
1013 3899 1168 3970 titulisque
1190 3899 1387 3954 ‹tenuantur-

335 3985 426 4038 stituto
449 3993 478 4038 ut
499 3985 647 4057 insipientis
668 3992 749 4056 utque
770 3985 850 4038 cleliri
861 4001 914 4058 pro
925 3984 1009 4038 irritis
1022 3983 1126 4056 ltabuit)
1149 3991 1179 4038 et
1190 3981 1309 4038 Tacitus
1319 3979 1386 4034 Anu.

334 4067 455 4127 xum
480 4067 570 4147 (Nero
592 4077 621 4124 et
648 4071 804 4124 ieiunitatem
828 4071 969 4142 prosimus
994 4087 1044 4142 per
1068 4070 1223 4142 proairtcius
1255 4067 1386 4141 petaculum

333 4155 490 4228 supplendis
515 4155 629 4212 Orientis
657 4154 800 4227 leuioribus
822 4155 961 4210 admoueri
981 4155 1159 4228 lepionesque
1186 4157 1261 4229 quaes
1288 4149 1386 4225 ptupt't'

334 4239 487 4295 Annonam
511 4241 636 4296 collocari
656 4237 747 4318 iubet).
792 4240 874 4296 Haec
896 4239 986 4315 igitur
1008 4248 1088 4296 certa
1115 4247 1183 4295 sunt
1210 4236 1385 4296 strationem

334 4323 457 4394 habeut3
479 4324 553 4381 illud
574 4325 660 4380 valde
672 4325 815 4382 incertum
828 4334 881 4391 est,
905 4344 973 4380 num
997 4325 1054 4382 duo
1067 4325 1185 4382 uomina
1207 4325 1249 4381 sic
1266 4333 1385 4394 umquam

334 4409 431 4465 Latini
455 4409 669 4481 coniunxerint,
692 4419 725 4467 ut
747 4411 892 4468 dicerent:
920 4412 1009 4484 officio
1031 4420 1056 4466 st
1071 4420 1178 4467 seruata
1196 4409 1386 4485 paterentur·

1462 490 1463 548 l

338 607 505 689 splendore
526 609 635 672 ductos
658 608 851 672 immemores
874 607 969 672 luisse
991 608 1158 672 utilitatum
1180 627 1320 686 snartuu
1342 627 1401 672 uos·
1464 602 1465 617 ¹
