3018 5052
422 451 465 498 nr
489 451 569 498 uun.
587 449 649 497 nm.
667 451 702 496 m
724 451 797 498 cue.
824 455 930 500 rs-ro.
1146 435 1212 501 435

138 623 199 687 Sed
221 641 282 686 non
305 621 438 686 alienum
461 627 518 700 est,
540 639 602 702 quo
624 619 742 685 facilius
764 622 910 687 visverbi
931 621 1137 704 intellegatur,
1160 641 1211 687 ra-

136 725 250 790 tionem
272 724 364 788 limus
386 723 472 788 verbi
494 721 626 788 leniendi
649 724 782 788 Zenonis
804 743 968 806 exponere

222 827 305 891 XVI.
328 827 379 892 52.
412 825 455 891 Ut
477 825 567 904 enim,
589 825 698 907 inquit,
721 843 810 891 nemo
832 826 920 905 dicit,
946 827 978 891 in
1001 827 1087 909 regis
1108 845 1211 909 regem
1270 891 1280 910 ,

135 930 238 1011 ipsum
266 927 357 1011 quasi
389 928 575 1009 productum
603 945 673 993 esse
700 929 742 993 ad
768 929 950 1010 dignitatem
978 929 1023 1009 (id
1054 935 1103 995 est
1130 931 1211 996 enim

124 1028 348 1111 προηγμένον),
383 1031 530 1108 sedem,
558 1030 611 1111 qui
640 1031 671 1095 in
694 1031 797 1113 aliquo
819 1032 937 1098 honore
959 1039 1044 1112 sunt,
1079 1036 1249 1114 quorum5

134 1133 214 1196 ordo
235 1131 375 1213 proxime
397 1131 523 1210 accedit,
546 1139 581 1195 ut
603 1133 756 1197 secundus
778 1133 827 1212 sit,
851 1133 891 1197 sd
913 1134 1033 1216 regium
1054 1134 1211 1216 prinoipe-

133 1241 212 1312 tum,
234 1235 331 1300 sicin
355 1235 418 1299 vito
439 1253 502 1298 non
524 1253 570 1313 ea,
592 1252 673 1315 quae
694 1235 715 1316 †
736 1235 885 1317 primerio
907 1234 1068 1316 looosunt,
1092 1238 1148 1302 sed
1165 1253 1212 1315 ea,
1296 1299 1299 1306 ,

224 1483 245 1528 2
268 1477 523 1546 [verdihoolocoom
536 1476 570 1545 A]
609 1477 758 1528 ZenonernL
794 1484 817 1531 ³
844 1479 1079 1548 dicdulr'nrepioE
1109 1487 1132 1530 4.
1152 1480 1212 1531 idern

131 1547 591 1598 minutomneet'denimeetOr.
636 1547 836 1610 detntornnee,
855 1548 950 1602 Ον.6
936 1551 1109 1630 6er
1146 1549 1213 1599 led

130 1616 317 1666 οαϊπνϋοΕ
352 1631 389 1678 νο,
407 1631 534 1680 quaeum
554 1616 576 1665 E
607 1616 1156 1686 mmrrnsnom01.prtmoriae[dpll

207 1857 295 1956 Cap
318 1859 405 1932 XIV,
431 1859 480 1916 52.
514 1859 550 1916 Ut
560 1879 636 1930 ανον,
659 1857 759 1935 inquit)
784 1859 1004 1920 StoboeusEol
1012 1861 1079 1920 Eth.
1092 1881 1120 1937 p.
1137 1863 1211 1920 156:

132 1933 233 2004 ollis
256 1935 287 2002 δὲ
308 1941 366 2002 τῶν
384 1937 508 2042 ἀγαθοῖν
531 1936 606 2000 εἶναι
627 1937 825 2044 προηγμένον,
859 1935 908 2002 διὰ
933 1937 969 2003 τὸ
995 1936 1048 2022 τὴν
1068 1939 1212 2046 μεγίστην

131 2020 224 2096 αξίαν
247 2020 323 2085 αὐτα
313 2019 425 2106 ἔχειν,
452 2019 488 2084 τὸ
505 2019 536 2086 δὲ
557 2022 754 2106 προηγμένον,
782 2022 840 2128 τὴν
867 2024 1007 2128 δευτέραν
1034 2023 1134 2130 χώραν
1162 2019 1212 2088 καὶ

130 2105 263 2181 ἀξίαν
246 2129 326 2187 οχον,
355 2106 537 2214 οονεηηίζαν
548 2129 611 2178 πως
632 2110 670 2187 τῇ
690 2109 749 2171 τῶν
771 2106 896 2213 ἀγαθῶν
914 2104 1010 2189 φύσει.
1056 2105 1132 2176 Οὐδὲ
1154 2105 1211 2212 γὰρ

130 2191 167 2254 έν
165 2187 264 2294 αὐλῇ
285 2195 344 2254 τῶν
365 2190 591 2276 προηγουμένων
608 2188 741 2254 εἶναι
709 2216 762 2256 τον
783 2191 921 2275 βασιλέα,
956 2191 1032 2257 ἀλλὰ
1056 2218 1127 2265 τους
1149 2217 1203 2276 μον

130 2271 228 2337 αὐτὸν
249 2277 454 2358 τεταγμένους.
490 2279 554 2360 (Sic
577 2282 777 2342 scribendum.
799 2301 837 2340 ne
848 2283 879 2341 in
896 2285 965 2342 suls
976 2287 1094 2360 quidem
1111 2303 1211 2364 regem

130 2367 214 2423 inter
234 2376 418 2442 praestantes
441 2366 583 2442 dignitate
605 2371 762 2442 numerari,
786 2369 837 2427 sed
860 2389 920 2442 eos,
941 2371 994 2468 qui
1011 2381 1076 2442 oet,
1099 2371 1147 2429 vel
1158 2389 1211 2447 po

130 2453 195 2510 tine
216 2447 275 2507 τῶν
296 2445 493 2529 προηγμένων.
522 2455 558 2512 In
581 2453 721 2512 Heerenii
744 2455 890 2531 scripture
916 2445 968 2513 τὸν
990 2443 1211 2533 προηγούμενον

129 2531 568 2608 elvoetviliosusestartieulum
591 2540 675 2598 codd.
688 2531 822 2616 αὐλητοον
833 2557 1062 2616 προηηοομονον.
1095 2541 1211 2599 Deinde

128 2621 288 2698 plur-elem,
311 2614 382 2688 τοὺς
396 2613 464 2724 'pen'
478 2641 569 2680 αοτον
579 2641 785 2700 τεταγμένους
809 2625 950 2683 Davisius
961 2626 1104 2697 restrtmt
1128 2626 1211 2685 codd.

127 2703 252 2764 νοῦ-
275 2699 483 2788 τεταγμένον.)
564 2761 567 2769 .

222 2794 252 2850 ld
274 2802 313 2850 est
334 2791 415 2868 miro)
439 2793 514 2852 Cum
537 2813 575 2852 ex
598 2795 702 2866 idest,
736 2803 771 2852 ut
787 2813 884 2872 saepe,
907 2795 1018 2854 foetum
1042 2805 1121 2855 esset
1142 2799 1211 2854 idem

129 2879 231 2956 (on.
254 2873 325 2953 Εξχ,
349 2878 414 2935 edd.
437 2888 505 2937 ente
527 2879 710 2950 Manutinm3
733 2880 821 2939 Grut
840 2890 871 2939 et
881 2881 957 2939 Dav.
980 2891 1094 2953 tecent;
1117 2881 1211 2942 Gzius

128 2965 163 3022 in
191 2963 310 3034 ,multis
334 2963 470 3040 seriptie“
495 2965 538 3022 sit
559 2983 623 3023 esse
645 2964 740 3044 iden),
763 2967 895 3024 additum
918 2976 963 3025 est
978 2968 1119 3026 verbum:
1142 2971 1211 3026 idem

128 3053 203 3106 πνέοι
224 3060 272 3107 est.
318 3047 441 3108 correxi
464 3051 601 3109 mendum
625 3051 823 3110 manifestum.

220 3139 247 3192 in
259 3137 351 3210 aliquo
363 3136 460 3193 honore
471 3135 546 3212 sont)
565 3137 615 3197 Sic
625 3145 705 3195 recte
718 3138 782 3195 edd.
790 3137 870 3197 Cret
878 3145 907 3194 et
913 3137 1002 3210 vict,
1010 3145 1039 3197 et
1050 3139 1088 3196 ob
1099 3142 1210 3205 accedit,

128 3222 214 3297 qnod
238 3220 400 3278 scribarum
423 3221 546 3280 arbitrio
569 3223 665 3280 minus
687 3223 848 3281 obnoxium
870 3222 942 3295 fuit,
976 3233 1007 3281 et
1033 3225 1112 3299 qnod
1140 3223 1211 3282 sim·

127 3307 252 3384 pliciter
273 3323 366 3383 genus
388 3315 490 3364 notum
519 3309 702 3366 describitur.
753 3309 893 3366 θεοποιίαν
920 3311 960 3366 od
986 3313 1085 3384 replum
1107 3313 1210 3386 prud·

123 3403 228 3469 patum
250 3391 306 3449 etsi
328 3391 423 3449 videri
445 3403 542 3468 potest
563 3395 606 3452 ita
628 3395 737 3452 dietum
761 3413 840 3466 esse,
868 3403 902 3452 nt
928 3395 1109 3471 praepositio
1132 3413 1211 3453 oom-

128 3479 317 3554 perstionem
341 3477 500 3554 significet,
528 3488 641 3550 temen,
675 3481 814 3555 qnoniam
837 3483 876 3537 ad
897 3481 939 3538 sic
961 3481 1031 3556 poni
1053 3499 1112 3538 non
1135 3481 1212 3539 solet

127 3564 192 3622 nisi
213 3565 244 3621 in
267 3563 459 3640 significando
475 3565 712 3624 dissimilitudine
724 3575 754 3623 et
765 3563 931 3623 differentia
952 3562 1000 3650 (ut
1011 3585 1076 3625 curn
1089 3567 1211 3624 dieitur:

127 3651 202 3708 m'dil
221 3649 262 3706 ad
281 3651 411 3723 αὶίηοπο,
439 3653 507 3724 quid
527 3653 566 3709 od
587 3653 725 3709 utilitatem
747 3656 1002 3728 tantae'peounr'aet
1023 3653 1078 3732 (11,
1103 3647 1158 3734 85)
1181 3663 1211 3710 et

127 3735 214 3814 opud
235 3733 375 3792 Livium
403 3754 454 3791 non
480 3738 520 3794 ao
546 3748 632 3794 cetera
660 3739 764 3812 inponis
787 3739 892 3795 Punica
920 3739 1050 3810 callidus,
1080 3747 1109 3795 et
1131 3737 1209 3813 apud

128 3822 284 3891 Plautum,
308 3821 393 3896 Cepi.
415 3821 457 3892 II,
482 3823 509 3892 2,
534 3821 589 3880 25:
622 3825 661 3879 od
687 3826 845 3899 sapientium
873 3824 952 3881 dulus
979 3827 1075 3882 nemius
1097 3835 1211 3897 nequior

122 3911 205 3984 νοέῃ
227 3905 287 3963 rid.
310 3905 393 3982 lem),
417 3917 448 3963 et
469 3909 607 3982 quonism
630 3911 772 3980 secundos,
796 3909 875 3984 quod
897 3909 993 3986 ipsum
1011 3911 1143 3967 ordinem
1166 3909 1210 3966 in·

128 3993 223 4063 dicet,
247 3991 285 4049 nd
307 4009 371 4048 earn
394 3991 637 4070 significationem
661 3995 757 4052 minus
779 4005 880 4070 aptum
904 4004 963 4068 est,
996 4004 1069 4072 puto
1092 3995 1210 4054 Cicero·

128 4097 201 4136 nem
228 4080 268 4135 ad
296 4078 544 4153 praepositionem
565 4079 715 4138 rettulisse
737 4081 775 4138 ed
801 4081 923 4138 verbum
946 4083 1055 4140 aceedit.
1103 4081 1210 4155 Itaque

127 4168 250 4223 comme
270 4163 444 4239 interposui,
467 4165 546 4239 quod
568 4165 747 4223 in·mentem
770 4167 828 4224 ism
851 4176 974 4225 venerat
994 4167 1123 4225 Bremio.

214 4251 350 4326 priores-io
372 4247 440 4324 loco)
462 4250 562 4308 Aliter
583 4250 690 4310 Cicero
717 4252 851 4328 scripsit3
885 4271 953 4309 nem
981 4271 1035 4310 neo
1057 4255 1209 4329 primarius

128 4337 217 4394 loeus
240 4334 361 4412 (idest,
385 4335 436 4410 qui
458 4337 497 4393 ed
518 4335 644 4413 primum
662 4337 799 4413 pertinet,
822 4337 909 4414 primi
920 4339 1037 4416 generis
1049 4333 1107 4412 est)
1130 4347 1209 4395 reete

128 4422 243 4480 dicitnr
265 4439 319 4496 pro
336 4423 435 4495 ρπένοο,
459 4433 489 4480 et
506 4422 588 4483 eliud
599 4423 714 4482 codices
726 4423 899 4494 ostendunt,
920 4443 989 4482 nem
1001 4425 1089 4482 etism
1101 4425 1166 4483 Pal.
1183 4429 1209 4496 l,

854 4543 857 4550 '
953 4541 1003 4596 28·
