2938 5020
343 431 388 477 nr
412 429 492 476 nnn
509 429 572 475 mn.
589 429 613 475 n
635 429 707 476 cnr.
734 433 843 478 tr-cc.
1077 413 1140 478 219

82 619 180 682 genere
200 598 367 680 voluptatis
389 598 572 662 coniunctum
588 607 645 676 est,
673 599 819 680 quodque
845 605 877 662 et
905 597 975 680 ipse
997 607 1027 662 et
1051 599 1140 664 amici

82 703 137 766 eius
156 701 288 767 etmulti
312 705 425 782 postes
446 698 626 765 defensores
647 699 715 764 eius
738 699 910 766 sententiae
937 697 1076 778 tinemut,
1110 707 1142 765 et

83 803 169 868 nscio
190 803 343 886 quomodo
364 802 403 880 is,
424 801 478 883 qui
500 800 716 865 auctoritatem
738 800 894 865 minimum
916 801 1021 880 hebet,
1044 803 1141 866 nram-

82 923 150 968 mam
168 905 235 980 rim
256 903 394 986 populus
416 921 486 968 cum
512 902 572 966 illis
593 901 675 967 iecit
725 903 811 980 Quos
834 902 893 966 nisi
914 903 1140 985 redargnimus,

83 1006 166 1070 omnis
187 1007 299 1084 virms,
328 1023 420 1070 omne
441 1005 550 1080 decus,
578 1004 678 1069 omnis
701 1022 777 1068 veru
797 1003 866 1069 laus
887 1006 1062 1070 deserenda
1083 1015 1139 1070 est
1158 1013 1179 1078 5

82 1107 121 1170 lu
138 1117 306 1174 murorum
329 1105 491 1172 sententiis
513 1106 654 1182 semotis,
682 1105 867 1187 relinquitur
893 1125 954 1171 non
977 1107 1050 1170 mihi
1072 1125 1142 1171 cum

85 1209 233 1291 torquato,
254 1210 313 1275 sed
333 1207 442 1272 virtuti
464 1225 534 1273 cum
555 1206 716 1288 voluptate
737 1208 875 1272 certatio.
904 1209 1004 1286 Quum
1016 1209 1143 1289 quidem

82 1311 260 1376 certationem
287 1311 381 1376 homo
413 1318 445 1374 et
477 1317 586 1374 neutris
613 1319 645 1374 et
671 1308 816 1390 diligens,
850 1309 1054 1391 Chrysippus
1080 1328 1142 1375 non
1223 1393 1227 1399 .

82 1415 238 1492 contemnit,
259 1423 424 1493 totumque
440 1411 608 1476 discrimen
632 1409 743 1474 summi
770 1410 842 1476 boni
869 1411 900 1476 in
928 1429 1036 1476 eurum
1059 1429 1141 1476 com-

151 1656 174 1705 3,
194 1651 237 1719 [dir
255 1649 290 1719 Α]
367 1649 461 1717 [inbuit
479 1649 525 1718 M]
602 1655 626 1698 4.
644 1665 695 1698 cum
714 1647 761 1698 ctio
775 1653 879 1714 popniur
896 1649 944 1698 ER
1021 1649 1142 1714 arcuimus

82 1718 184 1770 LPHCR
250 1727 273 1770 6.
292 1717 433 1781 relinquitur
455 1719 514 1768 corin
537 1718 595 1767 mni
613 1719 630 1766 Ε
701 1721 723 1766 8.
741 1717 808 1768 domo
827 1746 857 1754 -
875 1727 945 1782 putat
962 1717 1028 1767 Nou.
1047 1734 1071 1783 p.
1092 1723 1141 1766 282

81 1787 134 1836 ionio
150 1797 229 1839 παίω
251 1790 272 1840 C
321 1786 367 1836 sed
382 1786 482 1851 utiquo
503 1785 574 1854 [uls
629 1783 765 1851 [Cin'sc'ppnc
784 1785 817 1853 A]
865 1791 887 1835 9.
911 1803 963 1836 earu
986 1803 1062 1836 rerum
1085 1794 1142 1850 (pro

82 1871 157 1918 roms)
173 1857 235 1908 Non.
246 1857 319 1909 Alci.
337 1873 389 1905 eam
408 1873 455 1904 rem
473 1872 549 1904 rerum
569 1855 644 1904 codd.
662 1855 759 1918 antiqui
778 1854 863 1912 Nonii,
881 1855 962 1904 eodem
977 1853 1141 1906 truciter.

82 2099 168 2172 copto
183 2117 275 2171 pectere
297 2097 333 2154 de
355 2096 473 2153 Invent.
495 2095 537 2166 ΙΙ,
554 2095 613 2153 157
637 2103 667 2152 et
692 2095 762 2166 158,
785 2095 899 2154 udAtt.
921 2097 977 2167 IV,
993 2095 1041 2166 15,
1058 2099 1090 2152 1:
1113 2105 1142 2152 ut

84 2193 114 2237 cst
131 2203 161 2238 er
181 2203 220 2240 roe
241 2195 266 2240 et
288 2202 322 2240 ec
345 2192 369 2238 te
391 2185 496 2238 iunctus
519 2181 667 2255 Dionysius
690 2181 732 2236 M.
755 2183 934 2256 Pomporu'us3
957 2180 1023 2238 add.
1046 2180 1142 2238 Acad.

82 2265 164 2334 1240.
186 2287 270 2343 quem
295 2269 393 2324 locum
415 2267 446 2323 in
468 2285 533 2322 exc.
555 2266 571 2323 Ι
594 2265 751 2323 vindicavi.
786 2265 845 2324 Sed
862 2267 964 2324 durius
976 2265 1081 2325 Cicero
1105 2266 1143 2323 ad

83 2351 161 2426 ipsum
182 2353 343 2429 Epicurum
366 2351 527 2422 transtulit,
551 2351 629 2425 quod
652 2350 688 2408 de
711 2370 825 2409 summo
848 2353 911 2410 eius
934 2352 1143 2428 bouoproprie

82 2437 216 2496 diceretur.

149 2527 261 2600 populus
278 2543 339 2580 cum
350 2520 418 2598 iliis)
441 2523 477 2579 In
489 2521 639 2578 veteribus
651 2521 827 2595 quibusdam
839 2519 904 2578 edd.
917 2521 1033 2598 (Marsi,
1048 2519 1143 2599 Crat.)

82 2609 245 2666 oberratum:
268 2629 328 2666 cum
351 2609 405 2664 illie
425 2609 541 2682 populis.
565 2606 670 2680 Itaque
689 2605 718 2663 in
732 2626 788 2684 mg.
801 2605 882 2665 Crat.
905 2614 935 2664 et
957 2607 1142 2664 ecod.Mor.

83 2706 221 2751 annotetur
242 2695 316 2751 haec
339 2702 369 2750 et
392 2693 538 2768 scripturn
560 2701 590 2748 et
612 2691 684 2748 ordo
706 2693 873 2749 verborum.

153 2779 351 2854 redcrqrcimus)
383 2777 475 2835 Recte
492 2777 548 2836 hoc
565 2776 694 2833 restituit
711 2775 813 2848 Gzius,
837 2777 916 2850 quod
934 2777 964 2833 in
982 2777 1027 2833 ed.
1050 2775 1143 2833 Marsi

85 2873 106 2917 ct
133 2863 282 2922 Cratandri
316 2871 377 2934 cst,
418 2881 475 2920 non
504 2862 533 2919 in
562 2862 789 2936 antiquissimis3
828 2862 905 2919 idern
939 2879 1040 2920 omnes
1074 2879 1143 2918 suos

84 2947 151 3005 codd.
170 2951 211 3008 sic
232 2951 343 3007 habere
365 2948 451 3017 dicit,
474 2948 532 3004 nisi
554 2949 633 3023 quod
656 2945 766 3005 Gud.?
784 2965 850 3004 cum
874 2947 954 3006 Oxx.
976 2943 1020 3016 Εξ
1047 2949 1143 3003 redur-

82 3051 185 3104 quorouc.
226 3037 297 3094 Non
319 3033 462 3110 arguendi
486 3041 599 3090 tantum
622 3043 651 3090 et
674 3031 841 3104 accusandi,
870 3033 921 3090 sed
951 3031 1144 3089 convincendi

84 3118 156 3177 etism
175 3133 257 3178 erant
280 3119 429 3196 Epicurei.

155 3207 323 3282 Chrysippus
345 3225 397 3261 uon
419 3201 571 3282 contemnit)
595 3203 645 3276 qui
661 3202 691 3258 in
705 3221 794 3278 opere
805 3191 871 3278 περὶ
883 3197 975 3258 τελῶν
987 3219 1053 3258 curn
1066 3199 1144 3259 Stoi·

85 3305 126 3344 cse
144 3291 290 3350 doctrinae
313 3289 536 3347 confirmatione
558 3296 730 3364 perpetuam
754 3287 918 3364 Epicur-ese
936 3285 1144 3345 refutationem

85 3375 252 3435 coniunxisse
275 3376 402 3433 videtur.
436 3373 497 3433 cfr.
520 3373 615 3456 Acpd.
638 3374 679 3442 Π,
707 3374 765 3429 138
789 3381 818 3430 et
844 3373 912 3429 140.

152 3465 176 3518 io
202 3481 296 3520 currem
324 3459 534 3535 comparatione)
578 3459 730 3516 Edebutur
763 3459 792 3515 in
820 3459 911 3515 eudem
940 3459 1145 3532 conparatione,

84 3555 168 3617 aperto
187 3547 305 3618 mendo,
329 3544 467 3620 quoniam
491 3544 564 3601 nihil
587 3553 655 3600 ante
678 3543 714 3600 de
737 3543 792 3600 hoc
803 3541 1023 3618 comparatione
1036 3541 1146 3598 dictum

84 3641 147 3700 crau
165 3651 259 3708 neque
282 3649 423 3705 umquem
445 3639 497 3687 out
518 3628 597 3706 apud
609 3629 783 3688 Ciceronem
806 3637 857 3684 orit
877 3628 955 3703 aqoud
967 3627 1041 3684 ulios
1054 3625 1146 3701 scrip-

84 3721 147 3773 tores
166 3721 232 3776 idem
256 3725 302 3775 est
325 3718 460 3792 dirupto,
494 3715 544 3790 qui
572 3733 651 3771 nunc
678 3713 795 3770 demum
824 3714 1000 3770 nominetur.
1045 3713 1146 3785 Atque

84 3817 157 3856 strom
168 3804 256 3860 habet
264 3803 337 3874 nrt,
350 3802 387 3858 de
399 3819 458 3875 quo
469 3819 527 3858 uno
540 3819 577 3856 ex
590 3799 761 3856 melioribus
774 3807 897 3868 constat,
911 3796 1013 3876 [etiam
1023 3793 1146 3874 AetB]‚

84 3893 133 3942 tum
153 3887 228 3946 Oxx.
250 3883 304 3957 Εξ,
327 3886 426 3944 Mesd.
450 3885 579 3954 Davisii,
608 3885 659 3959 qui
683 3884 712 3941 id
735 3883 894 3960 probabat,
923 3891 1087 3958 postremo,
1122 3881 1147 3938 si

85 3967 231 4032 Goerenzio
254 3972 412 4042 credimus,
435 3970 503 4028 Bas.
527 3981 555 4028 et
579 3969 658 4029 Gud.
685 3972 718 4040 13
742 3969 793 4026 sed
815 3970 1014 4039 idemnerrut,
1038 3967 1069 4025 in
1087 3987 1147 4024 me-

84 4051 187 4116 lioribus
210 4059 364 4135 vulgatum
388 4075 466 4128 esse,
500 4057 550 4131 qui
579 4074 645 4112 cum
667 4056 698 4112 in
720 4054 782 4112 Erl.
810 4055 1005 4131 redarguetur
1027 4071 1085 4109 non
1109 4052 1147 4110 si-

85 4137 167 4211 lentio,
188 4145 240 4202 sed
263 4142 448 4209 testimonio,
476 4142 582 4199 merito
604 4141 739 4216 suspicor
761 4159 827 4197 eum
850 4140 978 4197 scribere
1002 4137 1147 4201 debuisse,

84 4243 158 4284 etrum
178 4231 266 4288 etium
290 4229 320 4286 in
346 4226 424 4304 Spir.
447 4237 476 4284 et
499 4225 610 4287 (suun
634 4245 708 4296 esse,
732 4226 858 4282 alterum
887 4226 917 4282 in
946 4223 1060 4282 duobus
1088 4223 1148 4281 illis

85 4314 209 4382 perimis.
253 4313 345 4390 Apud
368 4313 499 4370 Nonium
522 4314 614 4369 eadem
637 4331 655 4369 a
677 4311 823 4369 Mercerio
847 4329 862 4368 e
885 4309 1038 4369 Ciceronis
1066 4308 1148 4366 libris

87 4399 207 4474 scriptum
241 4409 301 4468 est;
336 4417 404 4456 nam
433 4397 463 4454 iu
491 4397 592 4456 codice
615 4397 646 4456 S.
669 4397 815 4466 Victoris,
850 4414 947 4470 equo
970 4395 995 4452 is
1018 4393 1149 4452 Nonium
