2998 5020
334 391 398 458 594
719 409 763 454 nn
786 408 916 456 armeus
939 407 1009 454 eon.

333 583 399 644 tum
422 595 548 642 servare
569 577 676 658 possit,
699 595 805 642 omnes
827 595 924 658 aeque
945 577 1140 642 incontentae
1162 578 1238 649 sint,
1265 578 1311 642 sic
1337 594 1399 658 pec-

406 769 425 814 1,
445 771 565 814 contantes
583 763 651 816 PCR

335 954 395 1015 Sed
416 973 482 1012 eum
504 974 562 1012 non
584 973 704 1030 prorsus
726 954 890 1012 inauditum
913 965 999 1023 esset,
1023 955 1164 1014 citharam
1175 956 1308 1032 lyrsmve
1320 955 1399 1014 etiam

327 1043 413 1116 fidon
424 1041 565 1118 singulari
577 1059 698 1099 numero
710 1040 778 1110 diei,
801 1059 860 1114 quo
871 1040 901 1096 in
914 1041 1009 1098 sidere
1020 1041 1101 1118 lyrae
1113 1041 1218 1098 Latine
1230 1041 1399 1098 nominando

333 1127 364 1185 in
374 1145 464 1203 prosa
474 1127 607 1184 oratione
618 1127 725 1196 Varro,
739 1126 768 1183 in
781 1125 915 1184 versibus
927 1126 1075 1202 (Arateis)
1088 1125 1193 1185 Cicero
1210 1127 1320 1202 aliique
1332 1145 1399 1184 sem·

334 1231 386 1289 per
407 1219 538 1279 utuntur,
562 1212 709 1269 interdurn
731 1212 820 1268 etiam
836 1212 979 1284 fidiculam
1002 1213 1147 1283 dicentes,
1171 1212 1276 1271 Cicero
1299 1213 1329 1270 in
1350 1213 1398 1268 hec

334 1297 553 1374 comparatione
579 1297 707 1372 plurium
737 1297 915 1354 cithararum
944 1307 974 1354 et
1001 1298 1110 1354 nullius
1138 1297 1253 1376 (unius)
1276 1299 1398 1355 citharae

334 1382 438 1441 maluit
460 1382 636 1459 singularem
660 1382 752 1458 sequi.
808 1381 921 1459 (Facile
949 1391 1046 1440 autem
1074 1383 1270 1460 intellegitur,
1304 1402 1354 1442 eur
1374 1382 1399 1438 in

333 1469 428 1528 sidere
452 1468 652 1544 significando,
675 1467 705 1526 in
729 1485 787 1542 quo
810 1468 907 1526 unitae
929 1469 1131 1544 spectabatur,
1162 1487 1266 1527 sensus
1288 1468 1398 1526 Latino·

333 1573 397 1612 rum
426 1554 569 1630 pluralem
597 1572 750 1611 numerum
778 1552 928 1630 refugerit
973 1553 1137 1630 Singularis
1171 1555 1283 1612 numeri
1312 1553 1398 1612 forma

334 1659 392 1698 non
415 1639 537 1714 antiqua
560 1649 604 1696 est
626 1657 680 1696 nec
702 1638 897 1710 obsoleverat,
920 1638 971 1696 scd
994 1638 1094 1717 nova.)
1138 1641 1244 1698 Restat
1265 1649 1397 1698 annotan-

335 1726 388 1782 dus
410 1743 481 1782 usus
503 1725 730 1800 praepositionis
752 1727 787 1780 in.
837 1725 915 1782 Nam
938 1725 1079 1784 orationis
1102 1744 1206 1783 severa
1233 1725 1333 1802 regula
1352 1743 1397 1799 po

335 1810 443 1869 stulare
466 1811 597 1881 videtur,
626 1821 659 1867 ut
686 1819 737 1867 aut
764 1810 806 1868 sic
829 1810 957 1867 dicatur:
993 1812 1030 1868 Ut
1049 1813 1123 1885 fides
1146 1814 1256 1886 plnres,
1289 1811 1397 1868 nisidio

334 1917 426 1954 earum
447 1931 499 1963 -,
522 1915 619 1966 omnes,
643 1904 694 1952 ant
716 1896 773 1953 eie:
802 1897 845 1967 tt,
869 1899 894 1952 si
914 1916 928 1953 a
945 1897 1071 1972 plurilus
1092 1898 1197 1970 fidibus
1222 1899 1305 1954 nullu.
1346 1893 1397 1954 Sed

334 1987 361 2038 in
383 1993 451 2039 ante
473 1981 648 2039 divisionem
672 1980 776 2040 Cicero
799 1981 907 2057 posuit,
930 1990 963 2039 ut
985 1982 1066 2052 alibi,
1100 1983 1270 2052 materiam,
1297 1982 1325 2038 in
1346 1997 1397 2054 que

334 2087 381 2125 res
404 2078 561 2143 appareat,
585 2067 762 2144 significans,
786 2067 870 2142 quasi
883 2067 978 2125 dieas:
1012 2068 1054 2128 Ut
1082 2067 1112 2126 in
1139 2068 1275 2144 pluribus
1301 2066 1396 2122 fidibus

335 2153 376 2224 fit,
400 2161 432 2210 ut
454 2171 546 2227 aeque
569 2152 756 2209 incontentae
779 2153 837 2210 sint
850 2163 905 2209 cet
929 2153 1023 2210 Multo
1035 2153 1136 2210 durius
1158 2154 1202 2210 ita
1213 2153 1290 2210 dixit
1300 2151 1395 2222 nat:

335 2242 361 2294 in
381 2241 476 2313 porois
502 2270 538 2280 -
563 2242 743 2308 entimescnnt
768 2238 901 2314 pluribus
924 2239 1093 2302 interiectis.
1122 2239 1178 2295 hoc
1201 2249 1261 2296 est:
1289 2239 1316 2294 in
1338 2253 1395 2312 par·

335 2323 380 2381 vis
403 2341 490 2398 saepe
514 2323 555 2392 fit,
579 2332 612 2378 ut
633 2323 842 2394 extimescaut3
866 2343 934 2382 nam
956 2343 1094 2399 perverse
1107 2324 1262 2382 Ernestius
1274 2333 1302 2380 ct
1313 2321 1395 2379 Gaius

337 2408 525 2486 partitionem
549 2407 705 2478 inducunt,
729 2419 761 2466 ut
783 2413 810 2465 in
828 2413 935 2484 porcia,
958 2413 1007 2484 qni
1028 2410 1079 2466 sit:
1113 2413 1133 2466 ii
1159 2429 1193 2466 er
1210 2412 1320 2484 porois,
1347 2409 1395 2480 qut

336 2494 413 2570 quod
436 2493 561 2569 primum
585 2494 641 2550 dici
665 2494 776 2568 nequit,
799 2494 904 2552 deinde
926 2513 1046 2570 prorsus
1069 2514 1087 2551 a
1109 2495 1256 2552 sententia
1277 2493 1331 2551 loci
1351 2492 1395 2546 ab·

337 2580 451 2648 homet;
473 2597 569 2654 neque
592 2579 668 2636 enim
692 2580 763 2638 Piso
786 2580 860 2638 alios
883 2599 989 2656 pueros
1012 2581 1047 2636 de
1070 2581 1106 2637 iis
1123 2581 1221 2651 rebus,
1246 2599 1316 2654 quas
1335 2585 1395 2634 enta

336 2664 513 2734 nominavit,
547 2665 677 2741 cogitare
700 2666 785 2724 dicit.
819 2666 893 2723 alios
916 2685 974 2723 non
997 2667 1140 2742 cogitare,
1174 2666 1226 2722 sed
1249 2663 1395 2743 generatim

335 2769 457 2826 pueros,
486 2749 535 2824 qui
563 2751 635 2807 talia
657 2769 714 2808 non
738 2751 880 2826 cogitent,
915 2752 952 2808 ab
985 2751 1094 2808 adultis
1127 2752 1264 2828 seiungit.
1312 2749 1396 2823 Supra

336 2836 393 2894 III.
413 2836 453 2892 63
481 2837 524 2912 (nt
542 2839 567 2892 in
585 2837 708 2892 membn's
729 2839 784 2892 ols'cz
806 2847 868 2893 snm
891 2835 959 2910 cet.)
987 2846 1017 2894 et
1038 2837 1077 2908 V,
1103 2838 1141 2894 36
1165 2837 1206 2914 (in
1229 2837 1344 2894 snm'dns
1362 2841 1396 2888 est

336 2941 387 2978 ano
408 2924 536 2996 cuiusque
558 2921 655 2997 victus)
678 2931 707 2978 et
724 2922 762 2978 N.
779 2921 817 2978 D.
835 2923 876 2990 Π,
904 2923 962 2978 123
986 2923 1030 2998 (ut
1051 2927 1077 2979 in
1099 2925 1232 2980 araneolis
1254 2925 1321 2979 clim
1341 2927 1396 2977 cet.

337 3007 386 3082 qui
414 3006 495 3064 locus
518 3006 634 3064 illorum
664 3007 882 3083 comparatione
905 3008 977 3066 satis
1000 3007 1178 3083 defenditur)
1205 3007 1325 3083 partitio
1345 3013 1395 3064 est:

337 3111 431 3167 neque
454 3101 551 3149 tamen
574 3111 609 3150 ee
631 3092 812 3169 significatur
839 3092 904 3168 ipsa
926 3093 1159 3170 praepositione,
1192 3112 1229 3150 ex
1259 3111 1315 3168 qua
1333 3091 1396 3146 haec
1473 3091 1474 3116 ¹

336 3178 463 3237 eflicitur
486 3179 645 3235 sententia:
669 3178 709 3237 Ut
732 3178 762 3235 in
786 3179 924 3236 nnambris
947 3179 979 3236 fit
1001 3177 1172 3256 (videmus),
1196 3187 1230 3236 ut
1247 3178 1394 3236 exeiscet.

336 3261 448 3344 [Simili
470 3263 655 3340 neglegentia
677 3264 780 3321 Livius
792 3265 849 3334 lx,
864 3264 913 3333 34,
927 3265 966 3321 25
990 3265 1123 3340 scripsit:
1146 3275 1175 3321 ut
1197 3267 1307 3321 comitiis
1318 3277 1394 3320 terno·

337 3352 394 3418 riis,
418 3383 459 3390 —
481 3352 585 3406 comitia
607 3345 790 3428 dc'Jsercrntur]

422 3453 509 3490 cirinen
531 3453 614 3508 neque
636 3433 814 3512 incontentae)
838 3435 1009 3493 Deteriores
1038 3435 1153 3493 codices
1170 3445 1305 3492 conoenme
1315 3431 1396 3510 (01¹1.

340 3517 468 3596 omncs);
492 3530 553 3576 tum
577 3520 606 3576 in
618 3520 744 3595 repetito
756 3520 847 3577 verbo
859 3523 1012 3596 discrepent
1028 3521 1203 3577 aberrarunt
1225 3539 1323 3578 eorum
1336 3533 1396 3574 non·

337 3604 419 3675 nulli,
443 3605 524 3662 velut
547 3601 620 3680 Εξχι
642 3609 708 3680 quia
730 3595 892 3682 discrepant.
907 3609 991 3682 peria
1013 3616 1075 3662 erint
1097 3607 1163 3682 (sint
1184 3605 1225 3682 χ).
1260 3607 1343 3678 Ipitnr
1357 3602 1397 3656 lot

338 3691 393 3764 (sic
416 3691 504 3747 etiem
528 3689 568 3768 ψ)
590 3692 712 3764 nandique
724 3693 841 3749 ludimus
863 3693 965 3769 (etiam
978 3689 1027 3770 ψ).
1060 3691 1100 3748 Et
1111 3691 1213 3748 eodem
1226 3691 1312 3748 modo
1323 3689 1396 3750 Mor„

337 3785 450 3834 tantum
473 3776 553 3850 quod
575 3777 616 3832 lic
636 3787 665 3834 et
682 3779 809 3834 ludimur.
844 3778 897 3834 Ed.
911 3777 989 3836 Crat.
1012 3778 1042 3834 in
1061 3785 1200 3834 contextu
1213 3777 1316 3833 habet:
1336 3779 1395 3830 ancl·

337 3862 425 3936 Igimr
446 3863 494 3918 loc
516 3861 722 3934 omlnpnoludis
733 3883 787 3932 me3
810 3864 839 3920 in
852 3882 908 3938 mg.
921 3873 1091 3920 annotatur:
1116 3864 1193 3930 „sibi
1221 3861 1299 3919 Alii:
1321 3859 1395 3916 Paria

337 3959 398 4004 suist
421 3949 510 4020 igitur.
544 3948 737 4020 Hocmnbiqno
755 3951 899 4006 ledrinnr.“
925 3945 1035 4028 [Etiam
1059 3949 1084 4006 B
1107 3949 1158 4005 eibi
1179 3950 1324 4023 pror'pitnr
1334 3943 1396 4001 miro

337 4033 452 4090 mendo.
497 4031 555 4092 Sed
583 4033 705 4090 tollendi
733 4034 791 4090 tria
817 4034 909 4090 verba
932 4037 1015 4108 pum'n
1043 4043 1105 4090 eant
1132 4037 1213 4106 igitur
1235 4033 1315 4090 nulla
1339 4029 1396 4086 hinc

338 4135 425 4176 caiisa
437 4119 575 4174 nescitur.
605 4119 695 4176 Recte
708 4118 920 4194 comparationi
932 4119 1049 4177 additur
1060 4119 1225 4194 argumenti
1237 4105 1396 4187 conclusio]
1472 4153 1473 4218 p

338 4203 432 4260 Paulo
454 4213 522 4278 post
543 4203 808 4278 sequetnrOrellius
826 4222 863 4260 ex
884 4204 948 4262 edd.
972 4204 1051 4264 Cret
1081 4204 1124 4282 (in
1148 4203 1240 4274 cont.)
1264 4211 1294 4260 et
1316 4200 1397 4258 Vict:
1472 4241 1473 4299 p

338 4288 451 4344 accedit
473 4306 549 4346 nilne
571 4292 703 4366 (praeter
714 4289 752 4364 L)
775 4289 836 4346 Erl.
861 4285 924 4369 [13].
974 4291 1009 4348 tn
1036 4293 1113 4346 etiam
1141 4289 1236 4348 Gaius
1259 4307 1297 4346 ax
1317 4282 1397 4344 omni·

338 4374 392 4430 bus
416 4373 475 4430 sirie
493 4369 560 4454 [13];
584 4375 708 4432 alterum
726 4375 821 4432 tenuit
837 4375 889 4433 Or.
