2956 5028
382 343 423 388 nr
446 343 524 390 mnu
543 343 606 388 nuc
623 343 646 388 11
669 343 742 388 cnr.
766 347 797 388 ns
835 347 875 390 no.
1090 326 1149 389 au

94 509 284 574 honestatem
297 511 388 592 ipsam
408 529 465 592 per
487 529 521 575 se
544 531 605 575 ooo
624 511 745 574 amatis.
775 511 978 576 Fortitudinis
1000 514 1153 594 qmednm

94 620 263 691 praecepta
279 619 344 677 sunt
362 632 398 677 oo
419 613 622 694 paeneleges‚
644 631 725 693 quoe
741 611 911 677 effeminari
928 613 1027 678 virum
1047 625 1154 679 vetant

92 711 262 777 indolere
284 715 481 792 Quamobrem
503 725 596 795 turpe
617 715 791 794 putandum
812 725 870 791 est,
894 735 954 780 non
966 715 1035 780 dico
1046 716 1153 780 dolere

92 827 174 877 tuam
202 816 240 878 id
263 817 373 898 qudem
400 823 449 882 est
474 817 632 880 interdum
654 829 812 896 menese),
845 817 902 882 sod
935 836 1044 882 saxum
1076 818 1152 882 illud

92 915 251 980 Lemnium
267 918 392 984 chinore
413 918 604 983 Philocteteo
627 917 795 996 funestare,
1171 921 1191 980 ι’)

14 1087 15 1092 ,
131 1018 244 1094 Quod
261 1021 415 1100 eiulatu,
439 1027 593 1102 questu,
614 1019 773 1100 gemitu,
795 1018 1019 1086 fremitibus

130 1119 352 1186 Resonando
372 1129 513 1186 mutum
535 1120 695 1186 flebiles
717 1139 833 1186 voces
855 1121 988 1186 refert

91 1219 168 1285 uuo
189 1221 333 1302 Epicuros
353 1231 541 1305 praecentet,
564 1223 591 1287 si
612 1229 730 1304 potest,
753 1223 803 1286 cui

136 1459 357 1510 saiaddmtltt
382 1468 408 1514 4,
430 1459 642 1528 [manera]
673 1465 695 1511 s.
716 1459 855 1525 [philoctere
865 1459 910 1526 Eh]
930 1459 1089 1512 Ptttoaaaea
1108 1463 1152 1515 (tr.

91 1531 112 1577 t.
132 1525 247 1592 [ὲάιὶαιι
263 1529 292 1595 A]
343 1537 364 1580 et
382 1538 465 1593 quatu
484 1529 545 1580 tt’c
600 1533 623 1581 '.'.
641 1537 705 1577 mortu
723 1529 745 1576 Ε
763 1527 856 1578 noma
874 1529 896 1578 L
932 1535 956 1583 8.
978 1528 1010 1597 [et
1027 1546 1153 1596 proprae-

90 1603 161 1644 eattr!
179 1595 216 1664 A]
234 1607 380 1663 conparata
397 1607 420 1648 et
437 1600 496 1662 (pto
513 1598 614 1658 eodem)
634 1597 749 1646 tPntctt
767 1606 929 1661 comparatae
947 1597 992 1651 Or.

172 1811 221 1865 sed
237 1830 328 1868 mentm
350 1813 420 1868 uota
441 1811 583 1866 Lemnim
606 1807 675 1888 oct)
697 1809 810 1866 Eodem
822 1808 1006 1868 Philoctetae
1018 1813 1155 1888 exemplo

91 1888 194 1950 Cicero
213 1896 299 1953 utitur
319 1897 350 1954 in
372 1895 495 1953 Tuscul.
517 1895 559 1966 Π,
584 1895 639 1964 33,
673 1894 805 1950 dolorem
838 1913 897 1951 mon
927 1896 999 1953 satis
1029 1897 1155 1954 viriliter

91 1993 141 2032 nee
162 1997 200 2034 ex
220 1981 332 2039 virtutis
354 1981 521 2056 praeceptis
542 1979 673 2037 ferentis.
706 1981 819 2036 Versus
841 1998 879 2036 ex
902 1981 990 2052 Attii,
1019 1990 1052 2038 ut
1074 1982 1155 2039 vide·

94 2073 145 2121 tur.
167 2064 325 2123 Philoctete
347 2065 456 2142 sumpti
479 2066 520 2121 ibi
543 2083 660 2138 quoque
682 2073 841 2139 ponuntur,
863 2064 986 2122 adiectis
1008 2066 1093 2124 initio
1116 2087 1154 2124 ex

91 2150 232 2220 superiore
259 2171 345 2208 versu
368 2151 416 2207 his
444 2150 557 2207 verbis:
589 2153 615 2204 r'n
644 2159 710 2205 tecto
737 2150 845 2206 liraldo
874 2147 931 2229 (sic
964 2151 1041 2208 onim
1075 2165 1154 2209 reete

93 2234 235 2292 expendere
256 2237 409 2304 videntur,
443 2235 521 2308 quod
550 2235 666 2292 codices
694 2234 813 2304 habent,
836 2233 924 2312 lecto).
969 2237 1027 2293 Hie
1049 2237 1154 2296 Cicero

92 2334 141 2388 pro
162 2338 195 2376 eo
215 2341 308 2378 mrtem
332 2321 466 2377 subiecit

171 2417 263 2462 mutenn
285 2407 392 2480 flebiles
418 2423 494 2462 voees
515 2402 611 2478 refert)
645 2402 696 2462 Sic
723 2404 839 2460 codices
868 2423 925 2460 non
956 2405 1050 2463 solum
1085 2407 1154 2464 boni

93 2483 165 2552 (Pal
178 2493 190 2546 l
204 2489 246 2568 [et
256 2489 323 2568 Β]),
347 2490 399 2548 sed
416 2489 506 2546 edam
527 2489 688 2545 deteriores
710 2487 772 2544 fere
795 2507 896 2546 omnes
919 2487 1009 2566 (Pali.
1038 2502 1155 2566 praeter

92 2569 167 2640 duas,
189 2577 291 2648 biseth,
316 2576 362 2632 El.
385 2584 518 2649 uterque,
541 2573 631 2644 Oxx„
654 2571 790 2646 Gainni),
819 2583 921 2648 estque
944 2575 1063 2650 elegans
1086 2586 1114 2633 et
1137 2597 1155 2634 n

92 2658 208 2734 angiae
228 2661 372 2732 oratipnis
396 2660 558 2717 subtilitate
582 2657 701 2714 minime
729 2659 891 2716 abhorrens
918 2659 1012 2735 ligura
1042 2661 1072 2717 in
1103 2662 1155 2720 illo

91 2754 180 2800 urrrmm
203 2765 276 2802 nores
298 2749 389 2820 refert,
413 2763 479 2802 curn
501 2743 760 2817 circumloquendo
777 2743 1059 2816 describaturecho;
1082 2747 1154 2805 elio·

92 2827 153 2898 quin
173 2831 242 2887 satis
265 2839 330 2887 erat
351 2841 467 2886 resonat.
511 2829 589 2886 Nam
611 2828 662 2902 qui
685 2831 835 2886 ramwardo
856 2839 955 2886 muctam
985 2832 1153 2902 iunxerunt,

90 2925 117 2968 nt
136 2925 211 2972 esset
231 2918 333 2992 dwaps
339 2915 543 2984 eaidaballend
566 2931 661 2987 neque
673 2913 830 2970 artificium
842 2915 984 2972 orationis
996 2935 1155 2992 perspexe-

89 3011 149 3054 runt
170 3010 200 3056 et
221 2999 465 3076 significationem
489 2999 571 3055 vocis
593 2997 715 3073 fingunt
759 3001 794 3057 In
807 2999 1041 3057 Tusculanarum
1054 3003 1154 3060 codice

89 3099 126 3148 eo,
147 3103 186 3142 ex
206 3104 265 3160 quo
287 3086 381 3142 nostri
404 3085 462 3141 orti
484 3093 561 3154 sunt,
584 3082 722 3140 mendose
745 3083 886 3159 scriptum
900 3095 963 3142 erat
981 3089 1099 3158 torcamo,
1123 3099 1156 3146 ut

88 3165 129 3224 hio
160 3171 247 3245 panni
273 3170 394 3244 quidam
428 3169 555 3226 editores
583 3167 679 3244 (velut
705 3169 965 3226 Lambinianarum
994 3182 1154 3245 curatores,

88 3251 227 3312 Gruterus
242 3251 369 3333 invitus)
392 3255 581 3330 seripserunt
604 3252 639 3310 Id
662 3252 725 3309 sive
747 3254 785 3310 ed
807 3257 956 3311 resonando
967 3255 1087 3326 referas,
1112 3259 1156 3316 in·

86 3349 180 3412 eptam
191 3351 235 3398 est
248 3337 359 3420 (neque
371 3339 459 3410 enim,
483 3357 570 3414 quarn
583 3338 706 3394 multum
718 3349 837 3396 resonet
848 3359 962 3411 saxum,
979 3345 1155 3422 quaeritur),

86 3423 141 3481 sire
163 3425 200 3481 ad
215 3427 329 3500 flebilea
352 3424 493 3502 frigidum
515 3434 546 3481 et
567 3423 754 3499 superfluum.

164 3510 237 3568 litae
258 3511 401 3586 Epicur-ra
424 3507 590 3588 praecentet)
618 3506 795 3585 [Sicaniam
823 3507 873 3586 Β.]
907 3509 1000 3568 Gaius
1033 3531 1049 3570 e
1078 3513 1156 3590 Spir.

85 3595 209 3653 enoavh
226 3605 370 3671 mana.
414 3594 487 3654 cod.
509 3594 629 3670 Vintp
653 3605 707 3653 tent
727 3605 752 3650 a
773 3597 805 3651 a.
855 3594 1020 3671 significari
1037 3601 1157 3658 modici·

84 3697 161 3752 nem,
185 3699 259 3754 qnae
283 3679 406 3756 magicis
428 3680 607 3737 carminibus
628 3681 689 3750 fiet,
713 3680 885 3753 quibuscum
909 3691 978 3756 apte
1000 3693 1030 3739 et
1052 3688 1156 3743 acerbe

83 3775 286 3840 comparentur
302 3765 426 3841 Epicuri
448 3765 620 3842 magnificae
637 3783 734 3834 voees,
757 3764 905 3822 intellexit
916 3767 1155 3846 Wesenbergius,

83 3850 211 3908 adhibito
234 3851 467 3924 Varronis-loeo
489 3851 568 3927 apud
590 3851 721 3910 Nonium
744 3871 772 3924 p.
796 3850 872 3907 494:
913 3862 942 3908 at
963 3855 1072 3926 saciant
1096 3859 1156 3932 ple·

83 3957 186 4010 mepta.
208 3937 395 3992 atadlribeant
406 3939 608 4010 praeeantm'ees
629 3957 675 3994 nec
686 3937 787 3993 medico
797 3937 946 4002 ostendant,
969 3946 1031 3995 turn
1044 3939 1157 3998 Tibulli

82 4040 165 4078 rersu
185 4023 203 4080 1
209 4063 218 4094 ,
243 4021 272 4093 5,
289 4022 342 4077 12:
363 4024 480 4078 carmine
500 4041 560 4078 oum
577 4025 679 4095 mapieo
690 4024 884 4098 praecinuisset
906 4041 984 4092 anos,
1007 4033 1157 4098 postremo

81 4105 176 4164 Plinio
204 4107 244 4163 H.
272 4106 311 4163 N.
341 4107 468 4177 XXIX,
504 4107 559 4164 69:
581 4111 657 4163 aium
684 4109 802 4182 inperata
826 4126 998 4180 praecanere.
1044 4110 1155 4168 Eodem

80 4191 227 4268 pertinent
248 4195 450 4267 praenuntiatas
477 4192 645 4249 nominatae
673 4190 752 4267 apud
771 4191 909 4248 Plautum
933 4193 1074 4268 (Mil.G1.
1097 4197 1156 4267 ΠΙ,

83 4281 107 4345 1,
131 4275 185 4352 99)
221 4285 252 4332 et
280 4287 501 4351 praecantatores
528 4276 607 4352 apud
639 4275 841 4354 Augustinum
870 4286 900 4333 et
922 4285 1157 4352 praecantationes
