3034 5030
278 397 341 462 398
655 417 699 462 ns
721 416 853 464 nmmos
876 418 947 464 sos.

279 587 437 669 Quidquid
465 587 545 652 enim
572 603 592 649 s
619 585 761 665 sapiente
787 583 1009 666 proficiscitur,
1043 587 1074 650 id
1097 587 1241 651 continuo
1263 587 1364 651 debet

279 687 434 768 expletum
463 707 532 753 esse
559 687 701 752 omnibus
728 687 793 751 suis
815 687 971 768 partibus3
1004 688 1035 752 in
1059 708 1095 753 eo
1117 689 1198 754 enim
1219 689 1363 769 positum

278 795 327 854 est
347 789 388 870 id,
411 791 495 872 quod
517 789 646 854 dicimus
668 807 738 854 esse
765 790 980 870 expetendum.
1024 790 1105 854 Nam
1133 795 1168 854 ut
1192 796 1362 871 peresum

279 899 328 956 est
348 893 483 973 patriam
505 892 649 972 prodere,
671 892 957 970 parentssviolore,
978 891 1052 956 fana
1064 891 1251 973 depeculari,
1273 909 1360 973 quae

239 991 350 1057 esunt
371 993 403 1056 iu
425 993 545 1070 effectu,
568 993 613 1056 sic
633 992 752 1070 timere,
776 992 819 1057 sie
836 1011 985 1071 maerere,
1009 982 1052 1058 sic
1074 993 1106 1057 in
1133 993 1258 1058 libidine
1285 1011 1361 1057 esse

276 1101 438 1175 peccatum
471 1103 521 1160 est
547 1094 639 1158 etiam
667 1095 734 1159 sine
761 1094 879 1160 effectu.
930 1096 1046 1159 Verum
1074 1102 1110 1159 ut
1135 1095 1213 1160 haec
1239 1115 1300 1160 non
1321 1094 1360 1158 in

276 1195 412 1276 posteris
434 1203 467 1260 et
487 1196 798 1277 inconsequentibus,
822 1197 878 1261 sed
896 1197 927 1260 in
939 1197 1047 1278 primis
1059 1197 1205 1262 continuo
1227 1204 1360 1278 peccata

277 1305 358 1375 sunt,
381 1298 426 1362 sic
447 1317 493 1376 ea,
516 1296 1012 1378 quaeproficiscunturavirtute,
1035 1299 1233 1380 susceptione
1244 1299 1358 1379 prima,

276 1417 338 1462 non
360 1397 558 1479 perfectione,
581 1403 667 1462 recta
689 1405 762 1463 suut
782 1399 957 1464 iudicanda.

218 1501 259 1565 10
361 1499 399 1565 X.
428 1503 478 1566 33.
513 1501 634 1565 Bonum
661 1504 780 1578 autem,
814 1503 898 1582 quod
927 1501 957 1565 in
986 1501 1044 1566 hoc
1072 1519 1213 1566 sermone
1238 1501 1358 1566 totiens

276 1608 461 1682 usurpatum
483 1609 545 1681 est,
566 1603 599 1666 id
622 1601 715 1666 etism
737 1601 915 1668 definitione
937 1603 1116 1684 explicatur.
1162 1603 1223 1668 Sed
1246 1622 1356 1668 eorum

344 1811 366 1855 3.
383 1807 486 1870 possitus
504 1807 615 1856 atenim
633 1807 656 1854 E
692 1813 716 1858 l.
734 1805 823 1856 chlori
839 1807 881 1856 ul>
917 1812 930 1854 ⁵
959 1809 1042 1870 effecto
1060 1807 1160 1858 EMCR
1195 1807 1357 1856 6.ια1ιι“οΕ

276 1877 297 1922 8.
315 1873 363 1923 sim
382 1876 399 1924 l.
435 1879 457 1924 9.
476 1883 537 1924 recte
557 1874 673 1925 tPMcR
712 1879 747 1924 ll.
767 1875 895 1940 replicetur
913 1875 1033 1926 tPMclt

273 2063 368 2121 Beata
390 2082 415 2121 c.
440 2065 468 2122 7.
512 2065 654 2123 Extremo
683 2065 779 2142 capite
808 2084 910 2123 omnes
939 2065 1100 2123 deteriores
1128 2061 1222 2146 (Oxx.
1246 2059 1355 2140 Εὓξχ)

273 2159 416 2206 restruunt
437 2151 597 2220 iudicandc3
620 2151 687 2224 quis
709 2149 821 2226 primus
844 2149 1017 2224 emendarit,
1046 2151 1160 2220 nescio;
1183 2148 1271 2228 (rectu
1292 2151 1356 2208 iam

273 2233 374 2304 Mars,
398 2233 502 2292 Crat.

359 2319 432 2394 Cap.
454 2229 495 2391 X),
516 2319 564 2376 33.
587 2321 695 2378 Bonam
708 2331 796 2376 cutem
808 2353 848 2362 ο
861 2317 1025 2398 replicatur)
1048 2320 1099 2379 Sic
1110 2317 1179 2396 (pro
1190 2319 1356 2395 ccplr'cetur)

274 2405 363 2460 etiarn
375 2404 441 2462 Pal.
457 2408 470 2460 l
485 2413 516 2462 et
532 2403 610 2480 Spir.
622 2403 678 2482 [B]
697 2406 885 2479 restituitque
899 2415 967 2481 post
983 2405 1039 2464 Th.
1051 2405 1219 2462 Bentleium
1242 2404 1355 2476 Gaius;

273 2499 375 2546 namet
396 2488 482 2562 Cato,
505 2489 575 2564 quid
598 2490 661 2548 fieri
683 2490 762 2565 apud
785 2491 901 2550 Stoicos
923 2492 1027 2560 soleat,
1049 2499 1083 2547 ut
1100 2491 1185 2561 §502
1218 2491 1359 2565 Deinceps

273 2577 425 2650 replicatur
446 2577 596 2650 dejsmurtia
618 2595 715 2632 rerum.
759 2576 805 2633 Eo
828 2576 924 2633 minus
947 2574 1118 2634 offensionis
1140 2575 1239 2645 habet,
1262 2575 1355 2649 quod,

272 2668 423 2734 tamquam
448 2659 564 2719 Stoicos
587 2661 759 2736 appellarit,
794 2661 902 2718 subicit
929 2681 1034 2731 eonem,
1062 2661 1092 2717 in
1115 2679 1174 2734 quo
1197 2659 1356 2717 Ernestius

273 2745 424 2814 haerebat,
447 2745 498 2802 alii
521 2753 620 2802 sutem
643 2746 685 2802 ita
707 2765 738 2804 se
761 2747 932 2822 expediunt,
956 2754 990 2804 ut
1005 2746 1235 2821 hocpronomen
1248 2745 1356 2802 eodem

273 2830 360 2886 modo
383 2830 454 2906 poni
471 2838 585 2905 putent,
609 2839 697 2905 atque
720 2833 773 2901 illi,
797 2851 855 2906 quo
879 2833 996 2907 saepius
1019 2831 1094 2890 Cato
1116 2831 1146 2887 in
1170 2829 1278 2890 Stoicis
1301 2830 1357 2886 de-

273 2915 472 2972 monstrandis
484 2916 585 2972 utitur.
609 2916 685 2973 Mire
697 2917 753 2973 hoc
765 2917 881 2974 demum
893 2916 968 2984 loco,
992 2916 1152 2973 constituto
1164 2915 1223 2972 iem
1235 2909 1370 2972 summo'

272 2999 350 3056 bono
373 3009 403 3056 et
424 3000 638 3069 demonstrato,
667 3001 742 3059 nihil
764 3019 828 3058 esse
852 3003 975 3072 bonum,
1008 3001 1066 3058 nisi
1094 3000 1172 3074 quod
1194 3001 1355 3057 honestum

273 3085 320 3156 sit,
344 3085 409 3160 ipsa
432 3086 502 3142 boni
519 3085 601 3143 notio
624 3086 780 3161 attingitur
802 3087 917 3144 eteius
939 3086 1032 3162 origo.
1068 3085 1137 3156 Sed,
1160 3093 1194 3142 ut
1215 3086 1253 3142 ad
1274 3085 1355 3155 HA

271 3170 330 3227 iarn
349 3170 421 3238 dixi,
444 3171 503 3246 ipsi
526 3169 619 3242 Stoici
642 3171 710 3227 huic
733 3171 846 3229 notioni
873 3191 892 3228 a
913 3172 1010 3247 prima
1036 3171 1150 3247 origine
1171 3170 1356 3245 repetendae

272 3265 302 3311 et
324 3256 546 3312 constituendae
568 3256 721 3326 minorem,
744 3275 833 3330 quarn
856 3257 1011 3326 debebant,
1034 3274 1155 3333 operam
1171 3255 1356 3330 impendisse

271 3341 409 3397 videntur
431 3358 485 3398 nec
507 3341 570 3398 eius
592 3342 853 3417 pertractationem
874 3343 905 3399 in
927 3341 1018 3398 totius
1035 3341 1207 3416 disciplinae
1220 3340 1356 3414 descrip-

272 3426 352 3482 tione
375 3426 535 3501 praecipuo
558 3426 623 3483 loco
645 3427 789 3502 posuisse.
833 3428 938 3502 Itaque
960 3445 1020 3483 non
1043 3427 1114 3483 satis
1136 3426 1166 3482 id
1189 3443 1355 3499 conseque-

271 3511 393 3580 bantur,
416 3529 476 3586 quo
498 3511 565 3587 ipss
586 3512 659 3568 haec
682 3513 842 3588 explicatio
865 3512 1007 3589 (maxime
1036 3516 1051 3581 §
1076 3510 1130 3584 34)
1153 3518 1282 3584 spectat,
1317 3519 1357 3566 ut

270 3596 427 3670 perspicue
449 3597 653 3666 ostenderent,
676 3597 796 3668 bonum,
820 3597 898 3672 quod
917 3597 1012 3653 ethice
1025 3596 1180 3666 diceretur,
1204 3593 1281 3669 quod
1304 3595 1355 3652 illi

271 3680 365 3737 solum
389 3681 498 3738 bonum
520 3682 725 3757 appellabant,
758 3683 905 3756 quomodo
927 3682 965 3738 ab
986 3681 1039 3738 illo
1062 3682 1154 3751 bono,
1189 3679 1267 3754 quod
1289 3679 1356 3738 alio

271 3766 358 3822 modo
382 3766 538 3837 diceretur,
562 3765 694 3824 differret
706 3776 736 3823 et
752 3785 811 3841 qua
832 3775 966 3843 exparte
979 3785 1043 3822 curn
1055 3766 1108 3824 illo
1120 3765 1355 3824 consociaretur.

270 3850 318 3908 Ex
341 3849 562 3908 definitionibus
585 3861 684 3908 eutem
706 3852 776 3909 boni
800 3852 923 3928 Stoicis,
957 3869 1033 3926 quac
1056 3859 1247 3909 conservatae
1270 3859 1355 3922 sunt,

270 3935 347 3991 alise
370 3945 484 3993 tantum
507 3936 594 3994 huius
605 3936 734 3994 notionis
746 3955 812 3994 cum
831 3939 892 3994 slis
902 3956 961 3995 non
973 3937 1067 4012 magis
1078 3936 1227 4012 explicata
1238 3953 1353 3992 nexum

271 4019 445 4096 significant,
469 4029 502 4077 ut
524 4021 759 4083 illscommunis.
784 4013 902 4097 ἀγαθὸν
922 4016 996 4078 εἶναι
1009 4013 1153 4095 desterno
1176 4006 1193 4093 ἢ
1216 4011 1269 4093 οὐχ
1290 4011 1355 4075 ire-

271 4122 323 4177 ρον
346 4096 491 4177 ὠφελείας
513 4105 611 4182 (Sext.
634 4107 720 4183 Emp.
742 4108 848 4184 Pyrrh.
872 4109 983 4182 Hypot.
1005 4107 1063 4177 111,
1092 4106 1165 4173 169,
1188 4105 1255 4161 adv.
1277 4103 1354 4160 Eth.

272 4188 321 4257 22,
346 4189 433 4264 Diog.
457 4192 528 4263 VII,
554 4193 622 4270 94),
657 4194 733 4250 aliae
762 4203 876 4250 tanturn
910 4193 1079 4249 adiunctum
1108 4190 1246 4264 quiddam
1278 4189 1357 4247 huic

270 4273 393 4344 notioni,
417 4283 447 4331 et
457 4279 536 4349 quod
559 4295 741 4352 consequens
753 4279 800 4347 sit,
824 4278 1002 4354 exprimunt,
1024 4285 1058 4333 ut
1074 4276 1152 4348 illae,
1175 4293 1250 4349 quae
1267 4275 1356 4349 apud

271 4356 354 4414 Sext
381 4359 494 4435 Empir.
521 4363 673 4437 Hypotyp.
701 4364 765 4424 ΠΙ,
804 4365 862 4420 172
891 4373 921 4420 ot
948 4363 1014 4418 adv.
1041 4361 1110 4418 Eth.
1135 4361 1175 4416 30
1197 4369 1358 4435 ponuntur·
