<?xml version="1.0" encoding="UTF-8"?>
<!DOCTYPE html PUBLIC "-//W3C//DTD XHTML 1.0 Transitional//EN"
    "http://www.w3.org/TR/xhtml1/DTD/xhtml1-transitional.dtd">
<html xmlns="http://www.w3.org/1999/xhtml" xml:lang="en" lang="en">
 <head>
  <title>
</title>
<meta http-equiv="Content-Type" content="text/html;charset=utf-8" />
  <meta name='ocr-system' content='tesseract 3.04.00' />
  <meta name='ocr-capabilities' content='ocr_page ocr_carea ocr_par ocr_line ocrx_word'/>
</head>
<body>
  <div class='ocr_page' id='page_1' title='image "./definibusbonoru04cicegoog_0341.png"; bbox 0 0 2956 5028; ppageno 0'>
   <div class='ocr_carea' id='block_1_1' title="bbox 413 305 1170 372">
    <p class='ocr_par' dir='ltr' id='par_1_1' title="bbox 413 305 1170 372">
     <span class='ocr_line' id='line_1_1' title="bbox 413 305 1170 372; baseline 0 -2"><span class='ocrx_word' id='word_1_1' title='bbox 413 325 456 371; x_wconf 82' lang='lat' dir='ltr'><strong>nr</strong></span> <span class='ocrx_word' id='word_1_2' title='bbox 480 325 561 372; x_wconf 79' lang='lat' dir='ltr'><strong>unu.</strong></span> <span class='ocrx_word' id='word_1_3' title='bbox 575 324 638 371; x_wconf 84' lang='lat' dir='ltr'><strong>nm.</strong></span> <span class='ocrx_word' id='word_1_4' title='bbox 656 323 679 370; x_wconf 92' lang='grc' dir='ltr'><strong>ιι</strong></span> <span class='ocrx_word' id='word_1_5' title='bbox 702 324 775 371; x_wconf 75' lang='lat' dir='ltr'><strong>cnr.</strong></span> <span class='ocrx_word' id='word_1_6' title='bbox 794 327 835 372; x_wconf 78' lang='lat' dir='ltr'><strong>nt.</strong></span> <span class='ocrx_word' id='word_1_7' title='bbox 1106 305 1170 370; x_wconf 70' lang='lat'><strong>263</strong></span> 
     </span>
    </p>
   </div>
   <div class='ocr_carea' id='block_1_2' title="bbox 119 491 1172 574">
    <p class='ocr_par' dir='ltr' id='par_1_2' title="bbox 119 491 1172 574">
     <span class='ocr_line' id='line_1_2' title="bbox 119 491 1172 574; baseline 0.004 -22"><span class='ocrx_word' id='word_1_8' title='bbox 119 491 174 567; x_wconf 83' lang='lat' dir='ltr'><strong>sit,</strong></span> <span class='ocrx_word' id='word_1_9' title='bbox 190 509 264 571; x_wconf 79' lang='lat' dir='ltr'><strong>quum</strong></span> <span class='ocrx_word' id='word_1_10' title='bbox 283 509 363 570; x_wconf 79' lang='lat' dir='ltr'><strong>esse,</strong></span> <span class='ocrx_word' id='word_1_11' title='bbox 393 497 428 556; x_wconf 86' lang='lat' dir='ltr'><strong>ut</strong></span> <span class='ocrx_word' id='word_1_12' title='bbox 451 511 512 557; x_wconf 93' lang='lat' dir='ltr'><strong>non</strong></span> <span class='ocrx_word' id='word_1_13' title='bbox 534 499 669 573; x_wconf 85' lang='lat' dir='ltr'><strong>putetur.</strong></span> <span class='ocrx_word' id='word_1_14' title='bbox 714 492 777 570; x_wconf 81' lang='lat' dir='ltr'><strong>Ita,</strong></span> <span class='ocrx_word' id='word_1_15' title='bbox 805 492 890 574; x_wconf 91' lang='lat' dir='ltr'><strong>quod</strong></span> <span class='ocrx_word' id='word_1_16' title='bbox 917 491 937 572; x_wconf 95' lang='lat'>†</span> <span class='ocrx_word' id='word_1_17' title='bbox 964 491 1172 557; x_wconf 85' lang='lat' dir='ltr'><strong>certissimum</strong></span> 
     </span>
    </p>
   </div>
   <div class='ocr_carea' id='block_1_3' title="bbox 188 694 543 760">
    <p class='ocr_par' dir='ltr' id='par_1_3' title="bbox 188 694 543 760">
     <span class='ocr_line' id='line_1_3' title="bbox 188 694 543 760; baseline 0.014 -20"><span class='ocrx_word' id='word_1_18' title='bbox 188 698 203 742; x_wconf 90' lang='grc'>1.</span> <span class='ocrx_word' id='word_1_19' title='bbox 218 695 288 758; x_wconf 74' lang='lat' dir='ltr'><strong>ioque</strong></span> <span class='ocrx_word' id='word_1_20' title='bbox 303 699 356 760; x_wconf 85' lang='lat' dir='ltr'><strong>(pro</strong></span> <span class='ocrx_word' id='word_1_21' title='bbox 374 695 410 744; x_wconf 74' lang='lat' dir='ltr'><strong>ira</strong></span> <span class='ocrx_word' id='word_1_22' title='bbox 427 694 502 758; x_wconf 60' lang='lat' dir='ltr'><strong>qnod.</strong></span> <span class='ocrx_word' id='word_1_23' title='bbox 521 695 543 745; x_wconf 87' lang='lat' dir='ltr'>R</span> 
     </span>
    </p>
   </div>
   <div class='ocr_carea' id='block_1_4' title="bbox 101 866 1172 4343">
    <p class='ocr_par' dir='ltr' id='par_1_4' title="bbox 112 866 1172 1368">
     <span class='ocr_line' id='line_1_4' title="bbox 112 866 1171 945; baseline 0.003 -23"><span class='ocrx_word' id='word_1_24' title='bbox 112 869 227 940; x_wconf 55' lang='lat' dir='ltr'><strong>fumum</strong></span> <span class='ocrx_word' id='word_1_25' title='bbox 246 879 292 925; x_wconf 80' lang='lat' dir='ltr'><strong>eut</strong></span> <span class='ocrx_word' id='word_1_26' title='bbox 312 867 469 926; x_wconf 83' lang='lat' dir='ltr'><strong>durissima</strong></span> <span class='ocrx_word' id='word_1_27' title='bbox 491 867 691 945; x_wconf 75' lang='lat' dir='ltr'><strong>hysterologia</strong></span> <span class='ocrx_word' id='word_1_28' title='bbox 713 875 759 925; x_wconf 87' lang='lat' dir='ltr'><strong>est</strong></span> <span class='ocrx_word' id='word_1_29' title='bbox 780 875 832 923; x_wconf 83' lang='lat' dir='ltr'><strong>cut</strong></span> <span class='ocrx_word' id='word_1_30' title='bbox 849 866 994 942; x_wconf 83' lang='lat' dir='ltr'><strong>scripture</strong></span> <span class='ocrx_word' id='word_1_31' title='bbox 1017 867 1171 936; x_wconf 84' lang='lat' dir='ltr'><strong>mendosa;</strong></span> 
     </span>
     <span class='ocr_line' id='line_1_5' title="bbox 116 949 1172 1029; baseline 0.003 -24"><span class='ocrx_word' id='word_1_32' title='bbox 116 969 182 1006; x_wconf 76' lang='lat' dir='ltr'><strong>nem</strong></span> <span class='ocrx_word' id='word_1_33' title='bbox 200 952 363 1021; x_wconf 76' lang='lat' dir='ltr'>obtinemus,</span> <span class='ocrx_word' id='word_1_34' title='bbox 398 953 477 1026; x_wconf 86' lang='lat' dir='ltr'>qnod</span> <span class='ocrx_word' id='word_1_35' title='bbox 506 952 565 1009; x_wconf 83' lang='lat' dir='ltr'><strong>iam</strong></span> <span class='ocrx_word' id='word_1_36' title='bbox 587 952 687 1027; x_wconf 80' lang='lat' dir='ltr'><strong>adepti</strong></span> <span class='ocrx_word' id='word_1_37' title='bbox 708 949 838 1029; x_wconf 75' lang='lat' dir='ltr'><strong>sumus),</strong></span> <span class='ocrx_word' id='word_1_38' title='bbox 863 984 903 993; x_wconf 94' lang='lat'>—</span> <span class='ocrx_word' id='word_1_39' title='bbox 927 967 993 1008; x_wconf 91' lang='lat' dir='ltr'><strong>cum</strong></span> <span class='ocrx_word' id='word_1_40' title='bbox 1016 951 1107 1028; x_wconf 85' lang='lat' dir='ltr'><strong>igitur</strong></span> <span class='ocrx_word' id='word_1_41' title='bbox 1130 951 1172 1009; x_wconf 87' lang='lat' dir='ltr'><strong>sic</strong></span> 
     </span>
     <span class='ocr_line' id='line_1_6' title="bbox 116 1034 1172 1112; baseline 0.004 -22"><span class='ocrx_word' id='word_1_42' title='bbox 116 1035 245 1110; x_wconf 70' lang='lat' dir='ltr'><strong>nec-iperet</strong></span> <span class='ocrx_word' id='word_1_43' title='bbox 264 1047 290 1094; x_wconf 85' lang='lat' dir='ltr'><strong>et</strong></span> <span class='ocrx_word' id='word_1_44' title='bbox 305 1037 433 1096; x_wconf 78' lang='lat' dir='ltr'><strong>fortasse</strong></span> <span class='ocrx_word' id='word_1_45' title='bbox 456 1037 514 1095; x_wconf 82' lang='lat' dir='ltr'><strong>ium</strong></span> <span class='ocrx_word' id='word_1_46' title='bbox 532 1037 673 1112; x_wconf 85' lang='lat' dir='ltr'><strong>scriptum</strong></span> <span class='ocrx_word' id='word_1_47' title='bbox 689 1037 835 1112; x_wconf 84' lang='lat' dir='ltr'><strong>reperiret</strong></span> <span class='ocrx_word' id='word_1_48' title='bbox 861 1037 1025 1111; x_wconf 79' lang='lat' dir='ltr'><strong><em>quidquam,</em></strong></span> <span class='ocrx_word' id='word_1_49' title='bbox 1060 1034 1172 1094; x_wconf 85' lang='lat' dir='ltr'><strong>effecit:</strong></span> 
     </span>
     <span class='ocr_line' id='line_1_7' title="bbox 115 1116 1171 1203; baseline 0.005 -28"><span class='ocrx_word' id='word_1_50' title='bbox 115 1123 170 1176; x_wconf 76' lang='lat' dir='ltr'><strong>n&#39;re</strong></span> <span class='ocrx_word' id='word_1_51' title='bbox 195 1123 273 1196; x_wconf 74' lang='lat' dir='ltr'><strong>opidru</strong></span> <span class='ocrx_word' id='word_1_52' title='bbox 308 1125 396 1180; x_wconf 67' lang='lat' dir='ltr'><strong>neuun</strong></span> <span class='ocrx_word' id='word_1_53' title='bbox 428 1124 580 1197; x_wconf 57' lang='lat' dir='ltr'><strong>quaquam</strong></span> <span class='ocrx_word' id='word_1_54' title='bbox 607 1118 763 1203; x_wconf 83' lang='lat' dir='ltr'><strong>(qm&#39;dpiam</strong></span> <span class='ocrx_word' id='word_1_55' title='bbox 791 1139 856 1180; x_wconf 88' lang='lat' dir='ltr'><strong>esse</strong></span> <span class='ocrx_word' id='word_1_56' title='bbox 889 1116 1032 1200; x_wconf 77' lang='lat' dir='ltr'>debebat)</span> <span class='ocrx_word' id='word_1_57' title='bbox 1059 1124 1171 1195; x_wconf 58' lang='lat' dir='ltr'><strong>fecerim</strong></span> 
     </span>
     <span class='ocr_line' id='line_1_8' title="bbox 113 1201 1172 1288; baseline 0.004 -28"><span class='ocrx_word' id='word_1_58' title='bbox 113 1215 222 1279; x_wconf 70' lang='lat' dir='ltr'><strong>certeque</strong></span> <span class='ocrx_word' id='word_1_59' title='bbox 246 1209 331 1264; x_wconf 77' lang='lat' dir='ltr'><strong>mallet</strong></span> <span class='ocrx_word' id='word_1_60' title='bbox 357 1205 467 1286; x_wconf 77' lang='lat' dir='ltr'><strong>(malet)</strong></span> <span class='ocrx_word' id='word_1_61' title='bbox 498 1209 614 1264; x_wconf 68' lang='lat' dir='ltr'><strong>oduntem</strong></span> <span class='ocrx_word' id='word_1_62' title='bbox 646 1210 797 1266; x_wconf 61' lang='lat' dir='ltr'><strong>memnon</strong></span> <span class='ocrx_word' id='word_1_63' title='bbox 822 1201 865 1288; x_wconf 90' lang='lat' dir='ltr'><strong>(h.</strong></span> <span class='ocrx_word' id='word_1_64' title='bbox 893 1225 919 1264; x_wconf 89' lang='lat' dir='ltr'><strong>e.</strong></span> <span class='ocrx_word' id='word_1_65' title='bbox 948 1207 1103 1281; x_wconf 72' lang='lat' dir='ltr'>consequi,</span> <span class='ocrx_word' id='word_1_66' title='bbox 1139 1217 1172 1264; x_wconf 86' lang='lat' dir='ltr'><strong>nt</strong></span> 
     </span>
     <span class='ocr_line' id='line_1_9' title="bbox 114 1289 369 1368; baseline 0.012 -24"><span class='ocrx_word' id='word_1_67' title='bbox 114 1289 291 1368; x_wconf 69' lang='lat' dir='ltr'>existimetur)</span> <span class='ocrx_word' id='word_1_68' title='bbox 314 1303 369 1350; x_wconf 90' lang='lat' dir='ltr'><strong>cet.</strong></span> 
     </span>
    </p>

    <p class='ocr_par' dir='ltr' id='par_1_5' title="bbox 102 1372 1171 4007">
     <span class='ocr_line' id='line_1_10' title="bbox 194 1372 1170 1456; baseline 0.001 -25"><span class='ocrx_word' id='word_1_69' title='bbox 194 1379 228 1431; x_wconf 73' lang='lat' dir='ltr'><strong>cir</strong></span> <span class='ocrx_word' id='word_1_70' title='bbox 247 1377 339 1452; x_wconf 69' lang='grc' dir='ltr'><strong>ὁοιιιιε)</strong></span> <span class='ocrx_word' id='word_1_71' title='bbox 362 1377 413 1436; x_wconf 85' lang='lat' dir='ltr'><strong>Sic</strong></span> <span class='ocrx_word' id='word_1_72' title='bbox 426 1377 514 1433; x_wconf 81' lang='lat' dir='ltr'><strong>etiem</strong></span> <span class='ocrx_word' id='word_1_73' title='bbox 527 1375 605 1452; x_wconf 89' lang='lat' dir='ltr'><strong>Spir.</strong></span> <span class='ocrx_word' id='word_1_74' title='bbox 622 1372 686 1456; x_wconf 83' lang='lat' dir='ltr'>[B]‚</span> <span class='ocrx_word' id='word_1_75' title='bbox 708 1385 742 1432; x_wconf 81' lang='lat' dir='ltr'><strong>nt</strong></span> <span class='ocrx_word' id='word_1_76' title='bbox 753 1376 829 1433; x_wconf 88' lang='lat' dir='ltr'><strong>solet</strong></span> <span class='ocrx_word' id='word_1_77' title='bbox 839 1374 902 1434; x_wconf 88' lang='lat' dir='ltr'><strong>fere</strong></span> <span class='ocrx_word' id='word_1_78' title='bbox 915 1373 1019 1434; x_wconf 86' lang='lat' dir='ltr'><strong>Cicero</strong></span> <span class='ocrx_word' id='word_1_79' title='bbox 1042 1373 1170 1433; x_wconf 87' lang='lat' dir='ltr'><strong>scribere</strong></span> 
     </span>
     <span class='ocr_line' id='line_1_11' title="bbox 112 1458 1170 1538; baseline 0.005 -25"><span class='ocrx_word' id='word_1_80' title='bbox 112 1458 168 1514; x_wconf 87' lang='lat' dir='ltr'><strong>hcc</strong></span> <span class='ocrx_word' id='word_1_81' title='bbox 185 1479 252 1523; x_wconf 73' lang='lat' dir='ltr'><strong>cusu.</strong></span> <span class='ocrx_word' id='word_1_82' title='bbox 273 1461 444 1538; x_wconf 75' lang='lat' dir='ltr'><strong>praeposito</strong></span> <span class='ocrx_word' id='word_1_83' title='bbox 466 1461 684 1538; x_wconf 81' lang='lat' dir='ltr'><strong>monosyllub03</strong></span> <span class='ocrx_word' id='word_1_84' title='bbox 707 1461 758 1518; x_wconf 85' lang='lat' dir='ltr'><strong>sed</strong></span> <span class='ocrx_word' id='word_1_85' title='bbox 786 1469 884 1518; x_wconf 80' lang='lat' dir='ltr'><strong>tumen</strong></span> <span class='ocrx_word' id='word_1_86' title='bbox 912 1461 995 1518; x_wconf 84' lang='lat' dir='ltr'><strong>bonus</strong></span> <span class='ocrx_word' id='word_1_87' title='bbox 1017 1463 1059 1517; x_wconf 86' lang='lat' dir='ltr'><strong>uir</strong></span> <span class='ocrx_word' id='word_1_88' title='bbox 1081 1465 1096 1530; x_wconf 70' lang='grc' dir='ltr'><strong><em>ς</em></strong></span> <span class='ocrx_word' id='word_1_89' title='bbox 1120 1461 1170 1534; x_wconf 89' lang='grc'>81,</span> 
     </span>
     <span class='ocr_line' id='line_1_12' title="bbox 112 1542 1171 1616; baseline 0.002 -16"><span class='ocrx_word' id='word_1_90' title='bbox 112 1542 170 1600; x_wconf 70' lang='lat' dir='ltr'><strong>Offi</strong></span> <span class='ocrx_word' id='word_1_91' title='bbox 186 1545 236 1616; x_wconf 70' lang='lat'>111,</span> <span class='ocrx_word' id='word_1_92' title='bbox 257 1548 305 1603; x_wconf 80' lang='lat'><strong>76.</strong></span> <span class='ocrx_word' id='word_1_93' title='bbox 348 1548 418 1604; x_wconf 79' lang='lat' dir='ltr'><strong>Bes.</strong></span> <span class='ocrx_word' id='word_1_94' title='bbox 441 1545 595 1604; x_wconf 79' lang='lat' dir='ltr'><strong>omittebat</strong></span> <span class='ocrx_word' id='word_1_95' title='bbox 616 1549 666 1603; x_wconf 83' lang='lat' dir='ltr'><strong>uir.</strong></span> <span class='ocrx_word' id='word_1_96' title='bbox 711 1545 827 1603; x_wconf 84' lang='lat' dir='ltr'><strong>Deinde</strong></span> <span class='ocrx_word' id='word_1_97' title='bbox 849 1545 880 1602; x_wconf 94' lang='lat' dir='ltr'><strong>in</strong></span> <span class='ocrx_word' id='word_1_98' title='bbox 902 1545 1001 1603; x_wconf 85' lang='lat' dir='ltr'><strong>verbis</strong></span> <span class='ocrx_word' id='word_1_99' title='bbox 1023 1556 1119 1602; x_wconf 82' lang='lat' dir='ltr'><strong>utnon</strong></span> <span class='ocrx_word' id='word_1_100' title='bbox 1136 1549 1171 1603; x_wconf 81' lang='lat' dir='ltr'><strong>sit</strong></span> 
     </span>
     <span class='ocr_line' id='line_1_13' title="bbox 111 1629 1170 1707; baseline 0.004 -23"><span class='ocrx_word' id='word_1_101' title='bbox 111 1639 140 1684; x_wconf 87' lang='lat' dir='ltr'><strong>et</strong></span> <span class='ocrx_word' id='word_1_102' title='bbox 161 1641 187 1685; x_wconf 86' lang='lat' dir='ltr'><strong>ut</strong></span> <span class='ocrx_word' id='word_1_103' title='bbox 203 1651 248 1688; x_wconf 81' lang='lat' dir='ltr'><strong>uon</strong></span> <span class='ocrx_word' id='word_1_104' title='bbox 264 1641 376 1707; x_wconf 65' lang='lat' dir='ltr'><strong>protono</strong></span> <span class='ocrx_word' id='word_1_105' title='bbox 396 1630 491 1690; x_wconf 86' lang='lat' dir='ltr'><strong>Gzius</strong></span> <span class='ocrx_word' id='word_1_106' title='bbox 518 1639 548 1687; x_wconf 86' lang='lat' dir='ltr'><strong>et</strong></span> <span class='ocrx_word' id='word_1_107' title='bbox 575 1629 648 1690; x_wconf 87' lang='lat' dir='ltr'><strong>Otto</strong></span> <span class='ocrx_word' id='word_1_108' title='bbox 676 1641 705 1688; x_wconf 83' lang='lat' dir='ltr'><strong>ut</strong></span> <span class='ocrx_word' id='word_1_109' title='bbox 731 1649 786 1706; x_wconf 88' lang='lat' dir='ltr'><strong>pro</strong></span> <span class='ocrx_word' id='word_1_110' title='bbox 814 1631 873 1688; x_wconf 70' lang='lat' dir='ltr'><strong>hcet</strong></span> <span class='ocrx_word' id='word_1_111' title='bbox 899 1631 1028 1706; x_wconf 86' lang='lat' dir='ltr'><strong>positum</strong></span> <span class='ocrx_word' id='word_1_112' title='bbox 1056 1639 1170 1707; x_wconf 79' lang='lat' dir='ltr'><strong>putent.</strong></span> 
     </span>
     <span class='ocr_line' id='line_1_14' title="bbox 110 1712 1171 1792; baseline 0.002 -22"><span class='ocrx_word' id='word_1_113' title='bbox 110 1712 234 1772; x_wconf 63' lang='lat' dir='ltr'><strong>uaniora</strong></span> <span class='ocrx_word' id='word_1_114' title='bbox 253 1717 414 1792; x_wconf 86' lang='lat' dir='ltr'><strong>prudenter</strong></span> <span class='ocrx_word' id='word_1_115' title='bbox 435 1725 464 1773; x_wconf 89' lang='lat' dir='ltr'><strong>et</strong></span> <span class='ocrx_word' id='word_1_116' title='bbox 486 1715 599 1773; x_wconf 80' lang='lat' dir='ltr'><strong>erudite</strong></span> <span class='ocrx_word' id='word_1_117' title='bbox 611 1715 711 1773; x_wconf 90' lang='lat' dir='ltr'><strong>docuit</strong></span> <span class='ocrx_word' id='word_1_118' title='bbox 721 1714 952 1792; x_wconf 79' lang='lat' dir='ltr'><strong>Wesenbergius</strong></span> <span class='ocrx_word' id='word_1_119' title='bbox 974 1715 1004 1772; x_wconf 90' lang='lat' dir='ltr'><strong>in</strong></span> <span class='ocrx_word' id='word_1_120' title='bbox 1016 1716 1128 1773; x_wconf 85' lang='lat' dir='ltr'><strong>Annot.</strong></span> <span class='ocrx_word' id='word_1_121' title='bbox 1140 1715 1171 1772; x_wconf 90' lang='lat' dir='ltr'><strong>in</strong></span> 
     </span>
     <span class='ocr_line' id='line_1_15' title="bbox 111 1795 1170 1882; baseline 0.003 -28"><span class='ocrx_word' id='word_1_122' title='bbox 111 1795 172 1855; x_wconf 76' lang='lat' dir='ltr'><strong>cie.</strong></span> <span class='ocrx_word' id='word_1_123' title='bbox 193 1800 274 1858; x_wconf 87' lang='lat' dir='ltr'><strong>Tusc.</strong></span> <span class='ocrx_word' id='word_1_124' title='bbox 300 1801 461 1877; x_wconf 80' lang='lat' dir='ltr'><strong>specimine</strong></span> <span class='ocrx_word' id='word_1_125' title='bbox 489 1801 583 1876; x_wconf 88' lang='lat' dir='ltr'><strong>primo</strong></span> <span class='ocrx_word' id='word_1_126' title='bbox 611 1799 753 1882; x_wconf 80' lang='lat' dir='ltr'><strong>(Viburgi</strong></span> <span class='ocrx_word' id='word_1_127' title='bbox 779 1795 877 1879; x_wconf 85' lang='grc'>1830)</span> <span class='ocrx_word' id='word_1_128' title='bbox 900 1819 928 1875; x_wconf 87' lang='lat' dir='ltr'><strong>p.</strong></span> <span class='ocrx_word' id='word_1_129' title='bbox 957 1801 997 1857; x_wconf 80' lang='lat'><strong>24</strong></span> <span class='ocrx_word' id='word_1_130' title='bbox 1020 1819 1084 1874; x_wconf 85' lang='lat' dir='ltr'>sqq.</span> <span class='ocrx_word' id='word_1_131' title='bbox 1129 1801 1170 1860; x_wconf 78' lang='lat' dir='ltr'><strong>L&#39;t</strong></span> 
     </span>
     <span class='ocr_line' id='line_1_16' title="bbox 109 1883 1169 1962; baseline 0.003 -24"><span class='ocrx_word' id='word_1_132' title='bbox 109 1883 190 1951; x_wconf 79' lang='lat' dir='ltr'><strong>enim</strong></span> <span class='ocrx_word' id='word_1_133' title='bbox 209 1903 269 1943; x_wconf 85' lang='lat' dir='ltr'><strong>cnm</strong></span> <span class='ocrx_word' id='word_1_134' title='bbox 291 1887 333 1944; x_wconf 90' lang='lat' dir='ltr'><strong>sic</strong></span> <span class='ocrx_word' id='word_1_135' title='bbox 356 1885 464 1943; x_wconf 77' lang='lat' dir='ltr'><strong>dIcitur</strong></span> <span class='ocrx_word' id='word_1_136' title='bbox 485 1885 536 1962; x_wconf 89' lang='lat' dir='ltr'><strong>(de</strong></span> <span class='ocrx_word' id='word_1_137' title='bbox 557 1886 628 1961; x_wconf 89' lang='lat' dir='ltr'><strong>imp.</strong></span> <span class='ocrx_word' id='word_1_138' title='bbox 650 1885 755 1961; x_wconf 92' lang='lat' dir='ltr'><strong>Pomp.</strong></span> <span class='ocrx_word' id='word_1_139' title='bbox 782 1884 848 1961; x_wconf 83' lang='lat'>19):</span> <span class='ocrx_word' id='word_1_140' title='bbox 871 1885 962 1942; x_wconf 80' lang='lat' dir='ltr'><strong>Rucre</strong></span> <span class='ocrx_word' id='word_1_141' title='bbox 982 1887 1030 1942; x_wconf 79' lang='lat' dir='ltr'><strong>illo</strong></span> <span class='ocrx_word' id='word_1_142' title='bbox 1046 1904 1169 1960; x_wconf 68' lang='lat' dir='ltr'><strong>scirpos·</strong></span> 
     </span>
     <span class='ocr_line' id='line_1_17' title="bbox 109 1970 1170 2045; baseline 0.004 -21"><span class='ocrx_word' id='word_1_143' title='bbox 109 1979 180 2038; x_wconf 70' lang='lat' dir='ltr'><strong>emt,</strong></span> <span class='ocrx_word' id='word_1_144' title='bbox 208 1981 234 2027; x_wconf 84' lang='lat' dir='ltr'><strong>ut</strong></span> <span class='ocrx_word' id='word_1_145' title='bbox 259 1972 322 2029; x_wconf 80' lang='lat' dir='ltr'><strong>haec</strong></span> <span class='ocrx_word' id='word_1_146' title='bbox 349 1991 400 2028; x_wconf 83' lang='lat' dir='ltr'><strong>nou</strong></span> <span class='ocrx_word' id='word_1_147' title='bbox 428 1972 518 2028; x_wconf 81' lang='lat' dir='ltr'><strong>eodem</strong></span> <span class='ocrx_word' id='word_1_148' title='bbox 540 1972 674 2045; x_wconf 63' lang='lat' dir='ltr'><strong>indefecta</strong></span> <span class='ocrx_word' id='word_1_149' title='bbox 695 1981 766 2028; x_wconf 84' lang='lat' dir='ltr'><strong>moto</strong></span> <span class='ocrx_word' id='word_1_150' title='bbox 788 1972 942 2040; x_wconf 72' lang='lat' dir='ltr'><strong>concidunt,</strong></span> <span class='ocrx_word' id='word_1_151' title='bbox 971 1988 1057 2028; x_wconf 89' lang='lat' dir='ltr'><strong>nemo</strong></span> <span class='ocrx_word' id='word_1_152' title='bbox 1085 1970 1170 2028; x_wconf 90' lang='lat' dir='ltr'><strong>dubi·</strong></span> 
     </span>
     <span class='ocr_line' id='line_1_18' title="bbox 111 2051 1171 2137; baseline 0.005 -30"><span class='ocrx_word' id='word_1_153' title='bbox 111 2063 160 2123; x_wconf 83' lang='lat' dir='ltr'><strong>tnt,</strong></span> <span class='ocrx_word' id='word_1_154' title='bbox 179 2055 240 2129; x_wconf 89' lang='lat' dir='ltr'><strong>quin</strong></span> <span class='ocrx_word' id='word_1_155' title='bbox 262 2055 445 2114; x_wconf 78' lang='lat' dir='ltr'><strong>necessariae</strong></span> <span class='ocrx_word' id='word_1_156' title='bbox 457 2055 673 2114; x_wconf 83' lang='lat' dir='ltr'><strong>consecutionis</strong></span> <span class='ocrx_word' id='word_1_157' title='bbox 684 2051 765 2137; x_wconf 78' lang='lat' dir='ltr'><strong>(ohne</strong></span> <span class='ocrx_word' id='word_1_158' title='bbox 776 2053 857 2133; x_wconf 80' lang='lat' dir='ltr'><strong>dass)</strong></span> <span class='ocrx_word' id='word_1_159' title='bbox 869 2055 1046 2132; x_wconf 79' lang='lat' dir='ltr'><strong>significatio</strong></span> <span class='ocrx_word' id='word_1_160' title='bbox 1058 2055 1171 2112; x_wconf 78' lang='lat' dir='ltr'><strong>orietur</strong></span> 
     </span>
     <span class='ocr_line' id='line_1_19' title="bbox 108 2139 1169 2217; baseline 0.004 -25"><span class='ocrx_word' id='word_1_161' title='bbox 108 2155 144 2194; x_wconf 83' lang='lat' dir='ltr'><strong>ex</strong></span> <span class='ocrx_word' id='word_1_162' title='bbox 165 2139 366 2216; x_wconf 76' lang='lat' dir='ltr'><strong>significatione</strong></span> <span class='ocrx_word' id='word_1_163' title='bbox 388 2140 467 2198; x_wconf 89' lang='lat' dir='ltr'><strong>modi</strong></span> <span class='ocrx_word' id='word_1_164' title='bbox 489 2141 581 2216; x_wconf 81' lang='lat' dir='ltr'><strong>(ruere</strong></span> <span class='ocrx_word' id='word_1_165' title='bbox 601 2143 650 2198; x_wconf 82' lang='lat' dir='ltr'><strong>illo</strong></span> <span class='ocrx_word' id='word_1_166' title='bbox 670 2161 722 2198; x_wconf 84' lang='lat' dir='ltr'><strong>ooo</strong></span> <span class='ocrx_word' id='word_1_167' title='bbox 740 2150 856 2217; x_wconf 77' lang='lat' dir='ltr'><strong>possunt</strong></span> <span class='ocrx_word' id='word_1_168' title='bbox 877 2142 927 2198; x_wconf 82' lang='lat' dir='ltr'><strong>mli</strong></span> <span class='ocrx_word' id='word_1_169' title='bbox 946 2141 1038 2210; x_wconf 83' lang='lat' dir='ltr'><strong>modo,</strong></span> <span class='ocrx_word' id='word_1_170' title='bbox 1067 2149 1096 2196; x_wconf 85' lang='lat' dir='ltr'><strong>ut</strong></span> <span class='ocrx_word' id='word_1_171' title='bbox 1118 2159 1169 2197; x_wconf 83' lang='lat' dir='ltr'><strong>uon</strong></span> 
     </span>
     <span class='ocr_line' id='line_1_20' title="bbox 109 2219 1169 2302; baseline 0.003 -23"><span class='ocrx_word' id='word_1_172' title='bbox 109 2219 185 2300; x_wconf 75' lang='lat' dir='ltr'><strong>cet),</strong></span> <span class='ocrx_word' id='word_1_173' title='bbox 215 2243 249 2282; x_wconf 88' lang='lat' dir='ltr'><strong>ex</strong></span> <span class='ocrx_word' id='word_1_174' title='bbox 281 2244 459 2302; x_wconf 87' lang='lat' dir='ltr'><strong>quogenere</strong></span> <span class='ocrx_word' id='word_1_175' title='bbox 487 2235 532 2283; x_wconf 86' lang='lat' dir='ltr'><strong>est</strong></span> <span class='ocrx_word' id='word_1_176' title='bbox 558 2225 647 2297; x_wconf 82' lang='lat' dir='ltr'><strong>illud,</strong></span> <span class='ocrx_word' id='word_1_177' title='bbox 682 2227 760 2300; x_wconf 91' lang='lat' dir='ltr'><strong>qnod</strong></span> <span class='ocrx_word' id='word_1_178' title='bbox 793 2223 871 2284; x_wconf 82' lang='lat' dir='ltr'><strong>infru</strong></span> <span class='ocrx_word' id='word_1_179' title='bbox 897 2226 953 2296; x_wconf 77' lang='lat' dir='ltr'><strong>IV,</strong></span> <span class='ocrx_word' id='word_1_180' title='bbox 984 2225 1023 2281; x_wconf 79' lang='lat'><strong>29</strong></span> <span class='ocrx_word' id='word_1_181' title='bbox 1047 2224 1169 2300; x_wconf 78' lang='lat' dir='ltr'><strong>legitur:</strong></span> 
     </span>
     <span class='ocr_line' id='line_1_21' title="bbox 108 2307 1168 2386; baseline 0.001 -21"><span class='ocrx_word' id='word_1_182' title='bbox 108 2307 163 2365; x_wconf 75' lang='lat' dir='ltr'><strong>Sed</strong></span> <span class='ocrx_word' id='word_1_183' title='bbox 180 2311 206 2366; x_wconf 88' lang='lat' dir='ltr'><strong>id</strong></span> <span class='ocrx_word' id='word_1_184' title='bbox 224 2331 254 2367; x_wconf 82' lang='lat' dir='ltr'><strong>nc</strong></span> <span class='ocrx_word' id='word_1_185' title='bbox 274 2313 387 2385; x_wconf 63' lang='lat' dir='ltr'><strong>sopitam</strong></span> <span class='ocrx_word' id='word_1_186' title='bbox 407 2312 515 2385; x_wconf 79' lang='lat' dir='ltr'><strong>quidem</strong></span> <span class='ocrx_word' id='word_1_187' title='bbox 532 2320 629 2386; x_wconf 73' lang='lat' dir='ltr'><strong>potest,</strong></span> <span class='ocrx_word' id='word_1_188' title='bbox 651 2314 732 2386; x_wconf 79' lang='lat' dir='ltr'><strong>quale</strong></span> <span class='ocrx_word' id='word_1_189' title='bbox 753 2315 796 2382; x_wconf 72' lang='lat' dir='ltr'><strong>sit,</strong></span> <span class='ocrx_word' id='word_1_190' title='bbox 820 2321 850 2366; x_wconf 83' lang='lat' dir='ltr'><strong>ut</strong></span> <span class='ocrx_word' id='word_1_191' title='bbox 871 2331 920 2366; x_wconf 82' lang='lat' dir='ltr'><strong>nou</strong></span> <span class='ocrx_word' id='word_1_192' title='bbox 944 2313 1168 2385; x_wconf 75' lang='lat' dir='ltr'><strong>repuproetepsum</strong></span> 
     </span>
     <span class='ocr_line' id='line_1_22' title="bbox 106 2393 1170 2470; baseline 0 -18"><span class='ocrx_word' id='word_1_193' title='bbox 106 2393 161 2458; x_wconf 66' lang='lat' dir='ltr'><strong>cidi.</strong></span> <span class='ocrx_word' id='word_1_194' title='bbox 180 2396 230 2452; x_wconf 80' lang='lat' dir='ltr'><strong>etsi</strong></span> <span class='ocrx_word' id='word_1_195' title='bbox 251 2395 373 2453; x_wconf 83' lang='lat' dir='ltr'><strong>ibi-uon</strong></span> <span class='ocrx_word' id='word_1_196' title='bbox 395 2404 456 2452; x_wconf 80' lang='lat' dir='ltr'><strong>tum</strong></span> <span class='ocrx_word' id='word_1_197' title='bbox 478 2395 646 2454; x_wconf 78' lang='lat' dir='ltr'><strong>consecutio</strong></span> <span class='ocrx_word' id='word_1_198' title='bbox 669 2396 825 2464; x_wconf 79' lang='lat' dir='ltr'><strong>indicetur,</strong></span> <span class='ocrx_word' id='word_1_199' title='bbox 848 2413 936 2469; x_wconf 82' lang='lat' dir='ltr'><strong>quum</strong></span> <span class='ocrx_word' id='word_1_200' title='bbox 959 2394 1029 2468; x_wconf 90' lang='lat' dir='ltr'><strong>quid</strong></span> <span class='ocrx_word' id='word_1_201' title='bbox 1052 2394 1081 2451; x_wconf 91' lang='lat' dir='ltr'><strong>in</strong></span> <span class='ocrx_word' id='word_1_202' title='bbox 1104 2395 1170 2470; x_wconf 81' lang='lat' dir='ltr'><strong>ipso</strong></span> 
     </span>
     <span class='ocr_line' id='line_1_23' title="bbox 106 2479 1169 2553; baseline 0.002 -20"><span class='ocrx_word' id='word_1_203' title='bbox 106 2496 134 2532; x_wconf 86' lang='lat' dir='ltr'><strong>re</strong></span> <span class='ocrx_word' id='word_1_204' title='bbox 156 2479 306 2553; x_wconf 81' lang='lat' dir='ltr'><strong>inhaerent,</strong></span> <span class='ocrx_word' id='word_1_205' title='bbox 329 2481 399 2538; x_wconf 86' lang='lat' dir='ltr'><strong>item</strong></span> <span class='ocrx_word' id='word_1_206' title='bbox 422 2481 457 2538; x_wconf 88' lang='lat' dir='ltr'><strong>de</strong></span> <span class='ocrx_word' id='word_1_207' title='bbox 480 2480 547 2538; x_wconf 79' lang='lat' dir='ltr'><strong>eliis</strong></span> <span class='ocrx_word' id='word_1_208' title='bbox 569 2481 712 2539; x_wconf 83' lang='lat' dir='ltr'><strong>orationis</strong></span> <span class='ocrx_word' id='word_1_209' title='bbox 734 2479 838 2540; x_wconf 77' lang='lat' dir='ltr'><strong>formis</strong></span> <span class='ocrx_word' id='word_1_210' title='bbox 849 2479 1038 2536; x_wconf 77' lang='lat' dir='ltr'><strong>iudicandum</strong></span> <span class='ocrx_word' id='word_1_211' title='bbox 1061 2489 1115 2550; x_wconf 84' lang='lat' dir='ltr'><strong>est,</strong></span> <span class='ocrx_word' id='word_1_212' title='bbox 1138 2481 1169 2536; x_wconf 91' lang='lat' dir='ltr'><strong>in</strong></span> 
     </span>
     <span class='ocr_line' id='line_1_24' title="bbox 106 2563 1169 2642; baseline 0.003 -23"><span class='ocrx_word' id='word_1_213' title='bbox 106 2563 202 2634; x_wconf 82' lang='lat' dir='ltr'><strong>quibus</strong></span> <span class='ocrx_word' id='word_1_214' title='bbox 223 2565 275 2622; x_wconf 84' lang='lat' dir='ltr'><strong>hnc</strong></span> <span class='ocrx_word' id='word_1_215' title='bbox 296 2566 443 2641; x_wconf 75' lang='lat' dir='ltr'><strong>particule</strong></span> <span class='ocrx_word' id='word_1_216' title='bbox 464 2565 655 2642; x_wconf 76' lang='lat' dir='ltr'><strong>significetur,</strong></span> <span class='ocrx_word' id='word_1_217' title='bbox 678 2584 738 2640; x_wconf 92' lang='lat' dir='ltr'><strong>quo</strong></span> <span class='ocrx_word' id='word_1_218' title='bbox 760 2565 875 2623; x_wconf 69' lang='lat' dir='ltr'><strong>adiecto</strong></span> <span class='ocrx_word' id='word_1_219' title='bbox 897 2574 949 2623; x_wconf 83' lang='lat' dir='ltr'><strong>ent</strong></span> <span class='ocrx_word' id='word_1_220' title='bbox 971 2564 1093 2622; x_wconf 86' lang='lat' dir='ltr'><strong>excluso</strong></span> <span class='ocrx_word' id='word_1_221' title='bbox 1115 2564 1169 2622; x_wconf 80' lang='lat' dir='ltr'><strong>uli-</strong></span> 
     </span>
     <span class='ocr_line' id='line_1_25' title="bbox 106 2648 1168 2726; baseline 0.003 -24"><span class='ocrx_word' id='word_1_222' title='bbox 106 2648 170 2719; x_wconf 90' lang='lat' dir='ltr'><strong>qnid</strong></span> <span class='ocrx_word' id='word_1_223' title='bbox 195 2661 286 2708; x_wconf 83' lang='lat' dir='ltr'><strong>mente</strong></span> <span class='ocrx_word' id='word_1_224' title='bbox 314 2650 538 2726; x_wconf 88' lang='lat' dir='ltr'><strong>concipiendum</strong></span> <span class='ocrx_word' id='word_1_225' title='bbox 567 2651 619 2722; x_wconf 77' lang='lat' dir='ltr'><strong>sit,</strong></span> <span class='ocrx_word' id='word_1_226' title='bbox 655 2660 686 2708; x_wconf 90' lang='lat' dir='ltr'><strong>ut</strong></span> <span class='ocrx_word' id='word_1_227' title='bbox 714 2652 744 2706; x_wconf 90' lang='lat' dir='ltr'><strong>in</strong></span> <span class='ocrx_word' id='word_1_228' title='bbox 771 2651 824 2708; x_wconf 92' lang='lat' dir='ltr'><strong>illo</strong></span> <span class='ocrx_word' id='word_1_229' title='bbox 852 2650 946 2708; x_wconf 73' lang='lat' dir='ltr'><strong>Laelii</strong></span> <span class='ocrx_word' id='word_1_230' title='bbox 980 2649 1045 2707; x_wconf 92' lang='lat' dir='ltr'><strong>loco</strong></span> <span class='ocrx_word' id='word_1_231' title='bbox 1074 2653 1089 2720; x_wconf 66' lang='grc' dir='ltr'><strong>ξ</strong></span> <span class='ocrx_word' id='word_1_232' title='bbox 1113 2650 1168 2706; x_wconf 79' lang='lat'><strong>52:</strong></span> 
     </span>
     <span class='ocr_line' id='line_1_26' title="bbox 108 2734 1169 2810; baseline 0.001 -21"><span class='ocrx_word' id='word_1_233' title='bbox 108 2734 170 2798; x_wconf 56' lang='lat' dir='ltr'><strong>creis</strong></span> <span class='ocrx_word' id='word_1_234' title='bbox 188 2747 237 2806; x_wconf 80' lang='lat' dir='ltr'><strong>est,</strong></span> <span class='ocrx_word' id='word_1_235' title='bbox 268 2739 318 2810; x_wconf 83' lang='lat' dir='ltr'><strong>qui</strong></span> <span class='ocrx_word' id='word_1_236' title='bbox 343 2738 414 2807; x_wconf 75' lang='lat' dir='ltr'><strong>uelit,</strong></span> <span class='ocrx_word' id='word_1_237' title='bbox 441 2747 471 2794; x_wconf 86' lang='lat' dir='ltr'><strong>ut</strong></span> <span class='ocrx_word' id='word_1_238' title='bbox 498 2755 582 2810; x_wconf 71' lang='lat' dir='ltr'><strong>raeque</strong></span> <span class='ocrx_word' id='word_1_239' title='bbox 610 2737 706 2810; x_wconf 70' lang='lat' dir='ltr'><strong>diie&#39;pot</strong></span> <span class='ocrx_word' id='word_1_240' title='bbox 728 2755 890 2810; x_wconf 80' lang='lat' dir='ltr'><strong>quemquam</strong></span> <span class='ocrx_word' id='word_1_241' title='bbox 911 2753 958 2792; x_wconf 78' lang='lat' dir='ltr'><strong>occ</strong></span> <span class='ocrx_word' id='word_1_242' title='bbox 980 2737 1037 2810; x_wconf 82' lang='lat' dir='ltr'><strong>ipsc</strong></span> <span class='ocrx_word' id='word_1_243' title='bbox 1058 2735 1093 2792; x_wconf 85' lang='lat' dir='ltr'><strong>ab</strong></span> <span class='ocrx_word' id='word_1_244' title='bbox 1115 2737 1169 2791; x_wconf 79' lang='lat' dir='ltr'><strong>ullo</strong></span> 
     </span>
     <span class='ocr_line' id='line_1_27' title="bbox 106 2817 1169 2897; baseline -0.003 -18"><span class='ocrx_word' id='word_1_245' title='bbox 106 2817 234 2890; x_wconf 65' lang='lat' dir='ltr'><strong>dilapsum,</strong></span> <span class='ocrx_word' id='word_1_246' title='bbox 260 2823 442 2895; x_wconf 75' lang='lat' dir='ltr'><strong>sirmunfluerc</strong></span> <span class='ocrx_word' id='word_1_247' title='bbox 463 2822 582 2878; x_wconf 71' lang='lat' dir='ltr'><strong>cruribus</strong></span> <span class='ocrx_word' id='word_1_248' title='bbox 603 2824 701 2897; x_wconf 63' lang='lat' dir='ltr'><strong>copiti,</strong></span> <span class='ocrx_word' id='word_1_249' title='bbox 735 2821 791 2879; x_wconf 91' lang='lat' dir='ltr'><strong>hoc</strong></span> <span class='ocrx_word' id='word_1_250' title='bbox 813 2831 872 2890; x_wconf 82' lang='lat' dir='ltr'><strong>ost,</strong></span> <span class='ocrx_word' id='word_1_251' title='bbox 902 2839 937 2878; x_wconf 87' lang='lat' dir='ltr'><strong>oo</strong></span> <span class='ocrx_word' id='word_1_252' title='bbox 964 2819 1052 2876; x_wconf 91' lang='lat' dir='ltr'><strong>modo</strong></span> <span class='ocrx_word' id='word_1_253' title='bbox 1075 2837 1169 2894; x_wconf 82' lang='lat' dir='ltr'><strong>eoque</strong></span> 
     </span>
     <span class='ocr_line' id='line_1_28' title="bbox 105 2899 1168 2979; baseline 0.001 -19"><span class='ocrx_word' id='word_1_254' title='bbox 105 2899 171 2977; x_wconf 76' lang='lat' dir='ltr'><strong>lege,</strong></span> <span class='ocrx_word' id='word_1_255' title='bbox 192 2914 221 2961; x_wconf 90' lang='lat' dir='ltr'><strong>ut</strong></span> <span class='ocrx_word' id='word_1_256' title='bbox 241 2915 296 2962; x_wconf 89' lang='lat' dir='ltr'><strong>cet.</strong></span> <span class='ocrx_word' id='word_1_257' title='bbox 341 2905 402 2964; x_wconf 60' lang='lat' dir='ltr'><strong>(ir.</strong></span> <span class='ocrx_word' id='word_1_258' title='bbox 425 2907 514 2964; x_wconf 88' lang='lat' dir='ltr'><strong>Tusc.</strong></span> <span class='ocrx_word' id='word_1_259' title='bbox 535 2907 562 2976; x_wconf 89' lang='grc' dir='ltr'><strong>Ι,</strong></span> <span class='ocrx_word' id='word_1_260' title='bbox 587 2907 636 2962; x_wconf 77' lang='grc'><strong>23.</strong></span> <span class='ocrx_word' id='word_1_261' title='bbox 669 2905 773 2964; x_wconf 82' lang='lat' dir='ltr'><strong>Livius</strong></span> <span class='ocrx_word' id='word_1_262' title='bbox 795 2905 998 2964; x_wconf 79' lang='lat' dir='ltr'><strong>etiamdurins</strong></span> <span class='ocrx_word' id='word_1_263' title='bbox 1015 2904 1168 2979; x_wconf 84' lang='lat' dir='ltr'><strong>sicposuit</strong></span> 
     </span>
     <span class='ocr_line' id='line_1_29' title="bbox 106 2989 1167 3067; baseline 0.004 -25"><span class='ocrx_word' id='word_1_264' title='bbox 106 2999 131 3042; x_wconf 80' lang='lat' dir='ltr'><strong>ut</strong></span> <span class='ocrx_word' id='word_1_265' title='bbox 149 3009 194 3046; x_wconf 74' lang='lat' dir='ltr'><strong>noir</strong></span> <span class='ocrx_word' id='word_1_266' title='bbox 214 2991 249 3048; x_wconf 89' lang='lat' dir='ltr'><strong>de</strong></span> <span class='ocrx_word' id='word_1_267' title='bbox 271 2991 373 3062; x_wconf 72' lang='lat' dir='ltr'><strong>modo,</strong></span> <span class='ocrx_word' id='word_1_268' title='bbox 401 3000 435 3048; x_wconf 90' lang='lat' dir='ltr'><strong>ut</strong></span> <span class='ocrx_word' id='word_1_269' title='bbox 456 3009 577 3066; x_wconf 85' lang='lat' dir='ltr'><strong>prorsus</strong></span> <span class='ocrx_word' id='word_1_270' title='bbox 599 2991 736 3049; x_wconf 84' lang='lat' dir='ltr'><strong>substitui</strong></span> <span class='ocrx_word' id='word_1_271' title='bbox 759 2991 852 3067; x_wconf 91' lang='lat' dir='ltr'><strong>possit</strong></span> <span class='ocrx_word' id='word_1_272' title='bbox 875 2989 973 3048; x_wconf 77' lang='lat' dir='ltr'><strong>niside</strong></span> <span class='ocrx_word' id='word_1_273' title='bbox 986 2989 1167 3059; x_wconf 77' lang='lat' dir='ltr'><strong>condicione,</strong></span> 
     </span>
     <span class='ocr_line' id='line_1_30' title="bbox 104 3069 1168 3152; baseline 0.001 -23"><span class='ocrx_word' id='word_1_274' title='bbox 104 3069 242 3146; x_wconf 79' lang='lat' dir='ltr'>XXVIII,</span> <span class='ocrx_word' id='word_1_275' title='bbox 257 3076 349 3146; x_wconf 75' lang='grc'>13,1;</span> <span class='ocrx_word' id='word_1_276' title='bbox 366 3096 450 3151; x_wconf 80' lang='lat' dir='ltr'><strong>usquc</strong></span> <span class='ocrx_word' id='word_1_277' title='bbox 461 3077 591 3134; x_wconf 72' lang='lat' dir='ltr'><strong>Roruams</strong></span> <span class='ocrx_word' id='word_1_278' title='bbox 608 3077 751 3152; x_wconf 71' lang='lat' dir='ltr'><strong>icpicnidru</strong></span> <span class='ocrx_word' id='word_1_279' title='bbox 763 3086 853 3133; x_wconf 76' lang='lat' dir='ltr'><strong>wotos</strong></span> <span class='ocrx_word' id='word_1_280' title='bbox 864 3095 893 3133; x_wconf 86' lang='lat' dir='ltr'><strong>sc</strong></span> <span class='ocrx_word' id='word_1_281' title='bbox 898 3094 994 3151; x_wconf 83' lang='lat' dir='ltr'><strong>parem</strong></span> <span class='ocrx_word' id='word_1_282' title='bbox 1005 3077 1069 3149; x_wconf 86' lang='lat' dir='ltr'><strong>fore</strong></span> <span class='ocrx_word' id='word_1_283' title='bbox 1080 3077 1168 3131; x_wconf 71' lang='lat' dir='ltr'><strong>rutild-</strong></span> 
     </span>
     <span class='ocr_line' id='line_1_31' title="bbox 106 3160 1166 3238; baseline 0.001 -23"><span class='ocrx_word' id='word_1_284' title='bbox 106 3161 183 3216; x_wconf 78' lang='lat' dir='ltr'><strong>tudr&#39;oi</strong></span> <span class='ocrx_word' id='word_1_285' title='bbox 200 3172 290 3226; x_wconf 71' lang='lat' dir='ltr'><strong>romu,</strong></span> <span class='ocrx_word' id='word_1_286' title='bbox 324 3173 359 3218; x_wconf 86' lang='lat' dir='ltr'><strong>ut</strong></span> <span class='ocrx_word' id='word_1_287' title='bbox 386 3181 449 3218; x_wconf 84' lang='lat' dir='ltr'><strong>oon</strong></span> <span class='ocrx_word' id='word_1_288' title='bbox 477 3165 503 3218; x_wconf 82' lang='lat' dir='ltr'><strong>in</strong></span> <span class='ocrx_word' id='word_1_289' title='bbox 526 3164 637 3238; x_wconf 72' lang='lat' dir='ltr'><strong>specim</strong></span> <span class='ocrx_word' id='word_1_290' title='bbox 660 3165 753 3220; x_wconf 80' lang='lat' dir='ltr'><strong>saltem</strong></span> <span class='ocrx_word' id='word_1_291' title='bbox 775 3170 970 3237; x_wconf 66' lang='lat' dir='ltr'><strong>opponamus</strong></span> <span class='ocrx_word' id='word_1_292' title='bbox 991 3160 1166 3216; x_wconf 79' lang='lat' dir='ltr'><strong>barbcromm</strong></span> 
     </span>
     <span class='ocr_line' id='line_1_32' title="bbox 103 3244 1167 3321; baseline 0.003 -23"><span class='ocrx_word' id='word_1_293' title='bbox 103 3247 203 3302; x_wconf 68' lang='lat' dir='ltr'><strong>metilia.</strong></span> <span class='ocrx_word' id='word_1_294' title='bbox 245 3247 347 3320; x_wconf 86' lang='lat' dir='ltr'><strong>Atque</strong></span> <span class='ocrx_word' id='word_1_295' title='bbox 379 3246 448 3304; x_wconf 90' lang='lat' dir='ltr'><strong>hinc</strong></span> <span class='ocrx_word' id='word_1_296' title='bbox 474 3256 562 3304; x_wconf 87' lang='lat' dir='ltr'><strong>notus</strong></span> <span class='ocrx_word' id='word_1_297' title='bbox 594 3256 640 3304; x_wconf 87' lang='lat' dir='ltr'><strong>est</strong></span> <span class='ocrx_word' id='word_1_298' title='bbox 671 3247 858 3304; x_wconf 83' lang='lat' dir='ltr'><strong>concessivus</strong></span> <span class='ocrx_word' id='word_1_299' title='bbox 891 3244 1054 3321; x_wconf 76' lang='lat' dir='ltr'><strong>particulae</strong></span> <span class='ocrx_word' id='word_1_300' title='bbox 1087 3263 1167 3316; x_wconf 80' lang='lat' dir='ltr'><strong>usus,</strong></span> 
     </span>
     <span class='ocr_line' id='line_1_33' title="bbox 103 3329 1167 3408; baseline 0.002 -25"><span class='ocrx_word' id='word_1_301' title='bbox 103 3343 161 3386; x_wconf 82' lang='lat' dir='ltr'><strong>curn</strong></span> <span class='ocrx_word' id='word_1_302' title='bbox 181 3331 262 3390; x_wconf 85' lang='lat' dir='ltr'><strong>initio</strong></span> <span class='ocrx_word' id='word_1_303' title='bbox 284 3332 327 3389; x_wconf 91' lang='lat' dir='ltr'><strong>sic</strong></span> <span class='ocrx_word' id='word_1_304' title='bbox 349 3331 505 3403; x_wconf 83' lang='lat' dir='ltr'><strong>diceretur,</strong></span> <span class='ocrx_word' id='word_1_305' title='bbox 527 3351 615 3408; x_wconf 86' lang='lat' dir='ltr'><strong>posse</strong></span> <span class='ocrx_word' id='word_1_306' title='bbox 637 3331 749 3406; x_wconf 79' lang='lat' dir='ltr'><strong>aliquid</strong></span> <span class='ocrx_word' id='word_1_307' title='bbox 771 3333 813 3388; x_wconf 81' lang='lat' dir='ltr'><strong>itu</strong></span> <span class='ocrx_word' id='word_1_308' title='bbox 834 3331 892 3389; x_wconf 93' lang='lat' dir='ltr'><strong>dici</strong></span> <span class='ocrx_word' id='word_1_309' title='bbox 905 3330 1015 3401; x_wconf 74' lang='lat' dir='ltr'><strong>fierine,</strong></span> <span class='ocrx_word' id='word_1_310' title='bbox 1038 3337 1070 3386; x_wconf 91' lang='lat' dir='ltr'><strong>ut</strong></span> <span class='ocrx_word' id='word_1_311' title='bbox 1087 3329 1167 3386; x_wconf 86' lang='lat' dir='ltr'><strong>uliud</strong></span> 
     </span>
     <span class='ocr_line' id='line_1_34' title="bbox 104 3411 1166 3492; baseline 0.003 -23"><span class='ocrx_word' id='word_1_312' title='bbox 104 3411 203 3488; x_wconf 78' lang='lat' dir='ltr'><strong>aliquid</strong></span> <span class='ocrx_word' id='word_1_313' title='bbox 223 3417 310 3474; x_wconf 83' lang='lat' dir='ltr'><strong>simul</strong></span> <span class='ocrx_word' id='word_1_314' title='bbox 332 3425 384 3474; x_wconf 82' lang='lat' dir='ltr'><strong>eut</strong></span> <span class='ocrx_word' id='word_1_315' title='bbox 405 3417 489 3474; x_wconf 85' lang='lat' dir='ltr'><strong>fieret</strong></span> <span class='ocrx_word' id='word_1_316' title='bbox 509 3417 891 3492; x_wconf 79' lang='lat' dir='ltr'><strong>cutfierinonopusesset,</strong></span> <span class='ocrx_word' id='word_1_317' title='bbox 914 3415 1057 3491; x_wconf 83' lang='lat' dir='ltr'><strong>paulatim</strong></span> <span class='ocrx_word' id='word_1_318' title='bbox 1069 3425 1166 3472; x_wconf 80' lang='lat' dir='ltr'><strong>autem</strong></span> 
     </span>
     <span class='ocr_line' id='line_1_35' title="bbox 103 3499 1167 3580; baseline 0.002 -26"><span class='ocrx_word' id='word_1_319' title='bbox 103 3515 211 3569; x_wconf 83' lang='lat' dir='ltr'><strong>prorsus</strong></span> <span class='ocrx_word' id='word_1_320' title='bbox 230 3503 439 3560; x_wconf 79' lang='lat' dir='ltr'><strong>obscuraretur</strong></span> <span class='ocrx_word' id='word_1_321' title='bbox 461 3501 539 3560; x_wconf 87' lang='lat' dir='ltr'><strong>modi</strong></span> <span class='ocrx_word' id='word_1_322' title='bbox 562 3501 747 3580; x_wconf 73' lang='lat' dir='ltr'><strong>significatio.</strong></span> <span class='ocrx_word' id='word_1_323' title='bbox 790 3503 896 3576; x_wconf 74' lang='lat' dir='ltr'><strong>Itaque</strong></span> <span class='ocrx_word' id='word_1_324' title='bbox 925 3500 964 3557; x_wconf 84' lang='lat' dir='ltr'><strong>cb</strong></span> <span class='ocrx_word' id='word_1_325' title='bbox 993 3499 1096 3557; x_wconf 89' lang='lat' dir='ltr'><strong>eodem</strong></span> <span class='ocrx_word' id='word_1_326' title='bbox 1119 3517 1167 3556; x_wconf 85' lang='lat' dir='ltr'><strong>ce·</strong></span> 
     </span>
     <span class='ocr_line' id='line_1_36' title="bbox 103 3583 1167 3659; baseline 0.002 -21"><span class='ocrx_word' id='word_1_327' title='bbox 103 3583 154 3654; x_wconf 86' lang='lat' dir='ltr'><strong>pite</strong></span> <span class='ocrx_word' id='word_1_328' title='bbox 174 3587 260 3644; x_wconf 79' lang='lat' dir='ltr'><strong>etiam</strong></span> <span class='ocrx_word' id='word_1_329' title='bbox 283 3587 334 3644; x_wconf 85' lang='lat' dir='ltr'><strong>ille</strong></span> <span class='ocrx_word' id='word_1_330' title='bbox 355 3605 427 3644; x_wconf 90' lang='lat' dir='ltr'><strong>usus</strong></span> <span class='ocrx_word' id='word_1_331' title='bbox 449 3587 595 3658; x_wconf 77' lang='lat' dir='ltr'><strong>mouerit,</strong></span> <span class='ocrx_word' id='word_1_332' title='bbox 617 3605 683 3644; x_wconf 85' lang='lat' dir='ltr'><strong>curn</strong></span> <span class='ocrx_word' id='word_1_333' title='bbox 706 3605 765 3644; x_wconf 93' lang='lat' dir='ltr'><strong>non</strong></span> <span class='ocrx_word' id='word_1_334' title='bbox 788 3586 959 3644; x_wconf 86' lang='lat' dir='ltr'><strong>conceditur</strong></span> <span class='ocrx_word' id='word_1_335' title='bbox 969 3585 1091 3659; x_wconf 74' lang='lat' dir='ltr'><strong>aliquid,</strong></span> <span class='ocrx_word' id='word_1_336' title='bbox 1115 3583 1167 3642; x_wconf 87' lang='lat' dir='ltr'><strong>sed</strong></span> 
     </span>
     <span class='ocr_line' id='line_1_37' title="bbox 102 3670 1166 3747; baseline 0 -22"><span class='ocrx_word' id='word_1_337' title='bbox 102 3671 215 3728; x_wconf 74' lang='lat' dir='ltr'><strong>curritur</strong></span> <span class='ocrx_word' id='word_1_338' title='bbox 235 3681 267 3728; x_wconf 85' lang='lat' dir='ltr'><strong>et</strong></span> <span class='ocrx_word' id='word_1_339' title='bbox 286 3689 351 3728; x_wconf 85' lang='lat' dir='ltr'><strong>esse</strong></span> <span class='ocrx_word' id='word_1_340' title='bbox 373 3681 495 3747; x_wconf 85' lang='lat' dir='ltr'><strong>putetur</strong></span> <span class='ocrx_word' id='word_1_341' title='bbox 516 3671 546 3729; x_wconf 92' lang='lat' dir='ltr'><strong>in</strong></span> <span class='ocrx_word' id='word_1_342' title='bbox 569 3671 735 3743; x_wconf 81' lang='lat' dir='ltr'><strong>iudicando,</strong></span> <span class='ocrx_word' id='word_1_343' title='bbox 758 3672 841 3730; x_wconf 83' lang='lat' dir='ltr'><strong>velut</strong></span> <span class='ocrx_word' id='word_1_344' title='bbox 862 3672 918 3729; x_wconf 90' lang='lat' dir='ltr'><strong>hoc</strong></span> <span class='ocrx_word' id='word_1_345' title='bbox 940 3689 1030 3745; x_wconf 89' lang='lat' dir='ltr'><strong>opere</strong></span> <span class='ocrx_word' id='word_1_346' title='bbox 1052 3671 1090 3741; x_wconf 82' lang='lat' dir='ltr'><strong>V,</strong></span> <span class='ocrx_word' id='word_1_347' title='bbox 1111 3670 1166 3726; x_wconf 80' lang='lat'><strong>82:</strong></span> 
     </span>
     <span class='ocr_line' id='line_1_38' title="bbox 103 3749 1166 3834; baseline -0.003 -20"><span class='ocrx_word' id='word_1_348' title='bbox 103 3762 126 3806; x_wconf 70' lang='lat' dir='ltr'><strong>ui</strong></span> <span class='ocrx_word' id='word_1_349' title='bbox 143 3759 245 3832; x_wconf 70' lang='lat' dir='ltr'><strong>espiers</strong></span> <span class='ocrx_word' id='word_1_350' title='bbox 261 3759 356 3830; x_wconf 81' lang='lat' dir='ltr'><strong>suerit.</strong></span> <span class='ocrx_word' id='word_1_351' title='bbox 406 3757 454 3814; x_wconf 83' lang='lat' dir='ltr'><strong>Ne</strong></span> <span class='ocrx_word' id='word_1_352' title='bbox 481 3756 513 3813; x_wconf 87' lang='lat' dir='ltr'><strong>iu</strong></span> <span class='ocrx_word' id='word_1_353' title='bbox 535 3774 571 3814; x_wconf 91' lang='lat' dir='ltr'><strong>eo</strong></span> <span class='ocrx_word' id='word_1_354' title='bbox 594 3757 726 3832; x_wconf 82' lang='lat' dir='ltr'><strong>quidem,</strong></span> <span class='ocrx_word' id='word_1_355' title='bbox 761 3757 840 3830; x_wconf 94' lang='lat' dir='ltr'><strong>quod</strong></span> <span class='ocrx_word' id='word_1_356' title='bbox 867 3756 976 3833; x_wconf 80' lang='lat' dir='ltr'><strong>legitur</strong></span> <span class='ocrx_word' id='word_1_357' title='bbox 998 3755 1028 3826; x_wconf 84' lang='lat'><strong>1,</strong></span> <span class='ocrx_word' id='word_1_358' title='bbox 1059 3757 1098 3813; x_wconf 78' lang='lat'><strong>65</strong></span> <span class='ocrx_word' id='word_1_359' title='bbox 1123 3749 1166 3834; x_wconf 83' lang='lat' dir='ltr'><strong>(ut</strong></span> 
     </span>
     <span class='ocr_line' id='line_1_39' title="bbox 102 3835 1166 3920; baseline -0.003 -20"><span class='ocrx_word' id='word_1_360' title='bbox 102 3839 135 3893; x_wconf 71' lang='grc' dir='ltr'><strong>(ιᾶ</strong></span> <span class='ocrx_word' id='word_1_361' title='bbox 154 3841 269 3900; x_wconf 68' lang='lat' dir='ltr'><strong>Oresten</strong></span> <span class='ocrx_word' id='word_1_362' title='bbox 287 3844 431 3918; x_wconf 69' lang='lat' dir='ltr'><strong>percutias</strong></span> <span class='ocrx_word' id='word_1_363' title='bbox 453 3835 523 3920; x_wconf 87' lang='lat' dir='ltr'><strong>oct.)</strong></span> <span class='ocrx_word' id='word_1_364' title='bbox 546 3851 576 3899; x_wconf 84' lang='lat' dir='ltr'><strong>ut</strong></span> <span class='ocrx_word' id='word_1_365' title='bbox 597 3843 683 3900; x_wconf 79' lang='lat' dir='ltr'><strong>aliter</strong></span> <span class='ocrx_word' id='word_1_366' title='bbox 704 3841 907 3918; x_wconf 76' lang='lat' dir='ltr'><strong>accipiendum</strong></span> <span class='ocrx_word' id='word_1_367' title='bbox 925 3849 984 3909; x_wconf 86' lang='lat' dir='ltr'><strong>est;</strong></span> <span class='ocrx_word' id='word_1_368' title='bbox 1008 3839 1166 3914; x_wconf 88' lang='lat' dir='ltr'><strong>(eiusmodi</strong></span> 
     </span>
     <span class='ocr_line' id='line_1_40' title="bbox 102 3919 485 4007; baseline 0.013 -30"><span class='ocrx_word' id='word_1_369' title='bbox 102 3919 324 4003; x_wconf 71' lang='lat' dir='ltr'><strong>investiget-ione,</strong></span> <span class='ocrx_word' id='word_1_370' title='bbox 347 3935 381 3984; x_wconf 85' lang='lat' dir='ltr'><strong>ut</strong></span> <span class='ocrx_word' id='word_1_371' title='bbox 402 3923 485 4007; x_wconf 74' lang='lat' dir='ltr'><strong>cet).</strong></span> 
     </span>
    </p>

    <p class='ocr_par' dir='ltr' id='par_1_6' title="bbox 101 4009 1166 4343">
     <span class='ocr_line' id='line_1_41' title="bbox 174 4009 1166 4088; baseline -0.004 -18"><span class='ocrx_word' id='word_1_372' title='bbox 174 4013 249 4087; x_wconf 81' lang='lat' dir='ltr'><strong>quod</strong></span> <span class='ocrx_word' id='word_1_373' title='bbox 269 4015 444 4070; x_wconf 67' lang='lat' dir='ltr'><strong>comesurum</strong></span> <span class='ocrx_word' id='word_1_374' title='bbox 465 4010 517 4088; x_wconf 83' lang='lat' dir='ltr'><strong>cst)</strong></span> <span class='ocrx_word' id='word_1_375' title='bbox 544 4013 611 4070; x_wconf 87' lang='lat' dir='ltr'><strong>Hoc</strong></span> <span class='ocrx_word' id='word_1_376' title='bbox 633 4011 805 4070; x_wconf 88' lang='lat' dir='ltr'><strong>mendosum</strong></span> <span class='ocrx_word' id='word_1_377' title='bbox 827 4029 906 4082; x_wconf 87' lang='lat' dir='ltr'><strong>esse,</strong></span> <span class='ocrx_word' id='word_1_378' title='bbox 934 4029 1036 4069; x_wconf 83' lang='lat' dir='ltr'><strong>omnes</strong></span> <span class='ocrx_word' id='word_1_379' title='bbox 1057 4009 1126 4067; x_wconf 90' lang='lat' dir='ltr'><strong>inde</strong></span> <span class='ocrx_word' id='word_1_380' title='bbox 1148 4027 1166 4066; x_wconf 83' lang='lat' dir='ltr'><strong>u</strong></span> 
     </span>
     <span class='ocr_line' id='line_1_42' title="bbox 102 4090 1165 4172; baseline 0.001 -22"><span class='ocrx_word' id='word_1_381' title='bbox 102 4090 146 4151; x_wconf 88' lang='lat' dir='ltr'><strong>Th.</strong></span> <span class='ocrx_word' id='word_1_382' title='bbox 168 4095 304 4155; x_wconf 83' lang='lat' dir='ltr'><strong>Bentleio</strong></span> <span class='ocrx_word' id='word_1_383' title='bbox 327 4105 358 4154; x_wconf 84' lang='lat' dir='ltr'><strong>et</strong></span> <span class='ocrx_word' id='word_1_384' title='bbox 377 4097 503 4156; x_wconf 78' lang='lat' dir='ltr'><strong>Davisio</strong></span> <span class='ocrx_word' id='word_1_385' title='bbox 530 4097 595 4155; x_wconf 87' lang='lat' dir='ltr'><strong>iure</strong></span> <span class='ocrx_word' id='word_1_386' title='bbox 622 4097 810 4155; x_wconf 86' lang='lat' dir='ltr'><strong>consentiunt</strong></span> <span class='ocrx_word' id='word_1_387' title='bbox 836 4105 954 4172; x_wconf 85' lang='lat' dir='ltr'><strong>praeter</strong></span> <span class='ocrx_word' id='word_1_388' title='bbox 975 4094 1098 4165; x_wconf 82' lang='lat' dir='ltr'><strong>Gzium3</strong></span> <span class='ocrx_word' id='word_1_389' title='bbox 1121 4094 1165 4152; x_wconf 91' lang='lat' dir='ltr'><strong>in-</strong></span> 
     </span>
     <span class='ocr_line' id='line_1_43' title="bbox 102 4179 1164 4258; baseline 0.001 -23"><span class='ocrx_word' id='word_1_390' title='bbox 102 4181 239 4252; x_wconf 80' lang='lat' dir='ltr'><strong>eptissime</strong></span> <span class='ocrx_word' id='word_1_391' title='bbox 261 4182 353 4252; x_wconf 78' lang='lat' dir='ltr'><strong>enim,</strong></span> <span class='ocrx_word' id='word_1_392' title='bbox 388 4201 454 4240; x_wconf 89' lang='lat' dir='ltr'><strong>cum</strong></span> <span class='ocrx_word' id='word_1_393' title='bbox 476 4183 588 4258; x_wconf 77' lang='lat' dir='ltr'><strong>aliquid</strong></span> <span class='ocrx_word' id='word_1_394' title='bbox 611 4183 796 4242; x_wconf 90' lang='lat' dir='ltr'><strong>concluditur</strong></span> <span class='ocrx_word' id='word_1_395' title='bbox 818 4191 848 4239; x_wconf 85' lang='lat' dir='ltr'><strong>et</strong></span> <span class='ocrx_word' id='word_1_396' title='bbox 869 4181 1049 4252; x_wconf 80' lang='lat' dir='ltr'><strong>affirmetur,</strong></span> <span class='ocrx_word' id='word_1_397' title='bbox 1082 4179 1164 4237; x_wconf 83' lang='lat' dir='ltr'><strong>eddi·</strong></span> 
     </span>
     <span class='ocr_line' id='line_1_44' title="bbox 101 4266 1163 4343; baseline 0 -21"><span class='ocrx_word' id='word_1_398' title='bbox 101 4269 139 4320; x_wconf 80' lang='lat' dir='ltr'><strong>tur</strong></span> <span class='ocrx_word' id='word_1_399' title='bbox 156 4268 214 4324; x_wconf 90' lang='lat' dir='ltr'><strong>hoc</strong></span> <span class='ocrx_word' id='word_1_400' title='bbox 236 4267 337 4339; x_wconf 87' lang='lat' dir='ltr'><strong>modo,</strong></span> <span class='ocrx_word' id='word_1_401' title='bbox 371 4275 521 4342; x_wconf 80' lang='lat' dir='ltr'><strong>tamquam</strong></span> <span class='ocrx_word' id='word_1_402' title='bbox 543 4267 798 4326; x_wconf 77' lang='lat' dir='ltr'><strong>animadversione</strong></span> <span class='ocrx_word' id='word_1_403' title='bbox 820 4267 950 4343; x_wconf 78' lang='lat' dir='ltr'><strong>dignum,</strong></span> <span class='ocrx_word' id='word_1_404' title='bbox 974 4267 1030 4324; x_wconf 88' lang='lat' dir='ltr'><strong>hoc</strong></span> <span class='ocrx_word' id='word_1_405' title='bbox 1057 4266 1163 4341; x_wconf 73' lang='lat' dir='ltr'><strong>ipsum,</strong></span> 
     </span>
    </p>
   </div>
   <div class='ocr_carea' id='block_1_5' title="bbox 0 0 1482 5028">
    <p class='ocr_par' dir='ltr' id='par_1_7' title="bbox 0 0 1482 5028">
     <span class='ocr_line' id='line_1_45' title="bbox 0 0 1482 5028; baseline 0 4"><span class='ocrx_word' id='word_1_406' title='bbox 0 0 1482 5028; x_wconf 95' lang='lat' dir='ltr'><strong> </strong></span> 
     </span>
    </p>
   </div>
  </div>
 </body>
</html>
