2920 5012
336 384 381 448 44
730 403 776 448 mn
797 401 929 450 ruimus
951 401 1023 448 eon.

337 569 417 638 effici
438 572 664 654 complexiones
686 577 718 638 et
739 573 950 654 copulationes
972 577 1005 639 et
1014 573 1220 638 adhaesiones
1241 579 1425 637 atomorum

336 675 419 739 inter
440 693 483 754 se,
505 693 543 739 ex
565 693 627 757 quo
649 673 823 742 efficeretur
844 677 980 740 mundus
992 693 1161 757 omnesque
1181 683 1288 756 partes
1300 674 1424 752 mundi,

337 795 479 860 quaeque
499 778 532 842 in
554 785 715 844 coessent
749 778 836 856 Quae
858 797 927 844 cum
950 797 1002 843 res
1023 783 1091 844 tota
1106 775 1180 844 ficta
1195 777 1238 842 sit
1247 776 1426 858 pueriliter,

336 885 404 945 tum
425 899 465 944 ne
486 877 581 944 efficit
601 880 741 962 quidem,
763 883 848 963 quod
868 881 943 945 vult
987 881 1069 945 Nam
1098 886 1129 946 et
1155 880 1226 961 ipsa
1252 879 1426 943 declinatio

299 986 320 1052 5
337 983 379 1048 ad
400 981 556 1048 libidinem
577 980 705 1066 fingitur
727 984 786 1064 (ait
812 984 893 1048 enim
916 983 1072 1049 declinare
1088 990 1225 1050 atomum
1236 982 1303 1046 sine
1314 999 1427 1058 causo,

338 1103 400 1167 quo
427 1084 503 1149 nihil
529 1085 652 1167 turpius
674 1085 801 1168 physico
830 1105 924 1168 qnam
945 1083 1014 1152 ficri
1035 1086 1206 1168 quidquam
1233 1084 1300 1148 siue
1322 1101 1427 1148 causa

645 1209 659 1240 b

409 1311 429 1355 l.
448 1307 652 1358 adnuntiationes
673 1306 847 1376 [mulleos
886 1308 1059 1372 iefficu'tan
1095 1313 1180 1360 biota
1196 1305 1274 1357 ΜΕ
1305 1321 1371 1368 puer
1395 1305 1428 1352 sit

338 1375 492 1424 PomsitE
529 1377 683 1427 t.cumnell
715 1376 865 1442 quidemom.
881 1376 1056 1446 [A1Ll’mclt
1099 1376 1216 1426 atomi}
1244 1373 1427 1439 bsunpitan

338 1446 360 1492 d.
380 1443 430 1494 sitne
448 1461 525 1494 causa
542 1445 670 1510 quidquem
687 1445 852 1498 urmcsor.

338 1671 401 1709 esse
425 1651 597 1710 Ciceronem
620 1653 754 1726 tradens,
788 1654 858 1729 quia
886 1673 948 1711 rem
972 1654 1165 1731 significaret,
1199 1671 1275 1728 quae
1297 1671 1427 1729 prorsus

337 1737 400 1795 fieri
428 1740 572 1814 nequiret.
622 1741 727 1813 Itaque
766 1741 875 1797 dicant:
909 1740 993 1797 Nihil
1026 1749 1126 1815 posset
1155 1740 1212 1797 dici
1235 1739 1427 1815 perversius,

337 1823 469 1881 dicturus
491 1825 621 1899 alioquin
646 1843 740 1882 eram:
762 1825 846 1882 Nihil
868 1835 975 1902 potest.

423 1920 449 1966 et
469 1913 659 1986 adhaesiones)
693 1911 906 1988 Ericngensem
936 1929 1062 1986 sequens
1085 1912 1212 1980 ululari,
1246 1910 1324 1985 quod
1357 1919 1427 1966 erat

337 1997 572 2068 adhaesitationes,
595 2005 661 2054 orta
681 1995 777 2054 forma
799 2017 837 2054 ex
859 2001 1052 2072 copulationem
1081 2015 1258 2072 quamquam
1281 1995 1324 2053 sic
1348 1996 1426 2052 scri-

338 2081 463 2138 bebatur
488 2082 519 2138 in
548 2081 623 2139 Pell.
652 2081 797 2152 omuibus,
846 2083 1032 2151 Davisianis,
1062 2081 1142 2140 ΟΠ.
1172 2083 1277 2152 etiam;
1311 2080 1428 2140 Gaiani

338 2167 471 2242 plerique
500 2168 620 2243 paulum
643 2167 765 2225 abibant
787 2168 882 2244 (Gud.
909 2173 922 2225 1
948 2180 979 2226 et
999 2169 1069 2226 Bas.
1092 2171 1309 2238 adescn'tntioneo,
1340 2166 1427 2226 Gud.

340 2253 357 2308 2
380 2255 596 2326 adhaesiliones).
647 2254 712 2310 Nec
733 2255 906 2312 adbaeoitore
938 2255 1084 2330 reperitur
1106 2264 1136 2311 et
1162 2255 1258 2329 ipsum
1288 2255 1428 2310 haesitare

338 2339 417 2414 apud
445 2337 618 2397 Ciceronem
641 2357 756 2415 semper
778 2341 942 2416 significatu
971 2341 1129 2408 translat0;
1162 2358 1216 2396 nec
1244 2348 1348 2415 aptum
1380 2349 1428 2394 est

338 2421 586 2498 frequentativum
609 2425 638 2480 iu
662 2426 793 2500 generali
814 2426 943 2484 notione.
987 2427 1070 2484 Idem
1093 2425 1229 2482 Lambini
1258 2433 1287 2481 et
1309 2425 1428 2482 Bremii

338 2509 478 2566 indicium
501 2509 566 2567 fnit.

424 2616 457 2651 ee
479 2616 532 2670 qao
553 2597 715 2670 efficeretur)
738 2598 861 2654 Poterat
883 2597 987 2654 scribi:
1010 2618 1043 2654 ec
1065 2616 1119 2671 quo
1141 2597 1224 2670 effici,
1258 2595 1289 2652 id
1314 2607 1378 2662 est,
1403 2607 1428 2652 et

338 2700 371 2737 cn
393 2700 436 2750 co;
459 2683 663 2739 continuativa
684 2683 762 2739 enim
774 2683 869 2740 oratio
881 2693 941 2752 est;
965 2682 1016 2739 sed
1029 2683 1134 2739 vitevit
1147 2682 1251 2740 Cicero
1273 2681 1304 2738 in
1317 2683 1426 2738 eodem

338 2768 510 2842 praesertim
534 2767 625 2824 verbo
647 2767 868 2826 similitudinem
891 2768 1021 2825 nimiam.
1066 2768 1134 2826 Vid.
1157 2768 1195 2824 ad
1217 2771 1231 2836 ξ
1257 2767 1306 2824 30.

423 2871 483 2909 cum
510 2873 552 2910 rec
575 2863 629 2909 toto
653 2855 721 2928 ficta
748 2856 796 2930 ait)
853 2855 900 2910 De
926 2855 983 2911 hoc
1011 2853 1209 2924 coniunctivo,
1243 2871 1303 2926 quo
1331 2853 1426 2930 signi-

337 2936 451 3008 ficatur,
475 2957 532 2995 non
545 2957 665 3015 prorsus
688 2939 789 2996 eodem
812 2940 878 2996 loco
901 2949 1059 3014 utrumque
1081 2939 1194 3007 haberi,
1218 2939 1270 2995 sed
1292 2939 1424 2995 alterum

337 3031 389 3080 aut
410 3024 577 3100 generalius
600 3034 652 3080 aut
673 3024 815 3100 dignitate
838 3025 920 3101 prius
944 3043 1008 3082 esse
1032 3027 1111 3096 (nam
1135 3025 1165 3081 in
1189 3024 1235 3094 iis,
1258 3025 1289 3081 in
1312 3025 1425 3100 quibus

337 3109 426 3166 etiam
464 3111 606 3186 temporis
645 3110 801 3167 discrimen
839 3119 899 3181 est,
942 3129 1000 3167 non
1038 3110 1102 3168 fere
1130 3108 1312 3186 offenditur),
1355 3129 1423 3166 curn

339 3195 527 3253 Heindorfius
554 3196 592 3252 ad
620 3197 635 3253 I
662 3196 700 3253 N.
731 3197 767 3252 D.
799 3199 812 3252 l
848 3196 1028 3265 dubitasset,
1068 3197 1215 3252 infinitum
1248 3203 1308 3266 est,
1349 3205 1425 3270 quot

338 3289 441 3338 contra
473 3281 618 3354 dixerint,
652 3291 685 3338 ut
717 3281 776 3338 iam
809 3282 839 3338 in
872 3281 1055 3339 scholasticis
1087 3281 1172 3338 libris
1200 3299 1247 3338 res
1275 3281 1422 3338 tradatur.

339 3364 398 3422 Sed
430 3366 487 3424 hoe
519 3367 585 3424 loeo
619 3386 689 3424 sane
717 3379 870 3444 suspectus
904 3368 1108 3425 coniunctivua
1141 3368 1188 3439 fic,
1222 3367 1362 3441 quoniam
1394 3377 1423 3422 et

337 3451 399 3508 Erl.
422 3462 452 3510 et
474 3453 536 3509 cod.
555 3453 633 3508 vict.
656 3454 796 3510 omittunt
817 3457 859 3510 sit.
904 3454 1008 3511 Potuit
1029 3453 1175 3524 excidere,
1199 3461 1233 3510 ut
1256 3471 1345 3528 saepe
1369 3472 1423 3509 ex-

338 3536 418 3608 cidit,
441 3537 571 3595 librariis
593 3557 651 3594 non
674 3538 855 3595 intellectum
878 3550 926 3596 ecl.
955 3538 1066 3617 [Tenet
1088 3549 1186 3596 tamen
1209 3536 1264 3616 A.]

424 3644 456 3680 ne
477 3626 555 3698 efficit
577 3626 697 3698 quidem.)
721 3624 787 3683 Om.
810 3627 1029 3698 qm'demomnes
1046 3625 1133 3695 Dav,
1156 3623 1238 3699 Οκχς
1260 3622 1353 3680 fuisse
1377 3624 1422 3680 di-

338 3709 414 3765 citur
443 3709 472 3766 in
500 3709 636 3767 omnibus
659 3708 736 3767 Gaii.
759 3711 820 3766 Pro
843 3721 897 3766 tum
919 3731 951 3767 ne
973 3707 1025 3782 Εξ,
1058 3711 1127 3768 Bes.
1151 3721 1237 3766 tuanen
1260 3730 1321 3777 ηοιι,
1344 3728 1422 3783 quos

337 3794 429 3851 miror
450 3814 508 3852 non
531 3795 667 3852 omittere
679 3797 794 3868 quidem,
818 3807 852 3853 ut
872 3797 902 3852 in
925 3797 1026 3853 eadem
1039 3796 1185 3872 scriptura
1197 3795 1269 3853 fecit
1280 3795 1325 3852 ed.
1337 3794 1421 3853 Crat.

337 3891 367 3936 et
388 3879 514 3938 fortasse
536 3880 612 3937 aliae
635 3890 705 3937 vett

423 3985 476 4039 qao
503 3967 569 4022 reiicit
596 3969 701 4041 turpius
724 3968 838 4042 physico
865 3972 961 4041 picam)
1006 3967 1092 4040 Quod
1115 3967 1211 4024 inerat
1231 3968 1261 4023 iu
1285 3968 1350 4042 ipso
1374 3987 1420 4023 re-

337 4049 439 4120 lativo,
463 4052 628 4127 explicatur
650 4051 764 4108 adiecto
787 4071 840 4127 per
862 4073 943 4127 quom
966 4053 1080 4127 integre
1103 4054 1264 4124 sententie,
1293 4071 1351 4127 quo
1377 4055 1418 4124 fit,

338 4145 371 4191 ut
413 4137 539 4194 alterum
572 4138 801 4213 comparationis
834 4139 996 4194 membrum
1037 4138 1194 4214 dupliciter
1227 4139 1418 4214 significetur.

337 4220 424 4278 Dixit
451 4223 487 4280 de
516 4223 572 4280 hoc
600 4223 771 4300 epexegesis
793 4242 919 4300 genere,
955 4223 1080 4281 Graecis
1109 4235 1138 4282 et
1166 4223 1304 4282 Ciceroni
1331 4225 1418 4281 valde

336 4307 455 4380 usitato,
479 4327 532 4364 nec
555 4309 648 4383 magis
671 4309 700 4364 in
722 4309 847 4366 relativo
870 4326 958 4383 quam
987 4308 1018 4364 in
1042 4310 1290 4380 demonstrativo,
1324 4311 1418 4367 Hein-

337 4392 447 4450 dorfius
469 4393 506 4449 ad
528 4394 544 4450 I
566 4395 605 4452 N.
617 4395 655 4450 D.
680 4395 729 4458 38,
754 4395 851 4452 citatis
873 4395 962 4452 etiarn
985 4396 1201 4471 superioribus,
1229 4395 1416 4465 Marklendo,
