2938 5020
398 365 441 411 ur
464 365 544 412 unu.
562 365 624 412 urs.
642 367 653 410 1
677 365 748 413 cnr.
763 370 803 413 20.
1075 351 1136 414 129

90 543 183 614 quanto
213 534 245 598 id
271 534 304 598 in
332 534 489 598 hominum
516 534 737 600 consuetudine
763 533 882 599 facilius
910 533 977 600 fieri
998 536 1137 616 potuerit

91 642 114 700 et
129 635 248 702 iustius?
293 637 344 702 70.
367 637 446 703 Sunt
467 645 579 716 autem,
602 637 655 718 qui
677 636 790 714 dicant
812 636 922 702 foedus
944 655 1014 703 esse
1036 639 1135 720 quod-

144 880 162 926 l.
176 875 258 940 poterr't
274 875 298 924 R
333 880 357 927 2.
375 874 457 926 dicunt
474 874 596 928 EPMCR
621 873 740 939 quoddam
759 893 809 926 erre
827 875 892 927 cor.
912 876 1030 941 quoddam
1048 847 1135 930 omit]

88 1081 192 1140 Bnlium
213 1085 249 1141 ed
266 1083 329 1143 Cic.
341 1084 431 1160 Legg.
444 1104 472 1160 p.
484 1083 546 1142 463
570 1093 687 1141 secutus
710 1084 841 1160 scripsitr
864 1119 905 1127 —
927 1105 1008 1160 equos
1031 1087 1135 1143 lrrdicrn

87 1187 155 1226 erere.
170 1179 215 1225 urit
234 1189 288 1227 curt.
307 1171 505 1239 consuetudine3
528 1179 643 1226 namet
664 1170 740 1227 nude
763 1172 947 1228 conruenrdine
969 1169 1026 1228 dici
1049 1171 1136 1228 debet

87 1272 129 1310 nec
142 1257 238 1312 ludim
266 1274 353 1312 erere.
376 1266 424 1312 unt
448 1275 504 1312 ueu.
522 1257 706 1312 consuetudine
727 1253 811 1326 fene,
838 1256 926 1314 urbes
949 1256 1136 1336 adamantum

87 1357 241 1415 quamquam
263 1359 369 1416 perse
392 1341 488 1398 minus
510 1341 661 1398 commode
684 1360 750 1398 cum
771 1342 859 1399 rebus
881 1342 1025 1408 externis,
1060 1361 1135 1417 quen

86 1424 250 1497 adamantur,
284 1425 503 1503 coniunguntur
530 1427 560 1483 in
587 1427 644 1483 hac
672 1427 824 1484 hominum
847 1427 1065 1503 comparatione
1087 1447 1135 1485 ae·

88 1509 185 1588 ionas]
227 1512 385 1569 Euri-cerriti
406 1511 510 1572 Cicero
534 1511 611 1569 dixit
632 1531 686 1588 pro
708 1532 737 1569 ec
758 1514 909 1580 exercendi,
932 1515 1135 1584 cincinnatus,

88 1597 185 1671 propria
205 1598 332 1672 quadam
354 1597 489 1674 gerundii
512 1607 666 1674 potestate,
690 1616 765 1672 quae
788 1615 854 1655 cum
876 1598 943 1655 inde
966 1607 1031 1656 orta
1048 1609 1134 1670 esset,

88 1682 147 1752 quod
166 1683 310 1740 interdum
333 1683 506 1759 gerundium
530 1701 587 1740 nou
609 1683 646 1740 ad
669 1683 765 1758 ipsum
787 1684 949 1741 sententiae
962 1684 1134 1754 subiectum,

88 1766 127 1822 sed
143 1767 175 1824 ad
196 1769 285 1846 uliam
308 1769 466 1845 cogitatam
493 1787 650 1845 personam
677 1779 728 1826 aut
755 1788 816 1826 rem
844 1767 1004 1851 referretur
1030 1765 1076 1850 (ut
1105 1770 1134 1826 in

88 1863 141 1908 noto
159 1853 222 1911 illo:
244 1857 299 1910 urit
320 1856 434 1911 cedendo
449 1854 583 1930 seruire),
611 1855 753 1930 paulatim
776 1873 811 1912 eo
834 1873 989 1932 progressa
1011 1867 1069 1926 est,
1103 1863 1136 1912 ut

87 1939 236 2010 gemndinm
258 1940 396 2015 genetivo
419 1958 488 1996 casu
511 1959 569 1998 non
592 1948 651 1997 tam
674 1940 791 2016 passive
813 1959 902 2016 quarn
923 1960 977 2016 pro
999 1940 1135 1998 substan·

88 2021 134 2080 tiro
152 2025 259 2082 verbuli
281 2035 448 2101 poneretur.
493 2025 547 2100 (Et
572 2025 624 2082 alii
650 2037 679 2083 et
701 2025 833 2084 Kritzius
855 2025 892 2082 ed
916 2025 1048 2086 Sallustii
1071 2026 1135 2103 Ing.

89 2106 119 2162 tl
136 2108 161 2165 in
181 2110 282 2168 eodem
306 2121 374 2169 sunt
395 2129 509 2180 errore,
539 2111 656 2186 dequo
684 2111 747 2168 dixi
769 2111 806 2168 ed
829 2116 844 2182 ξ
869 2112 923 2181 60;
946 2130 1004 2169 non
1027 2111 1135 2169 discer-

88 2202 144 2250 nunt
172 2196 292 2271 primam
326 2196 469 2273 originem
502 2197 728 2254 constructionis
756 2207 785 2254 et
812 2215 897 2255 usum
924 2196 1040 2274 longius
1068 2217 1135 2273 pro·

88 2295 210 2351 gressum
232 2283 333 2356 iteque
355 2282 385 2338 in
409 2291 558 2340 contortas
581 2283 793 2358 suplicationes
815 2291 845 2340 et
866 2282 957 2340 falsas
979 2283 1135 2358 incidunt.)

88 2359 126 2420 Sic
144 2366 223 2424 Tunc
244 2368 275 2439 1,
300 2368 340 2424 53
364 2367 484 2424 dicitur:
517 2371 610 2424 ceteris
632 2369 680 2425 loc
697 2371 861 2444 principium
883 2379 922 2426 eet
943 2369 1076 2429 mouendi.
1105 2369 1134 2425 id

88 2459 133 2520 εει,
152 2472 177 2509 ee
194 2455 328 2518 mouendi,
357 2463 443 2510 untur
465 2449 533 2532 (ubi
555 2472 613 2510 non
637 2463 770 2511 contorte
792 2454 901 2523 solum,
935 2454 987 2512 sed
1009 2454 1135 2512 absurde

87 2532 151 2591 eliud
170 2538 329 2596 subiectum
348 2535 530 2617 quaeratur),
554 2548 583 2595 et
601 2539 749 2611 Acad.II‚
776 2540 849 2597 101:
872 2550 901 2596 nt
922 2543 947 2596 ei
966 2559 1029 2596 vua
1052 2542 1135 2596 crinitur

88 2621 204 2680 &bunun
234 2643 319 2699 neque
347 2633 432 2682 werten
455 2625 551 2682 natm
573 2627 698 2699 insipneru
720 2627 794 2682 illurn
810 2627 979 2701 percipiendi
1000 2620 1135 2706 (percep-

88 2703 171 2788 tionis)
194 2719 291 2766 rictum.
321 2707 401 2788 [Liv.
424 2711 462 2778 V,
486 2711 542 2777 27,
567 2710 584 2767 2
614 2713 689 2767 lueres
711 2712 902 2786 exercendique
928 2730 1020 2768 causa.
1064 2711 1135 2768 Alia

87 2793 157 2862 posui
179 2793 207 2851 in
228 2793 354 2871 praeiet.
377 2795 436 2852 vol.
457 2795 507 2854 111
527 2815 557 2872 p.
583 2799 597 2853 l
621 2795 700 2853 Livii
723 2815 741 2853 a
762 2815 809 2854 me
838 2807 869 2854 et
890 2796 1030 2873 Ussingio
1053 2797 1134 2866 editi,

87 2877 249 2958 n.xx1x.]
294 2869 497 2956 Quod'possit
519 2881 647 2957 cuipiam
669 2880 699 2938 in
722 2889 849 2939 mentem
871 2882 987 2953 venire,
1018 2879 1135 2957 inipso

86 2967 203 3022 emendi·
232 2967 339 3029 verbo,
373 2985 438 3024 cum
472 2967 508 3024 de
540 2967 708 3025 hominibus
730 2985 761 3025 se
784 2967 989 3026 exercentibus
1011 2967 1134 3035 dicetur,

87 3049 217 3108 transitum
239 3051 368 3127 aliquem
391 3052 535 3110 eiusmodi
557 3053 620 3110 lieri
643 3052 680 3108 ad
696 3052 860 3110 neutralem
877 3071 972 3124 usum,
996 3053 1134 3127 quoniam

86 3131 157 3190 etiam
178 3137 206 3194 Π
226 3137 263 3195 de
286 3136 370 3195 Orat.
394 3138 454 3195 287
478 3138 607 3196 dicatur:
640 3141 733 3196 conns
759 3141 786 3195 in
819 3157 913 3215 cumpo
940 3139 1133 3207 exurentibus,

86 3213 108 3270 id
125 3237 177 3276 non
202 3231 260 3280 tam
289 3223 326 3279 ed
355 3223 411 3280 hoc
438 3224 559 3280 verbum
593 3242 681 3298 quam
714 3224 752 3280 ad
784 3224 864 3281 illius
891 3223 1039 3300 participii
1067 3243 1135 3298 pro·

86 3301 217 3373 prietatem
239 3319 373 3384 spectare
396 3309 501 3366 docent
524 3309 582 3366 duo
605 3308 739 3368 Suetonii
755 3309 833 3379 loci,
857 3309 887 3366 in
909 3310 966 3367 Iul.
990 3310 1028 3367 26
1054 3306 1135 3387 (ipsi-

86 3403 125 3456 que
142 3392 237 3450 dutum
258 3395 439 3451 coercentibus
461 3394 570 3469 durent)
594 3403 623 3451 et
645 3395 723 3470 Aug.
749 3395 797 3452 98.
847 3395 949 3454 Simile
972 3404 1016 3452 est
1046 3395 1135 3471 igitur

84 3467 128 3529 hoc
142 3476 181 3544 ei,
203 3479 280 3553 quod
297 3479 327 3537 in
350 3479 417 3536 aliis
439 3480 555 3550 accidit,
578 3489 610 3537 ut
633 3480 662 3536 in
682 3483 792 3554 piperni
814 3476 1003 3561 (Remslrorn.
1026 3501 1054 3556 p.
1076 3482 1131 3537 lil

84 3556 119 3612 0⁴1
139 3555 183 3642 ἳ),
205 3565 254 3621 sed
281 3565 410 3622 maxime
437 3566 467 3623 in
495 3585 620 3636 onsurae,
645 3585 774 3640 pascens,
802 3567 912 3635 uelum
945 3585 1012 3622 nam
1046 3567 1134 3622 etiarn

83 3651 183 3703 rrerceri
201 3650 326 3723 quodem
349 3651 436 3708 modo
469 3670 523 3727 pro
556 3651 714 3727 deponenti
742 3652 894 3709 dicebatur
916 3651 952 3709 de
980 3670 1134 3728 corporum

82 3733 281 3793 exercitatione.

148 3818 276 3900 posuerit)
298 3821 411 3880 Parum
427 3830 514 3897 aptus
531 3833 575 3879 est
592 3840 661 3879 usus
672 3822 843 3897 potentialis
858 3821 970 3880 formae
988 3822 1017 3878 in
1035 3823 1135 3879 huius·

82 3902 145 3958 modi
166 3906 393 3984 interrogatione
416 3907 493 3976 eius,
516 3908 566 3982 qui
589 3907 789 3965 concludendo
801 3917 895 3984 urget,
912 3908 1136 3984 nugasqueagit

81 3981 160 4044 Grion
181 3990 218 4048 de
238 3993 371 4068 optativa
391 3991 485 4050 futuri
507 3993 603 4050 exacti
625 3993 655 4051 vi
678 4003 708 4051 et
731 3995 769 4051 25
793 3994 866 4052 locis
889 3993 1054 4065 Ciceronis,
1085 3992 1135 4050 ubi

81 4067 141 4130 llud
163 4076 254 4146 „citra
275 4079 340 4136 ius“
365 4077 592 4154 exterminatum
621 4079 672 4146 sit,
707 4079 843 4154 loquens;
877 4097 931 4136 nec
957 4078 1135 4136 indicativus

81 4153 158 4217 lamii
189 4163 284 4220 execti
314 4181 368 4240 pro
395 4163 522 4240 simplici
543 4165 572 4221 h.
594 4163 613 4220 l.
635 4164 726 4221 ullam
749 4165 845 4222 exiis
873 4165 1135 4242 significationibus

81 4237 174 4304 hebere
205 4259 315 4324 potest,
356 4267 431 4324 quae
464 4250 543 4325 apud
576 4249 749 4309 Ciceronem
781 4251 876 4308 inesse
915 4250 1024 4318 solent;
1060 4247 1136 4330 (rid.

931 4367 948 4419 9
