2956 5028
315 365 380 429 280
703 381 749 426 nn
771 379 904 428 surmus
929 379 1002 428 sex.

315 549 408 616 etiam
441 549 557 615 omissa
590 568 648 632 spe
675 549 854 632 voluptatis
903 550 972 616 Hoc
999 549 1059 614 etsi
1083 549 1189 614 miritis
1218 551 1331 616 modis
1361 570 1414 616 re·

314 651 426 734 prendi
448 657 566 733 potest3
594 661 698 718 tamen
726 651 853 733 adipio,
875 653 959 732 quod
985 652 1077 731 daut;
1110 651 1184 717 mihi
1212 655 1302 719 enim
1332 653 1414 720 satis

315 761 372 834 est,
394 755 472 836 ipsis
494 774 556 821 non
579 753 664 820 satis.
708 754 790 818 Nam
812 754 982 836 aliquando
1004 773 1099 836 posse
1109 753 1273 822 reotafieri
1286 756 1414 834 diormt

315 857 401 922 nrrlla
422 863 585 938 expectata
606 875 663 924 nee
684 857 827 938 qmesita
848 856 1017 938 voluptate.
1062 858 1113 924 83.
1135 857 1273 924 Posuisti
1300 859 1413 934 etiam,

277 959 419 1024 edioere
441 959 529 1038 alios,
550 958 660 1024 foedus
682 960 840 1039 quoddam
866 959 948 1024 inter
969 977 1005 1024 se
1025 958 1128 1026 fauere
1151 960 1335 1041 sapientes,
1366 969 1413 1038 ut,

315 1061 576 1143 quemadmodum
606 1061 668 1126 sint
697 1061 729 1126 in
752 1061 895 1143 seipsos
917 1060 1059 1141 animati,
1091 1063 1200 1128 mdem
1222 1063 1322 1128 modo
1348 1063 1414 1126 sint

315 1182 391 1246 ergo
412 1165 543 1244 amieos;
576 1162 609 1228 id
638 1169 670 1230 et
697 1161 765 1228 fieri
788 1181 883 1245 posse
905 1170 937 1228 et
959 1181 1054 1245 saepe
1076 1183 1146 1230 esse
1167 1162 1286 1228 laemm
1310 1165 1414 1230 etad

315 1266 493 1348 voluptates
513 1265 733 1348 percipiendas
755 1266 886 1331 maxime
895 1266 1061 1347 pertinere
1095 1266 1164 1332 Hoc
1174 1265 1286 1332 foedus
1299 1265 1414 1331 faeere

316 1367 343 1433 si
365 1373 544 1450 potuerunt,
566 1366 684 1433 faciant
705 1367 800 1433 etiam
821 1367 905 1448 illud,
927 1373 963 1432 ut
984 1369 1183 1450 aequitatem,
1206 1367 1411 1444 modestiam,

252 1469 583 1548 ¹10rirtutes01nnos
612 1488 670 1551 per
697 1488 731 1535 se
758 1469 845 1552 ipsas
867 1471 966 1552 gratis
992 1471 1130 1552 diligant.
1175 1471 1348 1549 duxero,
1384 1469 1411 1533 si

315 1571 467 1637 fructibus
489 1579 522 1638 et
542 1571 757 1638 emolumentis
779 1581 812 1637 et
832 1572 1018 1639 utilitatibus
1040 1573 1191 1638 amicitias
1204 1572 1358 1652 solemus,
1383 1571 1411 1635 si

316 1674 401 1740 nulla
423 1675 538 1740 carias
560 1673 628 1754 erit
650 1693 731 1756 qliae
752 1673 846 1740 meist
866 1674 1033 1740 amdtiam
1059 1675 1162 1758 ipsam
1189 1692 1249 1740 sus
1277 1683 1409 1755 sponte

316 1776 347 1841 vi
369 1795 435 1857 sua,
457 1795 496 1842 ex
517 1795 552 1842 sa
572 1781 605 1843 et
625 1784 757 1858 propter
778 1795 813 1842 se
835 1779 1056 1858 expetendam,
1078 1777 1206 1842 dubium
1228 1783 1289 1856 est,
1329 1775 1409 1857 quin

316 1877 430 1944 limdos
452 1889 484 1944 et
505 1879 623 1944 insulas
645 1879 752 1944 amieis
774 1881 1022 1961 anteponamus?
1055 1880 1106 1944 84.
1129 1879 1218 1943 lieet
1228 1877 1277 1943 hie
1287 1894 1408 1942 rursus

258 1984 299 2048 15
317 1998 355 2045 ea
376 1999 605 2061 commemores,
628 1998 710 2063 quae
731 1980 855 2063 optimis
877 1979 981 2046 verbis
1007 1981 1048 2046 ab
1075 1980 1211 2063 Epicuro
1241 1981 1280 2044 de
1310 1979 1408 2045 laude

390 2189 409 2235 1.
431 2183 504 2252 [Post
512 2183 557 2238 nol.
569 2185 606 2235 Δ*
615 2185 673 2236 add.
684 2185 710 2235 in
720 2201 800 2248 marg.
809 2183 847 2235 val
854 2185 974 2251 meldath]
1011 2185 1136 2235 arms
1174 2183 1317 2234 multimodas
1346 2181 1404 2249 AJE

318 2253 404 2332 23ri'at
421 2253 540 2303 Leues
596 2255 1078 2334 θροηιειιοιινεοτεΕῄοι·ι“νεσίιΙ,Ι
1117 2261 1142 2306 l.
1164 2251 1331 2321 [expmslh
1365 2267 1405 2328 ae-

317 2322 443 2400 panduli
496 2331 574 2408 putem
592 2325 648 2401 (pro
667 2327 749 2388 amm)
767 2323 866 2375 PMCR
926 2329 950 2374 d.
965 2325 1049 2384 saeve
1067 2331 1128 2372 mter
1143 2339 1170 2372 aa
1188 2323 1222 2402 R·
1263 2325 1286 2370 8.
1308 2335 1404 2386 perrpt-

222 2425 226 2440 .
317 2389 721 2512 fgeffissp[gg⁴npmeml⁵
787 2390 1112 2459 ro.sr[a]n1>atcs0r.
1154 2396 1192 2442 12.
1212 2389 1306 2456 rpsol'
1366 2393 1404 2438 15.

403 2652 449 2689 areo
471 2632 608 2709 quaesita)
631 2633 729 2692 Etiam
753 2633 831 2710 Spir.
854 2631 910 2712 [B]
933 2636 1082 2709 aequisita,
1113 2633 1252 2691 mendose
1274 2631 1403 2708 repetita

317 2718 553 2794 praepositione3
586 2737 681 2794 neque
704 2718 781 2776 enirn
804 2738 944 2795 umquam
967 2719 1010 2778 sic
1032 2721 1173 2794 aequarer-e
1194 2736 1248 2794 pro
1273 2713 1402 2793 simplici

317 2803 437 2880 ponitur
459 2804 495 2860 de
506 2823 538 2861 re
550 2803 652 2878 aliqua
662 2805 791 2881 petenda
802 2813 832 2862 et
843 2805 983 2881 paranda,
1006 2804 1152 2881 longeque
1169 2803 1255 2861 aliter
1266 2805 1402 2878 exquesita

317 2891 440 2964 voluptas
462 2889 578 2946 dieitur.

405 2975 454 3031 83.
488 2976 609 3032 Posuisti
629 2975 722 3050 etium)
746 2974 795 3035 Sic
813 2994 870 3051 mg.
888 2973 978 3046 Crat,
1001 2975 1066 3032 Pal.
1081 2977 1108 3046 1,
1131 2993 1147 3032 e
1170 2993 1230 3049 quo
1251 2983 1321 3049 post
1338 2975 1401 3032 Me·

317 3059 431 3117 nulium
455 3057 602 3119 Gruterus
624 3059 762 3132 restituit,
786 3058 851 3138 [B,]
874 3059 953 3132 Gaii,
976 3068 1102 3137 excepto
1124 3059 1204 3118 Gud.
1228 3059 1257 3130 2,
1280 3077 1391 3118 omnes.

403 3147 449 3202 Aa
472 3165 585 3202 eero—
600 3147 710 3202 clabiam
732 3157 771 3203 est
793 3146 868 3224 -?)
892 3143 942 3206 Sia
964 3145 1151 3204 scribendum
1174 3163 1248 3216 esse,
1272 3145 1302 3202 in
1321 3161 1401 3202 men·

319 3239 378 3288 tem
391 3230 611 3302 venersthiQ
634 3231 686 3306 qui
708 3232 732 3288 si
755 3231 871 3290 oodioes
890 3231 1079 3307 inspexisset,
1101 3250 1160 3289 non
1172 3229 1267 3292 solum
1287 3229 1318 3286 in
1330 3229 1401 3298 Eri,

317 3316 455 3374 eadsine
478 3316 567 3374 dubio
590 3317 680 3374 etiam
702 3317 732 3374 in
745 3317 823 3393 Spir.
845 3317 888 3374 ita
905 3317 1047 3393 seriptum
1060 3316 1248 3393 repperisset.
1276 3313 1342 3393 [Ita
1352 3311 1400 3390 B.]

317 3401 458 3460 Postulat
478 3402 554 3458 hane
576 3401 795 3460 adiunctionem
818 3397 909 3483 (Ode
936 3403 1008 3460 karan
1036 3423 1065 3460 es
1092 3403 1163 3462 noll
1183 3399 1253 3476 oet)
1276 3401 1401 3458 interro·

319 3487 421 3564 gativa
443 3487 586 3546 orationis
607 3486 712 3545 forma.
756 3488 794 3545 Aa
812 3507 881 3558 uero,
905 3487 985 3561 quod
995 3487 1132 3546 Handius
1155 3485 1288 3544 defendit
1299 3482 1400 3567 (Turs.

317 3573 334 3632 1
356 3591 384 3648 p.
397 3571 483 3648 429),
507 3581 570 3630 turn
593 3582 671 3631 esset
693 3592 809 3636 verumq
833 3573 858 3630 si
882 3572 1003 3644 Cicero,
1027 3573 1176 3650 explicata
1204 3579 1311 3629 natura
1340 3572 1401 3630 eius

318 3657 477 3728 amicitiae,
501 3677 577 3732 queo
599 3677 652 3734 per
675 3677 706 3716 se
729 3667 927 3734 expeteretur,
951 3678 967 3716 e
989 3659 1139 3717 contrario
1161 3657 1338 3733 adirrngeret
1360 3655 1400 3714 ai·

318 3743 464 3800 firmando
486 3753 538 3800 aut
560 3743 704 3821 negando,
728 3745 799 3818 qnid
821 3744 958 3802 inaltet-a
969 3744 1082 3803 ratione
1093 3751 1273 3819 sequeretur.
1296 3743 1400 3818 Itaque

318 3829 461 3886 haetenus
482 3837 564 3887 recto
587 3829 696 3888 iudicio
717 3829 764 3888 usi
787 3839 856 3888 sunt
866 3829 989 3900 librarii,
1013 3830 1064 3905 qui
1086 3829 1116 3887 in
1127 3829 1175 3888 El.
1186 3847 1245 3885 uno
1263 3836 1294 3885 et
1304 3827 1400 3886 llesd.

320 3915 516 3989 scripserunt:
538 3917 576 3971 At
599 3917 835 3972 vero-dubium
857 3936 909 3972 noa
931 3925 979 3986 eet,
1003 3925 1036 3972 ut
1058 3925 1103 3974 ast
1114 3915 1203 3972 etiam
1220 3913 1251 3970 in
1263 3913 1308 3970 ed
1322 3913 1399 3973 Crat.

318 3999 468 4076 Persaepe
491 4000 547 4057 hoo
569 4021 620 4072 aa,
650 4000 729 4075 quod
756 3999 786 4058 in
809 4000 997 4078 adiungenda
1018 3999 1249 4079 interrogatione
1272 4000 1398 4074 ponitur,

320 4095 490 4161 corruptum
514 4095 572 4156 eet3
601 4084 655 4144 eir.
677 4086 702 4158 Ι,
733 4085 760 4143 5.
789 4087 863 4145 Mox
885 4088 1045 4158 insularum,
1068 4104 1144 4162 quae
1161 4084 1399 4144 adhabitoudum

320 4169 521 4240 eloeabantur,
544 4173 677 4229 mercedes
699 4171 857 4248 significari
881 4171 932 4250 (ad
943 4173 1009 4229 Ata
1021 4173 1093 4243 XV,
1109 4170 1172 4252 17),
1195 4179 1332 4246 apertum
1350 4177 1400 4228 est.

407 4256 457 4312 84.
489 4257 523 4312 de
535 4256 628 4333 uada)
652 4255 701 4316 Sic
713 4257 803 4315 etiem
815 4257 893 4333 Spir.
906 4255 972 4336 [B]‚
995 4257 1075 4316 Gud.
1088 4259 1117 4330 2,
1140 4251 1220 4333 Εξψ,
1244 4255 1289 4313 ed.
1312 4255 1399 4319 Cras.

318 4339 350 4397 id
373 4349 427 4412 est,
450 4340 586 4400 meliores
609 4351 639 4399 et
661 4341 739 4400 bona
760 4361 831 4419 pars
852 4343 1040 4401 deteriorum.
1085 4341 1259 4420 Superiores
1276 4341 1398 4398 alania
