2938 5020
341 375 401 436 130
729 391 773 436 na
796 391 926 436 smnus
950 392 1020 436 rios.

337 560 408 622 «min
431 559 625 640 sapientium,
648 569 743 624 utne
765 559 866 624 smnus
888 561 1002 624 anticos
1018 579 1111 640 quam
1127 559 1397 640 seipsosdilignut.

338 661 427 738 Quid
451 669 482 726 et
505 679 597 742 posse
619 661 685 726 fieri
707 661 912 742 intellegimus
940 671 971 725 et
998 681 1092 742 saepe
1113 661 1133 740 †
1156 663 1236 726 euim
1260 649 1414 727 undenus]

410 853 430 898 1.
449 848 580 913 sapientum
599 847 780 908 (itincttot.
817 865 887 912 quom
905 850 994 898 ammos
1013 813 1031 897 Ρ
1058 847 1157 915 [moilens
1176 850 1264 898 ommes
1283 867 1347 913 worn
1366 849 1396 914 A]

338 917 427 966 amicos
445 915 536 980 pridem
555 934 625 981 quam
644 919 719 967 ceteri
767 915 809 984 [rii
824 918 887 982 ipsos
907 915 953 984 ΔΙ]
1000 923 1021 966 2.
1033 917 1096 980 Jieri
1108 935 1179 982 pesse
1197 919 1242 969 Ec

339 1109 554 1184 (usstandand.
578 1109 618 1179 lI,
643 1129 670 1184 p.
684 1111 723 1166 94
747 1107 816 1186 sq.).
861 1109 966 1183 Itaque
988 1127 1047 1165 non
1070 1109 1252 1184 reprehendo
1275 1129 1332 1171 eos.
1355 1111 1400 1183 qui

336 1199 433 1270 poteret
461 1195 639 1269 scripserunt
667 1193 726 1264 (ed.
749 1195 825 1250 Van.
852 1197 941 1257 tusc,
964 1193 1061 1264 Crat,
1086 1196 1177 1264 vict,
1202 1196 1290 1258 Man..
1313 1195 1400 1252 Lirin..

339 1279 416 1357 alii).
461 1280 540 1338 (lxx.
563 1281 600 1336 ad
629 1283 727 1356 poterit
756 1287 867 1336 tantum
897 1299 934 1336 ex
962 1299 1021 1338 uno
1042 1299 1060 1354 χ
1087 1291 1265 1338 annotarunt
1284 1285 1400 1356 potuerit,

339 1365 389 1422 sed
412 1376 475 1422 erat
497 1365 526 1422 in
550 1365 626 1422 Pall.
648 1365 784 1424 omnibus
808 1375 837 1422 et
860 1364 991 1424 Gaianis.

426 1451 474 1510 70.
520 1454 589 1508 Satn
610 1462 712 1515 cettan,
741 1454 789 1525 (μα’
814 1451 918 1526 eliceant)
952 1450 1119 1529 [Comactio
1146 1451 1218 1508 haee
1246 1451 1402 1512 videbatur,

339 1535 475 1611 quonism
509 1546 627 1612 praeter
655 1537 679 1594 L
702 1545 791 1593 testes
818 1537 984 1594 citabantur
1011 1547 1123 1594 tanturn
1146 1537 1204 1596 Ox.
1227 1537 1252 1594 E
1285 1547 1312 1593 et
1339 1537 1402 1594 Bas.

340 1621 425 1680 Nune
458 1623 631 1680 confirmant
657 1623 686 1680 A
720 1631 749 1678 et
771 1619 821 1699 Β.]
856 1623 940 1689 Mihi,
968 1623 1082 1680 etiarnsi
1105 1623 1248 1680 correctio
1270 1633 1352 1683 esset.
1375 1635 1402 1678 nt

338 1707 517 1782 corrigentes
534 1725 687 1781 sequerer,
711 1707 877 1766 huiusmodi
905 1708 1031 1765 maxime
1053 1709 1111 1766 loci
1133 1709 1355 1784 persuaderent,
1377 1709 1402 1763 in

339 1793 444 1868 quibus
466 1803 589 1892 apparet
611 1793 797 1852 librariorum
819 1794 906 1850 etiam
935 1794 1173 1868 perantiquorum
1196 1794 1403 1878 adornandum

339 1879 368 1936 in
392 1879 446 1935 huc
468 1897 499 1936 re
522 1878 706 1953 proclivitas,
741 1887 773 1936 ut
799 1879 887 1936 Tuse.
915 1879 951 1950 I,
989 1881 1040 1950 18,
1075 1880 1124 1936 nbi
1148 1879 1177 1937 in
1200 1880 1350 1938 sententiis
1371 1897 1403 1936 ex

339 1983 433 2038 nequo
456 1963 559 2038 positis
582 1964 684 2039 optimi
707 1964 805 2034 codd,
839 1964 936 2040 regius
964 1975 994 2021 et
1015 1964 1094 2024 Gud.
1121 1967 1152 2036 l,
1186 1965 1307 2022 habent:
1341 1965 1404 2022 Secu

339 2053 420 2115 enim,
448 2051 497 2124 qui
517 2081 558 2092 -·
576 2061 717 2125 putarem
744 2060 814 2120 ntra,
837 2054 885 2124 qui
905 2061 1070 2107 censeant.

426 2145 453 2190 ut
476 2155 506 2192 nc
534 2138 620 2192 miuus
647 2131 759 2216 criticos)
793 2136 883 2194 Recte
911 2136 1076 2205 Manutius,
1110 2137 1285 2204 Lambinus,
1319 2134 1405 2194 Gzius

340 2219 512 2278 deleverunt
529 2222 645 2294 pestilens,
668 2221 747 2296 qnod
769 2221 832 2278 sive
859 2229 926 2296 post
949 2225 1035 2278 resistas
1063 2222 1125 2278 sive
1153 2232 1220 2298 post
1242 2225 1339 2278 criticos
1360 2221 1405 2277 ad-

340 2305 432 2362 ditum
465 2323 603 2380 perverse
626 2306 800 2364 vocabulum
835 2307 1012 2382 praecedens
1040 2307 1161 2383 insignit
1189 2317 1218 2364 et
1246 2307 1358 2364 extollit
1381 2319 1405 2361 et

342 2409 431 2466 pruove
459 2409 523 2448 cum
552 2413 583 2448 ne
606 2391 752 2450 coalescit.
807 2393 958 2449 Edebatur
980 2401 1047 2448 ante
1070 2392 1246 2460 Gruterum,
1282 2392 1405 2467 exceptis
1456 2453 1457 2462 χ

342 2475 476 2534 Manutio
504 2486 532 2532 et
560 2477 719 2548 Lambin0,
742 2487 775 2534 ut
797 2478 854 2535 mei
877 2477 1036 2536 deteriores
1057 2478 1181 2546 haltent3
1215 2477 1360 2536 Gruterus
1381 2486 1404 2532 et

344 2561 483 2620 liavisins
500 2563 587 2618 tacite
611 2571 854 2638 transposuerunt
875 2565 980 2637 quidem
1003 2567 1102 2620 ciericos
1125 2562 1204 2640 [ille,
1228 2573 1258 2620 ut
1281 2573 1406 2638 apparet.

342 2649 370 2704 Α
394 2645 540 2724 secutus];
563 2647 708 2708 Oxx.EU
733 2648 871 2706 omittunt
893 2651 1014 2723 quidam
1037 2667 1052 2705 e
1076 2648 1198 2706 Gzianis
1216 2648 1330 2707 (tuna
1353 2650 1406 2721 pui-

343 2737 399 2788 detn
423 2736 521 2788 tenuem
544 2737 642 2796 inians,
676 2734 745 2791 Bas.
773 2736 878 2808 quidem
913 2737 998 2790 tiriaus
1031 2737 1143 2796 criticos,
1178 2733 1256 2792 Gne
1284 2738 1295 2790 l
1328 2739 1406 2788 suiuus

343 2821 440 2872 introiens
468 2820 583 2892 quidem.
634 2819 680 2876 De
708 2819 769 2876 Eri.
798 2829 826 2876 et
850 2819 928 2894 Spin.
952 2819 1044 2877 Gaius
1066 2819 1140 2876 nihil
1163 2819 1252 2890 dixit,
1290 2837 1405 2893 quorum

344 2903 391 2960 ille
415 2901 629 2982 [consentiente
653 2901 692 2982 B]
715 2904 820 2961 leviter
842 2915 996 2981 corruptus
1022 2915 1135 2962 rectum
1158 2915 1254 2961 tannen
1278 2903 1406 2961 ostendit.

344 2988 415 3046 llixi
439 2989 496 3046 iant
519 2989 672 3065 inOpuse.
695 2989 720 3057 Ι,
743 3010 771 3065 p.
795 2992 856 3048 406
880 3001 910 3047 et
933 2993 1004 3060 407,
1027 2989 1144 3065 saepius
1167 2992 1265 3047 nescio
1288 3009 1345 3064 quo
1366 3007 1406 3044 er·

343 3093 408 3131 rore
432 3076 537 3148 quidem
560 3093 579 3132 a
601 3075 729 3132 librariis
752 3076 794 3134 sic
816 3076 945 3132 additum
970 3095 1047 3143 esse,
1071 3085 1103 3132 ut
1120 3075 1219 3150 aliqua
1243 3095 1301 3132 vox
1323 3093 1406 3150 prore

345 3159 540 3232 insigniretur.
586 3161 620 3218 In
644 3161 699 3218 linc
722 3161 786 3236 ipso
810 3180 898 3236 opere
920 3161 978 3226 ΠΙ,
1004 3163 1042 3216 ἳ8
1066 3171 1093 3218 et
1116 3163 1155 3230 V,
1185 3163 1225 3218 ⁶28
1248 3156 1405 3218 huiusmodi

346 3245 449 3302 tumida
471 3246 647 3322 optimorum
671 3247 803 3304 ecdicum
826 3246 938 3304 auxilio
966 3246 1095 3304 tollenda
1117 3257 1211 3304 erunt.

428 3351 505 3404 posse
522 3331 598 3402 ¹tiem‘l
632 3329 763 3409 sie[A,]
786 3333 861 3389 Dav.
886 3333 987 3401 tacite,
1012 3332 1105 3390 Gzius
1128 3351 1143 3388 e
1167 3332 1259 3407 Spin,
1283 3331 1359 3390 Gud.
1385 3331 1407 3387 1.

347 3419 374 3473 ’2.
419 3417 448 3474 ls
471 3417 552 3483 orele,
577 3435 662 3490 (prtem
685 3417 746 3474 Eri.
770 3427 798 3474 ct
821 3417 964 3474 editiones
986 3417 1166 3491 antiquiores
1189 3417 1312 3479 habent,
1334 3427 1408 3472 tene·

347 3511 394 3558 tut·
416 3501 456 3562 ll,
481 3501 535 3558 83:
564 3505 593 3558 t'd
614 3513 638 3558 et
653 3503 718 3574 sieri
735 3522 814 3576 puisse
836 3513 859 3559 et
882 3523 960 3578 nepe
982 3523 1038 3559 esse
1053 3507 1168 3576 Jitctum.
1291 3495 1296 3504 ’

432 3597 455 3642 et
482 3607 562 3661 erepte
589 3591 653 3642 entim
685 3587 814 3658 calemus)
849 3589 908 3645 Pro
936 3593 1001 3643 enim
1019 3589 1095 3644 Dav.
1118 3607 1155 3644 ex
1178 3588 1224 3644 El.
1251 3589 1265 3643 1
1301 3585 1408 3660 scripsit

346 3677 433 3732 clidat,
457 3671 536 3728 Mon.
559 3683 586 3728 et
611 3671 661 3728 alii
684 3675 721 3739 id,
746 3673 823 3730 l'itt.
847 3693 862 3730 e.
885 3673 948 3729 end.
972 3676 1001 3730 id
1015 3676 1091 3747 ,titre
1115 3672 1209 3732 Gaius
1231 3689 1410 3747 soepettttmrre

348 3777 399 3832 piro
422 3777 501 3832 serpe
523 3761 597 3812 titana.
634 3757 692 3816 Sed
711 3760 826 3814 sublectos
848 3759 1005 3834 respondet
1028 3759 1214 3834 praecedenti
1231 3760 1409 3830 iutellcpimus:

348 3841 457 3916 requiri
481 3841 570 3918 igitur
592 3841 717 3904 ridetur.
740 3845 818 3918 quod
837 3845 1013 3919 respondent
1035 3845 1133 3900 verbis
1149 3847 1214 3916 ‚tien'
1229 3863 1324 3918 posse3
1347 3860 1409 3915 erge

348 3931 419 3984 tltto
443 3941 469 3984 et
496 3927 629 3985 lilotzius
652 3929 787 4002 tlittsest.
811 3930 889 3986 Tull.
913 3951 940 4006 p.
965 3925 1019 4005 50)
1042 3930 1187 3986 scribunt:
1216 3941 1239 3986 et
1261 3949 1340 4004 ‚scepn
1361 3947 1405 3979 ess

342 4025 447 4086 ,nutem
473 4015 588 4070 mileum
612 4033 648 4070 ex
672 4015 713 4074 ll.
738 4015 793 4079 83:
826 4015 863 4072 ud
886 4015 1059 4072 sententium
1082 4027 1176 4073 reete.
1205 4016 1255 4071 sed
1278 4012 1410 4071 facillime
1453 4035 1454 4042 ¹

348 4129 354 4151 t
381 4121 413 4152 a.»
438 4110 465 4154 et
483 4103 588 4172 pluton
612 4111 733 4174 partiliter
755 4099 849 4156 simile
878 4101 1081 4176 eorupemlium
1116 4099 1255 4158 confundi
1289 4098 1410 4175 potuisse

349 4197 375 4238 et
400 4203 455 4236 ree
477 4199 597 4259 propter
619 4206 697 4260 supe
720 4186 865 4244 excidere.
888 4205 945 4243 uem
969 4185 1055 4242 facile
1073 4187 1207 4260 cuiquam
1231 4181 1411 4260 persuadebi-

351 4283 405 4324 tur.
450 4268 586 4326 Fortasse
621 4271 726 4328 snt'tieit
752 4271 866 4328 llutisii
901 4272 1058 4328 ettrreetio.
1092 4283 1124 4328 nt
1157 4271 1187 4327 in
1220 4290 1279 4328 uno
1304 4271 1410 4326 ettam
