3000 5044
404 431 449 477 nu
471 429 551 477 mnu.
568 429 631 476 nm.
648 429 683 476 rv
705 429 778 479 cnr.
795 433 902 478 m-m.
1106 411 1171 478 543

96 605 242 665 neumam
264 617 385 664 omnem
407 600 652 688 appetendarum
674 617 779 664 rerum
801 601 846 666 its
867 599 930 664 late
950 603 1073 680 putere,
1094 605 1172 664 uta

96 701 259 784 principiis
280 707 480 782 permanaret
500 699 640 781 adfines,
663 719 764 783 neque
785 701 982 784 intellegunt,
1010 719 1045 766 se
1066 719 1171 766 rerum

95 803 220 868 illarum
230 802 430 884 pulchrorum
442 809 536 885 etque
546 804 771 870 admirabilium
781 803 982 870 fumdsmente
990 804 1170 870 subducere.

104 986 107 992 Ι
183 905 267 970 XVL
289 907 340 970 43.
368 905 1171 989 Itaquemihividenmromnesquidemillierrasse,

97 1009 152 1091 qui
174 1006 267 1074 finem
289 1008 439 1073 bonorum
461 1025 531 1073 esse
552 1008 698 1074 dixemunt
718 1009 847 1074 honeste
868 1009 989 1088 vivere,
1012 1009 1069 1073 sed
1090 1007 1210 1075 abusi>

96 1111 159 1176 alio
181 1109 295 1192 magis;
318 1109 440 1192 Pyrrho
462 1110 579 1176 scilieet
600 1111 747 1188 maxime,
770 1110 836 1192 qui,
858 1111 973 1175 virtute
995 1111 1171 1188 constituto,

97 1213 173 1278 nihil
196 1211 329 1290 omnino,
351 1213 435 1294 quod
445 1214 656 1294 appetendum
667 1213 717 1291 sit,
739 1213 906 1294 relinquat;
929 1212 1039 1278 deinde
1055 1213 1171 1290 Aristo,

97 1315 152 1397 qui
174 1315 250 1380 nihil
272 1314 448 1396 relinquere
469 1333 532 1380 non
554 1322 718 1394 estamus,
740 1315 912 1380 introduxit
924 1321 1036 1393 eutem,
1059 1313 1171 1396 quibus

96 1425 270 1483 commotus
292 1416 417 1498 sapiens
438 1423 602 1498 appeteret
622 1417 748 1499 aliquid,
770 1418 984 1499 quodcumque
997 1417 1027 1482 in
1039 1421 1174 1481 mentem

169 1577 193 1620 2,
209 1579 358 1636 permaneret
375 1571 398 1618 E
434 1575 457 1619 9.
476 1570 541 1634 quod
557 1571 640 1634 cuique
659 1571 681 1620 iu
699 1579 794 1620 monem
814 1585 900 1622 omues

97 1747 163 1804 eius
184 1745 237 1802 lux
259 1753 328 1821 post
349 1739 456 1824 oritur)
478 1744 646 1821 philosophi
673 1743 718 1802 illi
745 1745 838 1803 multa
865 1745 895 1802 in
917 1745 982 1820 ipsa
1009 1744 1062 1800 ills
1083 1761 1173 1820 uppe-

96 1832 203 1890 titioue
225 1849 324 1888 rerum
346 1829 482 1888 videraut
503 1838 533 1888 et
554 1830 684 1907 amplexi
707 1840 805 1900 erant;
828 1849 864 1887 ee
880 1839 983 1906 postea
994 1830 1173 1886 abiecerunt.

180 1925 355 1994 pmnooaret
375 1917 415 1973 nd
428 1913 514 1994 flues)
547 1914 588 1993 [B
611 1914 654 1993 et]
677 1915 756 1974 Oxx.
779 1911 852 1986 EU}
874 1925 1057 1991 pmmuoeret,
1087 1914 1173 1971 utin

97 2003 213 2078 aliquot
234 2011 302 2058 ente
313 2001 479 2085 Manutium
499 2001 677 2059 editionibus
700 2010 745 2058 est
766 1999 871 2080 (Crat,
891 2001 980 2072 Vict,
1003 2017 1057 2058 nec
1074 2009 1172 2058 tamen

97 2085 336 2166 antiquissimis),
358 2097 547 2163 xpermcnem
570 2087 606 2144 de
619 2095 782 2144 ceterorum
794 2086 945 2145 codicibus
967 2105 1026 2144 non
1049 2093 1173 2156 constat,

96 2174 154 2231 nisi
184 2172 263 2247 quod
285 2171 364 2232 sud.
385 2173 407 2244 2
436 2173 525 2229 habet
547 2175 707 2247 possessa
756 2171 955 2230 Permsnsndi
976 2171 1099 2229 verbum
1120 2189 1174 2246 po·

97 2260 190 2318 stulet
211 2258 293 2315 notio
315 2265 438 2315 naturae
459 2257 518 2315 lete
540 2258 677 2334 petentis.
738 2275 740 2278 ·

183 2341 257 2420 cap.
278 2343 367 2414 XVI,
391 2343 441 2400 43.
475 2346 524 2418 qui
544 2377 585 2385 —
607 2341 754 2422 relinquat)
776 2343 844 2400 Non
863 2344 964 2417 utique
978 2341 1173 2400 necessariam

98 2447 207 2488 causae
230 2428 482 2505 significationem,
506 2447 581 2504 quse
603 2429 634 2486 in
656 2429 740 2486 verbi
762 2429 849 2486 modo
862 2436 915 2498 est,
939 2447 997 2485 non
1010 2435 1173 2497 esttamen,

96 2533 148 2574 cur
171 2514 319 2574 sublatam
340 2514 476 2585 velimus,
498 2523 533 2571 ut
553 2515 609 2572 hoc
632 2514 726 2571 simile
743 2513 782 2571 sit
793 2514 830 2585 ei,
853 2514 932 2588 quod
955 2514 1100 2588 sequitur:
1122 2531 1174 2569 uon

96 2611 134 2660 est
157 2621 244 2658 numm
266 2609 335 2670 cet,
364 2617 430 2658 cum
451 2600 624 2676 praesertim
647 2599 700 2657 ille
721 2600 812 2657 verba
833 2595 1010 2676 (qui-ooo
1027 2596 1175 2676 estousus)

95 2687 207 2744 erroris
228 2685 472 2761 significationem
500 2703 559 2742 non
586 2685 756 2742 contineant
782 2693 813 2742 et
838 2694 954 2761 tempus
981 2685 1069 2742 etiam
1091 2683 1176 2740 verbi

96 2780 242 2830 mutatum
270 2770 316 2828 sit
360 2771 519 2828 Duriorem
546 2770 625 2828 modi
653 2770 844 2828 mutationem
881 2771 912 2828 in
940 2769 1083 2828 eiusmodi
1110 2787 1176 2826 sen·

95 2858 213 2928 tentiis,
247 2873 321 2931 quae
346 2856 468 2913 eundem
495 2853 620 2914 formem
643 2874 761 2914 servare
783 2856 919 2913 debuisse
945 2856 1109 2924 videantur,
1137 2853 1175 2911 ad

95 2943 137 3008 Π,
161 2945 200 3000 61
225 2942 388 3000 monstravi
415 2941 445 2998 in
467 2941 546 2999 Livii
575 2941 640 2999 loco
667 2941 858 3013 xxxvm,
884 2941 933 3012 36,
957 2944 991 3009 4;
1015 2939 1083 3018 [cfr.
1106 2941 1175 2997 Ter.

96 3029 193 3088 Andr.
217 3027 241 3091 I,
266 3028 294 3099 5,
319 3027 459 3085 37-382
482 3045 552 3102 quoe
573 3059 615 3068 -
637 3029 768 3093 crediditr
790 3045 872 3102 quom
893 3061 935 3068 -
958 3021 1117 3104 habuerim]

183 3115 370 3188 quodcumque
391 3116 418 3168 in
439 3122 549 3169 mentem
570 3111 709 3191 incideret)
739 3111 788 3172 Sic
809 3131 864 3188 pro
886 3113 961 3186 quod
981 3095 1075 3186 ouiq'ue
1096 3118 1175 3167 recte

95 3198 252 3258 Manutius
274 3208 304 3256 et
325 3198 453 3256 editores
475 3197 542 3254 iude
565 3217 583 3254 a
605 3197 744 3268 Davisio,
770 3205 1038 3274 praeceperuntque
1062 3213 1176 3253 correc-

95 3285 219 3354 tionem,
232 3284 282 3358 qui
293 3285 402 3342 librum
412 3283 512 3340 Latini
524 3283 722 3340 LatiniietEl.
735 3283 846 3360 (utrum
854 3280 881 3358 i)
894 3284 1088 3358 scripserunt;
1107 3299 1175 3337 nsm

95 3372 126 3428 in
144 3369 215 3428 aliis
236 3369 386 3427 codicibus
408 3370 465 3426 hoc
486 3377 634 3445 repertum
657 3375 781 3440 nonest,
806 3369 860 3426 etsi
873 3367 1064 3428 Gniustacet.
1098 3365 1176 3425 Cou-

95 3457 197 3514 firmst
219 3455 453 3512 emendationem
476 3462 506 3511 et
527 3454 605 3528 quod
628 3454 810 3530 adiungitur:
833 3465 857 3512 et
878 3456 1064 3529 quodcumque
1085 3471 1176 3509 occur·

96 3551 177 3612 reret,
203 3549 233 3598 et
250 3540 328 3615 quod
346 3539 423 3597 inire
440 3543 455 3610 ξ
473 3541 513 3596 47
533 3539 650 3616 legitur.
685 3539 856 3615 Sapientem
877 3539 981 3598 Aristo
1004 3539 1041 3595 nd
1063 3537 1175 3612 aliquid

96 3625 298 3704 appetendum
320 3617 498 3682 commoveri
520 3625 640 3682 volebat
651 3644 709 3682 nou
728 3644 773 3696 eo,
796 3625 874 3700 quod
886 3625 992 3699 cuique
1005 3625 1036 3680 in
1047 3633 1175 3681 mentem

96 3712 253 3782 incideret,
276 3711 327 3769 sed
345 3729 389 3783 eo,
413 3710 617 3786 quodcumque
628 3711 700 3786 ipsi3
723 3711 830 3785 quibus
848 3719 946 3768 sutem
962 3710 1060 3768 verbis
1072 3709 1176 3767 Aristo

95 3815 171 3856 usus
193 3796 241 3868 sit,
263 3815 322 3855 non
345 3805 470 3867 constat,
492 3814 546 3854 nec
569 3796 814 3871 quemadmodum
831 3805 994 3853 totamrem
1004 3803 1176 3871 persecutus

96 3884 151 3952 sit;
176 3882 234 3941 duo
256 3891 355 3939 eutem
378 3883 478 3954 verbe,
501 3899 576 3956 quae
598 3883 661 3958 ipse
672 3883 812 3957 posuerit
835 3901 854 3938 a
870 3881 1012 3942 Cicerone
1034 3879 1176 3937 vertendo

98 3968 243 4046 exprimi,
277 3975 402 4044 apparet
430 3987 495 4025 cum
518 3986 556 4024 ex
579 3985 629 4039 eo,
663 3967 742 4041 quod
765 3973 779 4037 §
805 3967 844 4024 47
869 3967 971 4024 eodem
994 3966 1080 4024 modo
1103 3965 1176 4021 haee

97 4053 227 4130 diiungit
248 4053 448 4130 (paedoremque
469 4057 617 4110 immeritem
638 4056 726 4110 veniat
747 4064 805 4109 arat
826 4054 1011 4127 quodcumque
1027 4047 1175 4128 occurrat),

97 4149 162 4198 tum
184 4140 341 4216 perspicue
364 4158 402 4196 ex
413 4157 535 4196 numero
546 4138 654 4214 plurali
666 4139 848 4215 pronominis
864 4137 981 4195 relativi
1004 4137 1175 4212 (introducit,

98 4225 227 4301 quibus
249 4234 392 4282 commotus
415 4222 493 4303 cet).
538 4224 645 4299 Itaque
667 4243 685 4280 a
707 4225 918 4281 Tennemsuuo
946 4221 1038 4301 (Hist.
1061 4222 1175 4280 Philus.

99 4313 145 4370 Iv
162 4329 192 4388 p.
211 4311 273 4367 220
296 4309 375 4386 sqq.)
398 4309 503 4370 Cicero
526 4327 584 4368 non
607 4319 667 4367 tem
690 4310 728 4367 ob
751 4309 960 4367 obscuritatem
982 4308 1087 4365 horum
1109 4327 1175 4364 vcr-

99 4398 205 4455 borum
229 4413 317 4470 quem
338 4395 406 4454 ideo
428 4395 603 4472 reprehendi
626 4394 740 4466 debuit,
774 4395 868 4470 quod,
898 4393 995 4470 posita
1017 4394 1175 4451 verborum
