3018 5052
431 435 474 482 ur
498 434 578 482 unu.
596 434 659 480 urs.
675 433 711 480 111
734 433 807 480 car.
825 437 866 482 so.
1119 415 1183 482 459

105 610 213 668 cetera
235 607 309 667 nata
330 621 399 670 esse
421 603 579 695 homiuum
601 619 696 668 osma
718 603 898 682 etdeorurn,
920 607 1089 668 eosautem
1100 620 1183 668 oom-

104 703 268 770 munitatis
290 710 323 771 et
345 705 503 771 societatis
525 723 617 784 suae,
645 711 680 770 ut
702 704 808 770 besdis
830 705 1038 770 homines-uti
1059 705 1101 770 sd
1123 705 1183 770 uti·

103 807 228 872 litatem
250 825 339 872 suem
360 807 483 889 possint
504 807 570 873 sine
591 807 712 872 iniuria
763 806 978 889 Quoniamque
1005 825 1043 872 ea
1071 813 1184 872 nutura

105 915 192 975 esset
213 909 358 989 bominis,
391 915 427 974 ut
452 909 481 974 ei
510 927 580 975 eum
606 927 721 991 genere
747 909 882 974 humano
909 909 998 992 quasi
1025 909 1114 975 civile
1135 909 1183 974 ius

105 1012 326 1092 intersederet,
348 1011 401 1094 qui
423 1011 456 1076 id
478 1017 688 1090 conservaret,
711 1030 781 1076 eum
803 1011 927 1090 iustum,
950 1011 1003 1093 qui
1024 1011 1183 1093 migraret,
1201 1017 1222 1081 5

103 1115 256 1180 iniustum
277 1113 354 1180 iore
388 1113 450 1178 Sed
472 1114 741 1195 quemadmodum,
763 1113 920 1178 theatrum
938 1131 1012 1186 ,cum
1021 1131 1184 1179 commune

104 1217 264 1294 sitrecte
285 1225 389 1281 tamen
417 1215 476 1280 diei
503 1223 621 1297 potest,
654 1215 720 1281 eius
748 1233 818 1280 esse
845 1233 916 1280 eum
944 1216 1059 1294 losum,
1091 1234 1184 1297 quem

177 1419 686 1472 1.osaronatsrut’msmnmuroh
729 1419 985 1474 sumboone
1028 1417 1181 1487 [atadEh]

106 1495 131 1542 ³.
154 1489 257 1558 [passius
273 1506 340 1540 mom
359 1487 410 1557 ah]
457 1495 479 1537 4.
499 1497 523 1538 ut
542 1497 564 1538 at
581 1505 631 1539 cum
652 1487 747 1556 [AJEP
766 1497 791 1538 at
808 1505 860 1538 cum
879 1487 977 1540 Luca
1017 1487 1054 1538 itas
1072 1489 1097 1538 si
1111 1488 1183 1538 ιἰιιιν·

104 1557 237 1608 cederetL
277 1563 300 1606 t.
322 1557 375 1626 [qui
390 1567 486 1623 nqurst
503 1555 538 1624 Δ]
587 1562 609 1608 t.
627 1566 653 1608 at
671 1566 728 1623 [pro
742 1561 803 1623 cum)
823 1557 891 1610 EOr.
910 1574 961 1607 oum
978 1574 1045 1607 omas
1062 1557 1183 1608 commls

103 1752 130 1821 I,
155 1749 195 1808 22
217 1768 247 1825 p.
264 1747 314 1806 50.
348 1749 389 1806 Et
410 1751 519 1807 &mum
541 1748 732 1806 omittebatur
753 1747 784 1805 in
807 1767 866 1806 nno
889 1747 1033 1806 oodPar.
1056 1747 1183 1820 Davisii,

105 1835 156 1911 qui
178 1835 334 1912 probabat,
358 1833 436 1909 quia,
459 1852 534 1910 quae
547 1841 718 1909 sequuntur,
740 1834 779 1892 ad
790 1832 870 1893 solos
885 1833 1019 1892 homines
1035 1833 1185 1910 pertinent

105 1921 220 1998 (itaque
242 1919 331 1977 etiam
353 1919 498 1977 Lambino
520 1920 549 1976 iu
574 1929 700 1977 mentem
722 1927 845 1976 venerat
866 1937 920 1995 pro
943 1939 986 1978 eos
1008 1929 1096 1977 astae
1112 1919 1184 1977 seri·
1265 1945 1272 1956 ·

104 2007 175 2064 bare
187 2007 303 2062 honines
314 2000 431 2084 αιιιιιιι);
454 2005 505 2062 aad
518 2005 623 2064 Cicero
634 2005 731 2082 ipsum
743 2005 850 2080 dogma
860 2005 946 2080 plene
957 2004 1055 2080 ponit;
1078 2005 1183 2062 deinde

106 2091 233 2150 devertit
254 2091 291 2149 ed
313 2091 464 2149 hominum
487 2091 736 2161 communitatem,
760 2109 836 2165 quae
857 2091 907 2148 hie
928 2091 1034 2168 egitur.

195 2175 379 2252 Quoniamque
401 2196 432 2234 aa
455 2187 553 2234 natura
575 2187 644 2234 esset
665 2178 793 2247 lunias,
816 2187 846 2233 nt
867 2175 906 2256 ei)
930 2175 1023 2235 Codd.
1046 2175 1183 2234 meliores

104 2263 195 2340 (Pell.
212 2265 238 2332 1,
251 2264 281 2333 4,
295 2261 372 2338 Spir.
386 2257 450 2342 [B],
473 2261 562 2320 etiam
585 2261 665 2320 Gud.
680 2265 711 2332 1,
735 2256 820 2342 Bes.)
849 2272 879 2318 ut
900 2271 939 2333 st,
974 2281 990 2319 e
1017 2280 1076 2336 quo
1103 2270 1183 2319 reate

105 2348 270 2408 Lambinus
292 2367 453 2424 pronomen
476 2348 674 2406 necessarium
702 2347 846 2418 restituit,
879 2347 1040 2405 deteriores
1067 2347 1184 2406 eodieas

106 2443 277 2510 corruptam
299 2451 403 2490 vocem
425 2432 564 2491 omittunt
586 2427 699 2510 (Εὓξχ,
713 2431 793 2492 Gud.
806 2431 849 2508 2).
872 2431 970 2510 Supra
982 2432 1087 2492 Cicero
1099 2451 1184 2509 prae·

105 2521 180 2579 senti
203 2529 335 2596 tempore
356 2537 428 2577 usus
449 2529 495 2577 est
515 2517 664 2596 (possint),
686 2519 736 2576 bio
757 2519 800 2576 sio
822 2519 953 2593 loquitur
979 2519 1075 2596 (esset,
1103 2522 1183 2576 iater-

106 2608 208 2664 certmst
229 2603 313 2684 oet),
337 2605 421 2679 quasi
448 2614 517 2662 aute
539 2605 699 2680 praeterito
726 2611 859 2680 tempore
881 2604 1004 2662 verbum
1025 2604 1184 2680 primarias

108 2691 270 2750 sententiae
292 2690 433 2748 extulerit
456 2691 643 2767 (Chrysippus
665 2685 763 2772 dabit),
791 2691 822 2748 in
845 2708 932 2765 qnam
955 2689 1184 2749 inconstantiam

110 2777 280 2853 saepissima
306 2775 412 2836 inuidit
438 2785 490 2833 aut
516 2776 547 2833 in
569 2776 621 2834 illo
643 2777 750 2848 verbo,
785 2775 864 2850 quod
885 2777 1021 2852 proxime
1043 2775 1184 2853 primario

110 2863 259 2934 subicitur,
281 2871 334 2919 aut
356 2861 385 2918 in
409 2861 551 2920 orationis
573 2879 740 2938 progressu,
765 2879 830 2918 oum
842 2861 1085 2939 philosophorum
1103 2871 1184 2920 vete·

110 2967 172 3006 rum
194 2949 312 3006 decreta
334 2947 439 3018 reddit,
463 2965 517 3005 neo
539 2947 634 3006 solum
657 2947 708 3006 ubi
731 2965 766 3004 ee
788 2948 825 3006 ad
843 2948 1184 3023 unumaliquemaueto·

110 3051 169 3092 ram
190 3033 290 3104 refert,
313 3033 365 3090 sed
388 3033 477 3091 etiam
499 3033 551 3091 ubi
573 3033 767 3091 communiter
789 3033 826 3090 de
848 3033 956 3091 scholis
979 3033 1124 3108 loquitur;
1148 3053 1185 3092 ne

112 3117 196 3177 iniis
218 3119 336 3194 quidem
359 3118 433 3177 louis
460 3137 525 3178 eam
552 3138 669 3196 sempor
696 3119 786 3188 vitat,
819 3119 870 3176 ubi
903 3119 966 3194 ipse
1000 3119 1185 3195 superiorum

113 3205 282 3262 sententiam
304 3204 390 3262 initio
412 3223 533 3280 prorsus
555 3223 639 3262 suam
660 3203 734 3263 iaoit
755 3215 785 3262 et
807 3223 822 3262 a
846 3223 899 3262 sua
920 3223 1048 3280 persona
1070 3203 1184 3280 profert

114 3285 157 3370 (nt
177 3291 206 3348 in
229 3289 294 3350 Cat.
319 3287 389 3365 78);
412 3289 559 3348 interdum
582 3289 737 3350 durissime
759 3291 791 3348 in
813 3308 872 3348 uno
890 3299 920 3347 et
935 3291 1030 3348 altero
1042 3289 1185 3350 orationis

113 3376 238 3436 membro
260 3375 421 3452 praeterito
443 3385 575 3452 ternpore
603 3376 709 3446 utitur,
743 3376 850 3433 deinde
877 3376 915 3432 sd
941 3393 1082 3452 praesens
1108 3375 1186 3433 redit

116 3460 143 3536 (e
163 3479 219 3536 quo
241 3479 349 3539 genera
372 3461 511 3531 estillud,
534 3461 614 3536 quod
632 3461 781 3520 aKlotzio
797 3471 828 3520 et
850 3481 895 3520 me
918 3461 949 3518 iu
971 3461 1053 3520 Lael.
1076 3462 1115 3519 46
1139 3479 1185 3519 re·

116 3547 241 3605 stitutum
252 3557 307 3616 est,
320 3547 371 3604 sed
383 3565 401 3604 a
412 3547 531 3606 Klotzio
547 3566 605 3605 non
621 3557 702 3605 recta
713 3547 904 3619 intellectum,
917 3546 1047 3622 luberet).
1075 3547 1186 3605 Totum

115 3650 209 3707 genus,
232 3633 311 3708 qnod
332 3633 384 3690 alii
406 3631 531 3709 sparsim
548 3633 722 3710 attigerant,
751 3633 974 3710 comprehendit
990 3642 1021 3690 et
1041 3632 1186 3708 exemplis

117 3718 182 3775 scite
204 3719 365 3777 declaravit
387 3718 569 3776 Dietriohius
596 3719 626 3775 in
655 3717 886 3792 Quaestionibus
912 3737 1035 3796 gramm.
1063 3727 1093 3775 et
1120 3718 1185 3775 erit.

117 3801 149 3859 de
168 3804 239 3866 locis
260 3805 376 3880 aliquot
397 3803 459 3864 Cio.
481 3803 563 3880 Lips.
589 3805 680 3862 1835.
717 3806 754 3862 In
777 3805 833 3862 hoo
855 3823 944 3880 opere
966 3803 1111 3862 eiusmodi
1127 3803 1186 3862 loci

112 3887 245 3965 ¹leguntur
266 3891 308 3962 H,
333 3891 370 3947 21
397 3887 464 3971 (ubi
487 3899 599 3948 tautum
623 3891 823 3966 interrogatur
838 3889 874 3948 de
892 3890 1038 3948 sententia
1049 3887 1185 3966 Epicuri)

120 3981 145 4030 et
166 3975 213 4047 ³4,
234 3976 293 4048 III,
318 3977 368 4046 71,
391 3977 447 4048 IV,
474 3978 511 4032 14
534 3985 564 4034 et
587 3977 627 4034 20
650 3985 680 4034 at
703 3977 742 4033 56
756 3976 848 4033 etse.
881 3977 941 4034 Pro
954 3979 1081 4050 miqroret
1092 3973 1186 4054 (quod

119 4059 175 4117 aod.
195 4062 270 4121 Mor.
293 4058 338 4142 [et
359 4057 400 4142 B]
422 4059 533 4138 firmat)
556 4062 645 4120 etiam
667 4081 725 4138 mg.
748 4061 828 4120 Crat.
851 4073 967 4135 separet.

194 4167 251 4205 mm
273 4167 408 4206 amomum
430 4147 478 4221 sit)
506 4148 543 4205 Ut
559 4147 648 4205 etiam
661 4147 750 4223 Spin,
774 4145 852 4222 quod
875 4147 905 4203 in
923 4146 1110 4206 coneedendo
1133 4164 1185 4223 po·

121 4228 198 4306 sitnm
220 4233 341 4291 librario
364 4233 464 4290 deberi
492 4251 550 4291 non
573 4231 661 4290 facile
683 4232 833 4301 videatur;
866 4233 1054 4307 restituitque
1082 4231 1186 4292 Gaius.

122 4310 187 4392 [Sed
207 4319 325 4377 obstent
346 4320 378 4376 A
400 4328 429 4376 et
451 4319 477 4376 B
498 4319 537 4376 ab
560 4319 621 4376 Erl.
644 4315 821 4396 discedens]

195 4408 250 4462 uus
261 4425 318 4462 esse
328 4425 385 4462 sitm
399 4407 493 4476 boum,
516 4423 593 4480 quem
606 4408 720 4480 quisque
730 4405 880 4480 occupas)
903 4403 1070 4462 Insoleuter
1081 4402 1186 4462 Cicero
