2928 5012
489 411 685 460 enisurum.
1000 397 1136 464 XXXIX

90 580 276 646 recendssirnis
298 580 455 664 codicibus
478 587 552 646 sunt
573 583 623 664 (ut
645 583 699 662 IV,
722 584 788 666 33),
811 591 842 648 et
863 603 980 664 pravas
1001 585 1135 668 scriptu-

91 709 131 753 ras
148 689 257 768 (Ideo
272 697 305 754 et
314 691 374 766 59,
396 683 435 768 V,
453 691 495 756 70
506 696 538 754 et
550 691 614 773 72).
664 689 727 756 Sed
753 691 908 756 interdum
936 687 1029 758 eiiam
1055 694 1135 759 anti

89 817 163 878 quum
181 797 286 862 librum
308 797 393 862 nullo
415 797 522 863 addito
544 797 668 864 nomine
694 799 833 881 appellat
860 807 951 866 etex
977 819 1014 866 eo
1035 820 1136 882 pauca
1240 869 1241 878 ,

89 907 213 986 pmdam
232 905 334 984 sumit
357 905 490 986 quaein
513 906 691 972 melioribus
713 913 801 985 sunt,
824 909 879 972 sed
901 908 1030 974 inventu
1051 908 1136 974 facil-

89 1013 152 1092 lima
170 1023 201 1078 ut
221 1015 315 1092 llio
336 1015 461 1095 (neque,
490 1032 548 1079 nec
569 1021 673 1079 tamen
695 1018 756 1097 rc),
788 1017 830 1081 49
854 1018 867 1092 l
865 1037 927 1096 per
947 1036 978 1081 se
998 1019 1136 1100 νθθῖθιθι),

88 1121 366 1203 Ιῖζ39ίιιῖηιηιᾳῖιθ),
378 1121 439 1186 alia
451 1123 608 1188 deteriora
620 1125 720 1204 (ilci
734 1143 866 1188 ccccmo
877 1144 936 1205 pro
948 1145 1030 1188 cccc
1042 1127 1135 1208 vcro).

88 1229 272 1294 lCratandro
289 1248 415 1312 quoque
430 1231 584 1310 quaedam
596 1231 737 1314 sumpsit,
760 1231 828 1310 etsi,
839 1251 946 1314 margo
958 1233 1024 1298 eius
1035 1252 1135 1316 quan-

85 1345 136 1400 tum
154 1337 217 1402 boni
239 1338 424 1416 contineret,
457 1339 541 1404 nullo
569 1339 659 1404 simili
687 1346 835 1422 certoque
857 1342 1028 1406 accedente·
1047 1348 1137 1422 teste

86 1445 236 1527 intellegere
257 1465 320 1512 non
337 1446 448 1527 potuit
483 1447 722 1529 Relinquantur,
745 1467 825 1530 quae
847 1449 894 1513 vir
915 1449 1137 1531 egreginmipae

85 1563 186 1632 praeter
206 1573 257 1632 ea,
280 1573 413 1635 quorum
434 1555 467 1619 in
491 1554 615 1621 scholiis
637 1555 790 1620 rationem
813 1556 929 1636 reddit,
951 1556 1045 1622 tacite
1067 1574 1136 1622 cor-

86 1661 147 1725 rerit
165 1663 192 1726 in
213 1663 306 1728 rebus
329 1663 436 1744 parvis
459 1669 491 1728 et
512 1661 692 1743 manifestis,
715 1671 751 1728 ut
772 1665 828 1744 1‚9
852 1663 1021 1746 cohorsque.
1051 1665 1136 1746 [Ma-

84 1769 166 1834 nutios
186 1787 254 1835 cum
276 1769 354 1849 dico,
377 1770 491 1836 Aldum
513 1777 635 1852 patrem
658 1778 691 1837 et
700 1772 832 1836 Paulum
844 1771 998 1854 signidem
1021 1773 1135 1838 Manu·

85 1877 132 1940 tius
150 1897 268 1960 semper
289 1878 407 1943 Paulus
428 1878 641 1962 intellegitur]

150 1985 193 2050 hb
213 1986 332 2051 Orellio
354 1993 613 2052 commemoratur
635 2007 698 2052 non
721 2006 794 2052 raro
817 1987 848 2052 in
870 1988 918 2052 his
940 1988 1028 2054 libris
1040 1989 1136 2054 codes

84 2091 333 2176 messapiam,
356 2112 447 2175 quem
470 2112 527 2176 ego
539 2094 656 2159 nullum
668 2113 739 2160 esse
749 2095 838 2160 tache
854 2095 982 2160 vincam.
1011 2095 1048 2160 ln
1070 2095 1135 2160 edi·

17 2259 18 2268 ,
83 2199 149 2265 tione
172 2203 251 2266 enim
280 2202 313 2268 C.
336 2202 487 2283 Stephani
519 2211 657 2268 extremo
686 2203 840 2268 volumine
867 2209 974 2268 extant
1003 2203 1137 2277 „Variae

83 2307 251 2390 laedones,
274 2329 353 2392 quas
364 2310 458 2374 index
477 2310 679 2375 editionishis
691 2311 794 2376 verbis
808 2311 976 2393 promitt't:
1002 2310 1137 2384 „Variae

17 2451 18 2458 κ
82 2414 220 2483 Lectiones
242 2438 281 2484 ex
302 2417 465 2499 perruultis
486 2417 709 2500 antiquissimis
732 2437 769 2484 ac
791 2417 1011 2500 manuscriptis
1033 2437 1136 2484 enem-

17 2527 18 2564 ³
81 2524 206 2604 pleribus,
227 2526 342 2608 quibus
364 2525 452 2608 prior
473 2526 563 2590 lectio
587 2525 626 2606 (si
649 2527 724 2607 quid
746 2527 785 2590 ab
808 2545 845 2590 ea
866 2526 1061 2591 immutatum
1073 2527 1136 2608 est)

17 2637 19 2720 l
82 2633 286 2715 nonnullaeque
312 2634 476 2698 doctorum
503 2633 699 2698 coniectruae
726 2635 890 2700 adiunctae
919 2639 1020 2698 sunt“
1071 2633 1136 2698 Eae

17 2721 19 2804 l
82 2737 125 2803 lac
144 2739 237 2806 forma
258 2742 454 2822 perscriptae
477 2749 563 2806 sunt:
595 2740 646 2813 „id
673 2761 737 2806 coa
758 2743 867 2822 totoni)
889 2747 993 2822 vetus,
1020 2739 1053 2804 id
1073 2761 1136 2806 con

17 2829 18 2836 ἵ
81 2849 155 2912 tumr
197 2851 267 2914 Hoc
288 2853 380 2928 odas,
403 2851 487 2931 quod
509 2849 645 2914 Orellius
657 2850 770 2914 codicis
782 2850 969 2930 scripturam
986 2849 1137 2914 intellexit

81 2959 334 3034 {quemadmodum
346 2975 443 3038 egoa.
458 2959 541 3022 1828
563 2958 595 3022 in
618 2957 801 3022 Asconianis
823 2957 991 3021 Hotomani
1009 2957 1136 3038 erravi),

17 3135 19 3140 ,
81 3073 116 3126 at
133 3065 196 3146 ipsa
217 3065 273 3130 illa
296 3065 384 3147 prior
404 3065 504 3145 lectio,
527 3065 667 3130 codicum
692 3064 993 3144 autemscripturae,
1016 3063 1136 3147 siquae

17 3183 18 3186 ’
82 3182 172 3250 esent
191 3173 301 3254 priore
321 3173 389 3238 loco
411 3173 611 3254 quaerendae
622 3179 735 3238 essent
770 3172 889 3237 Verum
911 3171 953 3236 ibi
976 3171 1050 3236 nihil
1072 3171 1136 3237 lere

82 3281 233 3358 reperietur
261 3281 321 3346 nisi
350 3280 483 3346 Manutii
510 3281 700 3362 scripturae,
732 3281 773 3344 ad
800 3299 880 3360 quas
903 3279 935 3344 C.
959 3279 1136 3360 Stephanus

17 3401 18 3406 ’
83 3388 160 3467 rediit
181 3409 251 3454 cum
273 3389 431 3454 Robertus
453 3389 624 3454 Victoriam
647 3387 713 3454 fere
735 3395 861 3454 secutus
883 3393 974 3452 esset
1025 3389 1136 3470 ltaque

83 3499 145 3560 telas
162 3497 238 3560 illud
248 3497 434 3578 plerumque
445 3496 660 3562 victorianum
682 3501 744 3575 est;
767 3496 822 3560 sed
835 3494 938 3560 nescio
956 3513 1020 3572 cur,
1042 3496 1136 3560 credo

17 3635 18 3638 π
83 3613 172 3679 umen
194 3611 229 3668 ut
250 3613 406 3686 appareat
425 3603 518 3669 hmus
540 3603 685 3669 editionis
709 3601 917 3685 praestantia,
949 3607 1056 3668 vetera
1079 3622 1136 3684 po·

17 3783 18 3788 1
83 3725 177 3776 nentur
198 3712 311 3776 Aldina
333 3712 501 3794 quaedam,
530 3730 611 3792 quae
634 3729 735 3794 neque
757 3709 912 3775 Victorius
935 3729 1036 3790 neque
1058 3710 1136 3775 Roh.

17 3805 18 3878 j
82 3814 235 3899 Stephanus
257 3819 381 3898 habent,
404 3819 436 3884 in
457 3839 519 3902 quo
540 3838 654 3900 genere
676 3838 772 3883 unum
795 3837 812 3882 c
833 3816 938 3882 multis
961 3823 1010 3882 est
1020 3836 1136 3882 memo-

17 3919 19 3936 *
82 3925 156 3991 enne
176 3928 252 3992 nina
273 3927 306 3991 n
328 3928 367 4006 v,
381 3929 419 3992 19
442 3926 559 3991 aeine
579 3947 643 3991 oon
664 3925 842 4006 capam.
886 3925 931 3990 m
952 3933 1056 3988 auem
1071 3931 1137 3991 tae

17 4063 20 4172 h
82 4033 105 4094 C.
123 4033 265 4116 Stephani
287 4035 382 4100 editio
405 4053 516 4116 pamm
539 4034 639 4116 perite
660 4041 716 4100 aut
737 4034 900 4115 diligenter
921 4032 1063 4097 instituta
1080 4039 1136 4114 est,

17 4183 19 4196 .
81 4157 127 4204 ron
146 4161 215 4208 raro
237 4141 327 4225 prior
348 4149 380 4206 θῖ
402 4161 483 4207 nova
505 4142 662 4224 scriptura
684 4147 862 4224 permutata
889 4148 937 4205 est
958 4141 1136 4206 annotando

82 4247 190 4330 aliisque
200 4251 302 4316 modis
313 4259 466 4330 erratum;
485 4250 594 4315 relicta
606 4269 730 4332 quoque
751 4249 784 4313 in
796 4256 1034 4328 contextusunt,
1057 4267 1138 4331 quae

17 4419 18 4448 ἶ
83 4357 464 4436 epelcreetintervctera
481 4364 633 4424 annotare
655 4357 814 4423 consilium
827 4356 937 4422 luerat.
972 4357 1009 4422 ln
1025 4361 1137 4421 tctare
