2920 5012
342 421 385 486 60
734 437 780 484 nr
801 435 932 485 nmmos
953 437 1025 483 nou.

341 606 499 690 corrigere
524 606 635 686 volut,
669 606 826 672 deteriora
852 605 932 672 iecit
977 605 1160 671 Disserendi
1181 611 1281 670 artem
1302 605 1420 672 nullam

341 710 458 776 habuit
502 708 701 791 Voluptatem
722 728 792 774 cum
814 727 967 774 summum
989 709 1104 773 bonum
1125 709 1256 788 diceret,
1282 709 1420 790 primum

342 811 375 876 in
397 831 433 878 eo
455 812 524 893 ipso
546 830 657 893 parum
678 811 770 890 vidit,
803 811 915 877 deinde
941 811 1000 876 hoc
1021 829 1145 892 quoque
1165 811 1313 890 alienum;
1346 829 1420 875 nam

342 920 416 980 ante
437 914 631 996 Aristippus,
664 920 697 978 et
727 913 779 979 ille
811 913 930 978 melius.
974 913 1131 979 Addidisti
1163 914 1204 977 sd
1236 917 1419 992 extremum,

304 1017 436 1086 betium
461 1017 619 1082 indoctum
648 1015 753 1082 scrisse.
798 1017 849 1080 27.
882 1015 978 1094 Fieri,
1010 1016 1150 1098 inquam,
1183 1015 1299 1094 Triari,
1332 1015 1419 1079 nullo

341 1123 433 1200 pacta
453 1123 572 1200 potest,
604 1124 722 1184 utnon
744 1118 844 1197 dicas,
879 1119 954 1200 quid
982 1137 1043 1183 non
1063 1118 1177 1199 probes
1199 1117 1280 1198 eius,
1313 1136 1333 1182 a
1356 1137 1420 1200 quo

341 1221 516 1286 dissentias.
561 1221 642 1299 Quid
670 1221 752 1286 enim
778 1239 828 1285 me
848 1220 1030 1302 prohiberet
1051 1219 1239 1302 Epicureum
1272 1239 1359 1300 esse,
1394 1220 1421 1284 si

340 1322 516 1404 probarem,
538 1342 618 1405 quae
639 1323 691 1389 ille
712 1322 849 1389 diceret?
871 1341 941 1387 cum
962 1323 1148 1404 praesertim
1168 1321 1221 1387 illa
1237 1323 1421 1404 perdiscere

340 1423 432 1491 ludus
454 1431 546 1490 esset
590 1426 797 1504 Quamobrem
818 1425 1067 1490 &mentientium
1088 1424 1170 1490 inter
1191 1443 1226 1490 se
1248 1425 1420 1506 reprehen-

283 1532 325 1597 10
342 1527 446 1593 aiones
467 1546 530 1593 non
552 1535 626 1593 sunt
645 1528 884 1610 vituperandae;
912 1527 1089 1604 maledicta,
1111 1526 1328 1606 contumeliae,
1352 1535 1421 1591 tum

340 1629 508 1696 iracundae
527 1630 740 1696 contentiones
761 1629 1067 1710 concertationesque
1088 1629 1120 1692 in
1139 1629 1327 1710 disputando
1345 1648 1420 1710 per·

413 1839 432 1884 l.
458 1833 576 1884 daerrbru
595 1863 624 1872 -
644 1833 786 1898 columnam
804 1835 890 1884 omP,
934 1839 957 1883 ³.
977 1833 1041 1898 quod
1057 1847 1115 1899 (pro
1133 1833 1278 1898 quocum}
1314 1841 1337 1882 4.
1358 1834 1421 1882 Post

341 1902 421 1953 melius
448 1905 557 1955 addunt:
590 1903 670 1952 simun
702 1903 815 1966 quoniam
842 1901 955 1953 decoctu
983 1903 1012 1953 de
1042 1902 1133 1952 lomina
1163 1902 1269 1952 cursibus
1297 1902 1420 1952 cumali

341 1971 404 2022 duci
428 1975 484 2036 (pro
511 1970 639 2036 addidisti)
667 1972 688 2020 Ε
718 1969 786 2038 [disti
812 1971 861 2040 uh]
918 1977 938 2020 5.
973 1969 1070 2021 Triario
1098 1971 1119 2019 E
1152 1990 1166 2021 ο
1191 1971 1272 2020 Triari
1296 1971 1420 2021 LPMCR

342 2045 364 2088 6.
384 2040 486 2104 qtrodE
522 2041 681 2091 cineamss
726 2045 748 2088 7.
769 2040 893 2106 Epicurum
912 2041 958 2089 ER
993 2056 1043 2090 aare
1066 2049 1088 2090 et
1107 2039 1278 2104 mobaraan
1313 2044 1334 2088 9.
1357 2048 1421 2089 asset

342 2124 382 2159 om
411 2110 432 2158 E
469 2109 631 2160 &mundium
649 2108 746 2160 Lucu
764 2109 920 2174 diserentium
939 2109 959 2158 P
986 2109 1076 2174 τιμά.
1094 2108 1276 2158 &eumanum
1294 2108 1334 2157 bt.
1353 2109 1421 2158 seli

346 2183 382 2226 10.
401 2179 494 2228 cumE
543 2183 579 2226 li.
600 2177 740 2228 iracurrdiaa
757 2179 912 2228 contentrbnes
931 2193 1025 2236 omnes,
1045 2179 1088 2228 Or.
1124 2179 1303 2243 wntamptioner
1321 2177 1345 2226 L

341 2369 434 2427 Arch.
459 2371 495 2426 ll
520 2369 688 2445 excogitata
709 2377 786 2426 sunt.
829 2369 900 2444 Ipsa
922 2377 1027 2426 natura
1060 2369 1241 2444 pronominis
1273 2369 1420 2426 indefiniti

343 2464 373 2511 et
395 2454 538 2512 brevioris
560 2453 687 2526 formae,
726 2473 801 2528 quse
829 2454 1027 2512 coniunctioni
1060 2455 1197 2512 enclitica
1229 2455 1420 2524 adhaerebat,

343 2539 567 2597 commendabat
588 2539 757 2597 celeriorem
780 2539 1058 2616 pronuntiationem,
1082 2559 1169 2615 quam
1185 2541 1300 2598 infinito
1317 2539 1419 2615 plures

342 2633 495 2702 poetamm
528 2625 585 2682 loci
618 2625 741 2696 habent,
773 2625 944 2684 Priscianus
966 2626 1068 2683 solam.
1123 2627 1159 2683 In
1181 2645 1240 2682 uno
1267 2635 1297 2682 et
1323 2627 1420 2682 altero

340 2711 407 2768 loco
429 2719 534 2786 poetae
556 2711 679 2768 licenter
700 2711 1066 2788 produxeruntsyllabam.
1099 2712 1135 2769 In
1154 2730 1258 2788 prosae
1276 2711 1420 2768 orationis

342 2797 459 2871 scriptis
480 2797 594 2854 librarii
621 2796 658 2853 ad
689 2815 754 2853 eam
775 2794 947 2854 ferebantur
968 2795 1108 2870 formam,
1142 2815 1218 2872 quae
1240 2797 1270 2853 in
1292 2795 1419 2854 relativo

342 2890 372 2938 et
394 2881 606 2958 interrogativo
629 2881 692 2938 sola
714 2891 786 2938 erat
841 2882 980 2940 Probabo
1002 2883 1092 2958 igitur
1114 2903 1183 2958 qua,
1213 2901 1320 2956 sequar
1343 2881 1420 2959 opti·

343 2985 406 3024 mos
429 2967 545 3025 codices
567 2967 598 3024 in
620 2967 743 3044 singulis
766 2966 848 3024 locis.

428 3056 527 3110 melius.
573 3054 724 3123 Addidisti)
759 3052 842 3126 Quae
870 3053 961 3110 nostri
985 3052 1159 3124 deteriores,
1182 3053 1284 3110 eadem
1306 3053 1419 3110 addunt

341 3137 488 3210 Palatini,
517 3147 641 3214 excepto
668 3140 698 3210 1,
722 3137 878 3196 Davisiani
900 3156 1016 3208 omnes,
1040 3139 1134 3211 Oxm,
1169 3137 1277 3197 Gziani
1299 3149 1418 3214 praeter

342 3224 404 3281 Erl.
427 3233 457 3282 et
478 3224 571 3300 Spin,
605 3244 621 3281 e
650 3229 664 3295 ᾗ
694 3225 743 3281 30.
790 3224 905 3282 Primus
928 3223 1038 3281 delevit
1059 3243 1118 3282 non
1141 3225 1175 3282 P.
1198 3225 1330 3294 Marsus,
1367 3223 1418 3280 sed

342 3309 502 3368 Manutius.
557 3310 694 3367 Erratum
729 3319 788 3380 est,
823 3327 887 3366 cnm
921 3309 960 3366 ad
986 3329 1093 3367 novam
1120 3310 1259 3386 paginam
1288 3307 1417 3384 exempli

342 3395 526 3467 monebatur,
549 3413 603 3452 nec
624 3405 729 3470 postea
750 3395 856 3462 deleta,
879 3412 955 3468 quae
978 3413 1068 3470 prave
1091 3396 1202 3472 scripta
1224 3405 1317 3452 erant
1352 3395 1417 3452 Mo-

342 3479 408 3538 relii
430 3481 524 3537 codex
546 3481 634 3537 etiarn
656 3481 742 3556 plura
763 3481 830 3537 inde
853 3481 1030 3556 manscripta
1051 3481 1187 3538 habebat.

430 3566 479 3622 27.
527 3567 626 3622 Triari.
649 3569 721 3622 nullo
739 3560 834 3646 pacto)
872 3565 979 3622 Triario
1013 3575 1092 3636 ,tres
1124 3565 1273 3643 potiorcs“
1299 3563 1373 3634 Gzi;
1404 3583 1419 3619 o

347 3651 441 3708 Triari
460 3651 625 3719 Davisiani,
648 3651 706 3708 duo
729 3651 835 3726 reliqui
858 3649 981 3720 Gaiani,
1004 3651 1084 3710 Oxrr.
1106 3649 1265 3732 (silentio).

428 3738 650 3806 dissentientium)
685 3737 734 3794 Sic
757 3737 820 3794 aod.
843 3736 921 3794 Vict
951 3737 1013 3813 (qui
1040 3738 1153 3813 primus
1181 3737 1224 3794 sic
1251 3733 1358 3812 edidit)
1391 3743 1419 3792 et

342 3821 418 3879 Mor.
443 3831 472 3878 et
494 3841 550 3898 mg.
573 3821 663 3894 Crat,
687 3823 751 3879 Pal.
773 3826 798 3878 1.
827 3815 1038 3879 ¹Dioren-entiam
1060 3823 1136 3881 Pall.
1160 3823 1260 3892 ceteri,
1283 3821 1363 3880 ΟΠ.

427 3909 592 3977 iracundiae,
614 3905 801 3982 contemionas)
822 3907 984 3966 Lambinus
1008 3907 1193 3966 scribendum
1211 3907 1341 3984 putavit:
1364 3911 1417 3963 ira-

342 3993 446 4049 cundae
467 3996 650 4064 contentiones,
674 4011 759 4066 quem
783 3993 923 4050 Davisius
946 4001 976 4049 et
998 3993 1092 4052 Gaius
1115 4004 1291 4069 sequuntur,
1315 3993 1367 4050 ille
1388 3993 1417 4048 in

342 4077 412 4134 Par.
439 4081 451 4134 l
477 4088 507 4135 et
530 4078 547 4134 3
570 4079 612 4134 ita
634 4097 698 4135 esse
726 4077 871 4146 scribens,
905 4078 952 4134 hic
976 4080 1010 4136 P.
1033 4079 1133 4137 Marso
1157 4098 1221 4136 eam
1244 4080 1417 4155 scripturam
1445 4109 1446 4127 ι

343 4163 475 4220 tribuens
498 4183 610 4234 errore,
644 4173 677 4220 ut
699 4163 782 4220 solet
826 4162 1020 4222 Commendat
1041 4166 1251 4222 correctionem
1273 4163 1418 4241 particula

343 4257 406 4317 tuna
430 4265 505 4322 quae
523 4249 713 4306 mutationem
726 4248 854 4323 aliquam
878 4257 1041 4306 structurae
1058 4250 1223 4326 significare
1240 4251 1367 4320 videtur,
1391 4257 1418 4304 et

343 4332 519 4390 adiectivum
538 4337 702 4408 peru'naces,
735 4334 773 4390 ad
796 4335 952 4390 iucundius
974 4353 1078 4410 parurn
1101 4345 1217 4412 aptum,
1246 4354 1345 4409 aquo
1368 4353 1416 4390 no·
1444 4365 1445 4399 ,

343 4417 420 4474 mine
454 4417 478 4474 si
507 4418 682 4494 seiungitur,
716 4437 753 4474 ne
787 4417 824 4474 ad
851 4423 1024 4478 constantianas
1046 4421 1164 4495 quidem
1186 4421 1303 4479 videtur
1330 4418 1418 4496 perti·
