2928 5012
479 419 675 466 enansnuno.
1004 399 1123 466 XLVII

140 590 272 656 Primum
293 592 389 675 igitur
410 591 442 656 in
464 590 642 655 coniectum
653 589 868 655 necessitatem
891 597 997 672 specto
1015 594 1047 652 et
1057 587 1122 651 evi-

72 699 182 764 dentem
203 700 300 764 mendi
323 699 626 778 demonstrationem,
650 699 902 780 quneconfioitur
923 707 978 764 aut
999 716 1016 762 e
1037 695 1122 761 codi-

71 827 130 871 cum
150 809 294 873 bonorum
317 808 475 889 scriptura
497 813 552 872 aut
573 825 610 872 ex
632 808 774 872 oratione
789 805 1124 872 autcxsententiaaut

69 935 98 978 ax
115 916 219 981 bonnm
239 935 406 996 concursu,
434 935 533 998 eaque
555 918 658 982 omnia
680 917 725 982 sic
746 917 850 998 exigo,
880 935 941 981 non
963 923 1013 994 ut,
1047 913 1122 996 quid

68 1041 114 1104 per
133 1043 165 1089 se
186 1031 299 1090 nectum
312 1025 362 1102 sit,
385 1043 542 1106 quaeram,
565 1027 619 1091 sed
631 1025 896 1107 quidaCieeroue
917 1024 1009 1089 etiam
1020 1022 1122 1086 miuus

70 1139 138 1196 roob
163 1141 193 1198 et
218 1132 377 1216 eleganter
403 1133 496 1198 scribi
523 1134 662 1216 potuerit
693 1138 726 1198 et
752 1133 826 1214 quid
854 1151 924 1198 eunn
946 1129 1123 1197 testimonia

70 1249 294 1324 argmentaque
322 1241 485 1322 scripsisse
518 1244 693 1307 ostendant
750 1244 853 1322 Atque
885 1241 916 1306 in
942 1239 995 1306 illa
1022 1245 1123 1321 parte,

67 1367 134 1428 quae
158 1351 197 1414 ad
217 1351 391 1415 orationem
412 1351 547 1431 pertinet
569 1353 654 1432 (nam
676 1352 715 1415 de
737 1349 892 1415 codicibus
914 1349 1029 1414 dictum
1051 1349 1122 1426 est),

67 1457 180 1523 munuc
200 1467 349 1539 peccatur
371 1478 390 1524 a
411 1459 590 1542 philologis,
622 1477 692 1524 cum
714 1459 746 1523 in
768 1458 875 1541 regida
895 1458 1008 1539 iisque,
1040 1473 1123 1537 quae

69 1563 100 1626 ab
119 1583 153 1629 ea
172 1565 348 1645 dedeotnmt,
370 1567 613 1644 considerandis,
636 1567 709 1648 quia
730 1585 812 1631 nunc
832 1566 963 1632 Latinus
980 1563 1122 1629 etGrae-

65 1687 108 1736 ons
132 1691 228 1738 sermo
255 1674 346 1739 libris
373 1675 536 1740 conclusus
572 1674 711 1740 studiose
740 1681 808 1740 arte
840 1670 1122 1755 comprehendibnn,

67 1797 115 1843 non
137 1783 209 1846 setis
231 1783 449 1862 meminerunt,
471 1802 551 1866 quae
574 1784 615 1848 sit
637 1783 807 1849 communis
827 1783 1002 1864 linguarum
1024 1779 1122 1844 homi·

68 1906 127 1952 unm
147 1909 204 1954 usu
225 1891 397 1972 vigentium
409 1899 530 1958 natura
563 1891 620 1958 Illo
641 1893 722 1958 enim
743 1899 882 1957 veterum
894 1907 996 1956 sermo
1012 1887 1122 1951 iisdem

65 1998 185 2063 omnibus
207 1999 311 2064 censis
333 2000 515 2065 movebatur
537 2007 568 2066 et
589 2000 780 2076 flectebatur,
802 1999 913 2081 quibus
930 2003 1044 2076 noster,
1065 1995 1122 2059 sed

68 2121 112 2167 eae
131 2125 240 2172 causae
261 2108 356 2172 aliam
378 2109 539 2174 materiam
562 2117 594 2174 ct
614 2107 746 2173 formam
767 2107 806 2172 ab
827 2107 914 2172 initio
936 2105 1027 2170 aliter
1048 2122 1122 2169 oon-

67 2211 187 2278 stitutam
216 2216 342 2280 diverso
370 2219 463 2282 modo
489 2224 610 2300 regumt
661 2219 771 2298 Itaque
798 2215 883 2297 quod
910 2214 982 2279 olim
1008 2212 1123 2276 multas

66 2319 204 2403 ursaque
224 2323 345 2406 figlinas
368 2325 591 2407 excogitabant,
614 2343 746 2406 quonum
766 2342 827 2388 usu
848 2323 983 2403 antiquis
1000 2338 1122 2384 omnem

67 2443 222 2496 sermonem
255 2439 380 2498 vertere
410 2433 535 2499 lictusse
562 2433 728 2515 putabant,
762 2450 844 2497 nunc
870 2435 980 2495 contra
1007 2427 1123 2518 partim

68 2551 172 2601 omnem
199 2539 426 2622 neglegentiam
459 2541 752 2624 ambiguitatemque
784 2539 986 2606 avemnbus
1013 2535 1124 2624 linguis

66 2645 202 2712 exclusam
224 2655 347 2730 putant,
368 2650 483 2730 partim
505 2649 781 2732 mirascriptorum
802 2647 932 2714 artificia
948 2645 1125 2728 excogitant

69 2752 368 2839 scnifimdonesque,
402 2777 480 2840 quas
506 2758 576 2824 illos
599 2759 745 2839 consequi
767 2757 902 2822 voluisse
923 2755 1124 2830 arbitrantur,

65 2877 107 2924 nee
126 2865 339 2944 meminerunt,
361 2865 499 2948 singulos
515 2866 664 2944 homines,
686 2867 739 2947 qui
751 2866 854 2947 lingva
870 2866 974 2947 aliqua
985 2867 1123 2937 utantur,

67 2969 99 3033 ita
117 2973 267 3038 communi
289 2974 357 3039 uns
383 2975 454 3039 usui
475 2993 597 3056 parere,
624 2981 661 3038 ut
681 2975 742 3057 ipsi
765 2993 861 3039 novas
884 2970 1122 3056 significationes

68 3077 167 3162 ingere
186 3089 359 3164 nequeant,
392 3101 470 3164 quas
498 3102 588 3148 nemo
610 3083 823 3156 intellecturus
851 3083 904 3160 sit,
938 3089 1003 3145 bum
1030 3095 1124 3158 saepe

68 3187 285 3270 nnbduscnmtur,
307 3209 389 3272 quae
410 3191 452 3255 sit
472 3190 643 3255 femmarum
664 3191 705 3256 ad
726 3191 867 3272 regulam
882 3189 1054 3272 positamnm
1076 3184 1123 3249 vis

69 3307 91 3358 et
108 3315 197 3364 causa
219 3298 323 3380 (utin
346 3299 406 3376 illo,
429 3300 512 3382 quod
534 3301 575 3364 ad
598 3299 677 3378 1,10
698 3319 728 3380 p.
747 3301 788 3364 26
811 3298 920 3380 attigi).
965 3295 1025 3374 Qui
1046 3314 1122 3377 pru-

69 3403 160 3470 denter
179 3417 282 3488 agent,
303 3407 347 3472 illi
359 3407 500 3488 primum,
523 3425 593 3472 oum
614 3412 797 3489 quaeretur,
818 3413 943 3472 rectene
959 3411 991 3470 et
1011 3403 1122 3468 Latine

68 3509 164 3593 aliqndd
185 3521 242 3578 ant
263 3515 389 3580 omnino
416 3523 471 3580 aut
492 3521 576 3581 certo
604 3523 744 3597 tempore
765 3515 882 3580 dictam
909 3513 963 3592 sit,
990 3511 1122 3577 mamone

69 3621 298 3702 considerabunt,
320 3641 382 3705 quo
403 3623 539 3688 transitu
561 3630 592 3688 et
614 3623 725 3706 quibus
747 3623 837 3705 quasi
858 3621 1120 3704 gradibusaoon-

68 3739 137 3792 sea
156 3737 212 3798 aut
232 3729 455 3812 significatione
476 3731 642 3796 verborum
664 3737 719 3796 aut
739 3730 882 3796 iunctura
903 3731 945 3795 ad
965 3729 1059 3806 hanc,
1081 3728 1136 3791 de'

69 3851 118 3914 qua
137 3847 312 3919 quaerebar,
334 3839 434 3904 veniri
455 3839 601 3922 potuerit,
623 3839 735 3904 deinde
756 3847 868 3919 autem,
891 3857 960 3903 oum
976 3835 1121 3901 dedicen-

69 3943 101 4005 da
123 3945 375 4028 neglegentiaque
396 3947 596 4027 dubitabitur,
618 3948 793 4026 attendent,
816 3965 894 4028 quos
916 3946 944 4011 ei
966 3952 998 4009 et
1019 3962 1038 4007 a
1059 3961 1123 4024 qua

67 4061 142 4128 pente
164 4053 268 4118 aditus
289 4053 427 4136 legitima
447 4054 548 4120 forma
570 4056 692 4120 dederit
719 4073 860 4138 quaeque
888 4072 1001 4118 causae
1022 4051 1121 4132 sonip-

67 4165 149 4224 torem
170 4161 330 4228 traxerint
374 4163 460 4228 Haec
487 4183 544 4246 ego
573 4163 711 4228 studiose
738 4181 931 4245 persequens
959 4167 990 4228 et
1011 4159 1121 4242 negavi

67 4267 350 4350 quadamterenda,
372 4272 457 4353 quod
478 4269 760 4353 leg‘timaelormae
771 4290 839 4336 eam
855 4270 1121 4352 perturbationem

66 4367 206 4454 haberent,
227 4395 308 4458 quae
329 4379 470 4444 accidere
480 4379 599 4444 Latinis
620 4379 789 4461 nequisset,
811 4388 843 4444 et
853 4379 1017 4460 permulta,
1040 4395 1121 4459 quae
