2928 5012
347 347 408 411 LII
796 363 991 410 rnxnsxnro.

347 538 376 600 in
401 536 459 601 hac
480 541 571 618 parte
593 536 784 617 reliquerant
806 533 927 598 Morelii
948 534 1103 599 laudabile
1131 535 1282 613 studium,
1309 554 1327 599 a
1350 535 1426 598 dor-

346 646 447 710 trinae
469 644 567 725 copiis
589 651 621 708 et
642 643 744 708 iudicii
768 643 939 707 subtilitate
961 661 1024 708 non
1041 661 1165 723 semper
1186 643 1263 708 satis
1275 641 1427 714 adiutum,

346 759 379 817 et
401 752 519 818 Davisii
543 771 647 834 opera,
670 750 837 833 quaesere
860 757 1044 833 consumpta
1066 759 1115 816 est
1135 751 1168 816 in
1189 752 1264 816 locis
1275 750 1427 831 Diogenis

347 866 379 924 et
406 859 490 925 Sexti
512 859 661 942 Empirici
682 865 870 941 patrumque
892 859 1138 924 Christianorum
1160 859 1202 924 ibi
1224 859 1427 933 ascribendis,

348 969 400 1034 ubi
422 987 518 1033 unum
542 967 668 1049 aliquod
691 987 751 1031 non
775 967 915 1048 ignotum
939 969 1098 1033 decretum
1121 968 1239 1049 apertis
1252 967 1427 1048 verbispu-

348 1077 443 1141 situm
464 1082 541 1154 erat,
563 1084 629 1140 tum
652 1093 733 1156 qnae
754 1075 898 1139 Bromius
921 1076 951 1140 in
974 1076 1068 1140 trium
1091 1075 1427 1157 primorumlibrorum

348 1184 538 1266 argumentis
568 1183 759 1264 explicandis
793 1183 869 1247 satis
902 1191 975 1264 apte
1002 1191 1034 1248 et
1060 1184 1207 1249 distincte
1229 1197 1427 1265 exposuerat

347 1311 448 1374 neque
471 1293 637 1370 aaronita,
661 1301 695 1354 ut
706 1291 913 1356 reconditiora
925 1291 1069 1357 subtilius
1087 1292 1261 1374 attingeret.
1285 1291 1427 1357 Goeren-

346 1401 413 1465 zius
438 1400 514 1464 locis
541 1401 581 1464 ab
609 1400 657 1464 his
690 1399 888 1480 transcriptis
916 1399 989 1463 nihil
1017 1401 1137 1466 addidit
1165 1400 1224 1464 nisi
1246 1419 1373 1465 errores
1396 1401 1427 1462 in

348 1509 429 1573 notis
452 1508 615 1574 sententiis
632 1508 885 1589 argumentisque
901 1507 1098 1574 incredibiles
1120 1515 1295 1589 tantosque,
1316 1513 1427 1571 utnon

348 1635 420 1681 raro
443 1617 546 1682 Stoica
568 1636 626 1697 pro
649 1615 825 1696 Epicureis,
852 1615 1008 1696 Epicurea
1031 1635 1088 1696 pro
1112 1615 1223 1680 Stoicis
1246 1615 1385 1680 baberet.
1401 1623 1428 1688 ¹)

348 1725 460 1806 ltaque
481 1725 513 1788 in
540 1722 727 1788 difficillimis
756 1741 851 1804 saepe
877 1723 953 1788 locis
981 1724 1126 1789 tacebant
1153 1733 1354 1788 enarratores
1378 1727 1429 1803 (ut

348 1833 388 1911 ΙΙ,
400 1835 450 1911 33,
462 1833 514 1911 35,
536 1832 593 1909 III,
610 1833 661 1910 69,
683 1832 737 1909 IV,
755 1833 806 1910 58,
828 1831 866 1908 V,
887 1833 925 1896 18
949 1851 1016 1913 sqq.
1039 1832 1207 1913 multisque
1229 1832 1298 1897 aliis
1320 1831 1428 1910 locis);

348 1960 402 2006 eas
425 1941 642 2018 dubitationes
665 1959 745 2021 quae
756 1939 933 2020 diligentius
945 1940 1118 2005 attendenti
1130 1940 1245 2008 oboriri
1262 1939 1429 2030 debebant,

349 2067 503 2130 nusquam
524 2047 591 2113 iere
613 2047 807 2129 attingebant
824 2048 874 2128 (ut
884 2048 941 2126 111,
952 2049 1003 2127 49,
1027 2049 1096 2128 al.);
1120 2046 1295 2128 quominus
1314 2047 1428 2111 mirum

349 2165 405 2235 est,
428 2157 454 2220 si
477 2157 610 2238 quidex
633 2156 853 2236 disputationis
875 2155 1024 2220 interiore
1045 2155 1257 2236 intellegentia
1284 2155 1348 2236 peti
1373 2157 1428 2218 de-

350 2266 437 2329 beret
458 2265 500 2328 ad
522 2264 710 2344 scripturam
722 2263 847 2328 dubiam
859 2264 1115 2342 constituendam,
1139 2263 1428 2344 plerrunqueaber-

349 2381 452 2437 ratum
475 2391 554 2449 esse,
575 2379 611 2434 ut
632 2372 752 2450 111‚43,
775 2372 828 2448 IV,
841 2373 891 2450 32,
914 2371 1044 2436 maxime
1066 2379 1169 2435 tamen
1193 2371 1430 2452 (utposteriore

347 2481 429 2561 loco)
456 2480 496 2543 ab
518 2479 747 2544 recentissimis.
798 2480 931 2544 Omnino
959 2479 1077 2544 nullum
1105 2487 1154 2543 est
1181 2487 1254 2560 post
1274 2479 1309 2542 P.
1333 2479 1429 2542 Fabri

349 2606 476 2670 operam
503 2588 535 2650 in
559 2587 751 2652 Academicis
779 2587 959 2652 collocatam
985 2607 1026 2652 ex
1053 2587 1111 2651 hoo
1132 2605 1246 2668 genere
1270 2586 1430 2650 Ciceronis

349 2715 438 2777 opuS,
461 2698 548 2760 cinus
560 2697 731 2760 sententias
753 2704 786 2759 et
807 2695 1037 2777 disputationes
1060 2713 1167 2759 omnes
1191 2694 1282 2776 plene
1303 2701 1334 2757 et
1358 2713 1429 2757 cunr

349 2823 453 2868 rerum
485 2802 696 2884 intellegentia
731 2803 984 2884 Graecorumque
1017 2801 1148 2866 fontium
1181 2821 1242 2866 usu
1264 2810 1430 2866 enarratas

349 2911 452 2976 dicere
473 2911 629 2992 possimus
652 2919 778 2992 praeter
799 2912 895 2976 libros
923 2913 962 2976 de
984 2909 1102 2976 officiis.
1147 2911 1265 2974 Verum
1286 2908 1430 2984 Baletus,

349 3020 424 3084 dum
446 3017 549 3082 omnia
570 3019 687 3100 colligit
709 3027 740 3083 et
751 3019 888 3096 effundit,
912 3038 1006 3100 saepe
1018 3018 1182 3082 admiscuit
1194 3017 1303 3096 aliena,
1326 3037 1430 3098 neque

350 3126 486 3192 audebat
506 3126 603 3191 libere
625 3127 664 3190 de
688 3126 836 3191 Cicerone
858 3127 1004 3192 iudicare.
1038 3127 1104 3208 Ego
1126 3126 1158 3189 in
1180 3125 1229 3190 his
1251 3125 1339 3190 libris
1351 3145 1428 3206 ope-

349 3253 418 3298 ram
439 3233 525 3312 dedi,
553 3241 589 3298 ut
609 3234 641 3298 id
662 3235 779 3315 ipsum,
813 3237 897 3317 quod
920 3234 1061 3299 Ciceroni
1082 3252 1205 3314 quoque
1226 3232 1294 3296 loco
1316 3233 1430 3296 obver-

350 3349 452 3406 satum
475 3351 567 3421 esset,
590 3343 734 3408 distincte
756 3361 943 3424 exponerem
966 3340 1247 3424 significaremque,
1280 3340 1430 3404 intextio

350 3449 546 3531 potissimum
567 3450 656 3529 libro,
679 3451 731 3514 ubi
754 3451 861 3515 Cicero
882 3451 914 3515 in
925 3449 1106 3514 difficillima
1117 3448 1281 3529 disciplina
1294 3449 1430 3512 maxime

351 3557 441 3638 quasi
463 3576 583 3621 summa
605 3556 731 3638 fastigia
758 3577 863 3622 rerum
891 3558 1045 3638 sequitur,
1078 3557 1232 3638 quomodo
1261 3575 1330 3620 cum
1358 3556 1430 3620 aliis

351 3665 489 3729 eiusdem
511 3665 691 3745 disciplinae
713 3666 854 3747 partibus
877 3664 1203 3747 disputationibusque
1225 3663 1432 3729 cohaererent

351 3791 397 3850 ea,
420 3791 500 3854 quae
522 3773 549 3836 is
560 3773 726 3853 posuisset
760 3773 890 3851 Deinde,
913 3773 939 3838 si
961 3774 1036 3854 quid
1057 3773 1160 3836 nunus
1183 3772 1222 3836 ab
1241 3781 1442 3851 eoautpert

352 3879 458 3960 spicue
481 3888 536 3944 aut
558 3886 642 3944 recte
664 3881 853 3946 intellectum
865 3881 1101 3962 expositumque
1112 3879 1295 3958 iudicabam,
1318 3879 1429 3959 aperui

352 3995 384 4052 et
406 3988 518 4066 notavi,
541 4006 579 4052 ea
601 4008 726 4070 quoque
748 4007 955 4070 persequenS,
979 4008 1059 4069 quae
1081 4007 1143 4052 non
1166 3995 1231 4051 tam
1254 4006 1273 4051 a
1295 3988 1430 4051 decretis

382 4247 401 4306 ¹l
420 4247 458 4295 Ad
476 4246 549 4298 ilbi
572 4253 597 4296 et
620 4247 648 4305 ll,
668 4250 713 4310 qul
732 4247 849 4296 facillimi
878 4253 952 4304 sunt,
981 4246 1094 4296 Muretus
1117 4245 1245 4307 quaedam
1270 4246 1380 4294 contulit
1402 4249 1427 4294 in

421 4332 536 4391 scholiis,
554 4331 585 4381 ad
605 4338 656 4382 tres
675 4338 820 4396 postremos
839 4333 919 4382 libros
939 4332 1011 4382 nibil.
