2944 5040
492 461 665 510 excussus
683 462 738 510 vu.
1093 445 1157 511 839

90 631 144 690 Sed
166 641 263 688 tamen
285 632 358 690 illud
380 642 467 690 antea
488 634 780 692 animadvertendum
803 644 857 701 est,
881 644 943 692 tota
965 635 1017 692 ille
1039 635 1069 692 in
1080 635 1157 692 libro

90 719 114 772 V
137 717 171 774 de
198 717 306 775 finibus
334 719 486 776 divisionis
520 720 695 795 scriptorum
723 720 895 778 Aristotelis
918 721 1157 778 commemoratio

89 821 171 876 quam
199 822 258 860 uon
285 813 352 880 apte
380 813 410 860 et
437 823 524 878 quam
553 805 696 862 inutiliter
723 823 741 862 a
769 805 911 864 Cicerone
945 806 1156 881 interponatur.

89 889 239 945 Nemeum
262 888 292 946 in
315 899 378 946 toto
400 890 476 947 libro
499 909 556 946 non
580 909 616 946 ex
640 891 718 947 veris
740 889 872 948 fontibus
900 892 1033 948 haustam
1065 891 1157 968 ipsius

88 974 256 1031 Aristotelis
284 975 428 1032 rationem
457 976 618 1033 traditurus
647 977 685 1032 eit
707 977 752 1053 (in
774 977 892 1034 Pisonis
916 977 1071 1051 persona),
1106 978 1158 1034 sed

89 1079 157 1121 eam.
180 1079 268 1134 quam
290 1060 457 1118 Antiochus
479 1079 516 1117 ex
539 1062 630 1118 variis
653 1061 816 1138 disciplinis
839 1063 995 1119 conflatam
1007 1071 1157 1136 tamquam

89 1145 311 1220 Peripateticum
335 1155 364 1202 et
385 1147 594 1204 Academicum
629 1157 658 1204 et
686 1147 803 1223 scriptis
831 1155 861 1203 et
888 1167 947 1216 ore,
975 1147 1040 1222 ipso
1068 1147 1157 1204 etiam

89 1229 225 1288 Cicerone
248 1231 395 1302 audiente,
419 1233 588 1304 tradiderat,
613 1253 649 1289 ex
672 1233 736 1290 eius
759 1233 845 1290 unius
867 1233 952 1289 libris
969 1233 1158 1307 expositurus

88 1317 114 1392 (ξ
134 1319 182 1386 14,
203 1319 251 1386 16,
271 1319 319 1377 75.
339 1318 395 1386 813
419 1316 480 1377 cfr..
504 1337 579 1392 quae
603 1319 638 1376 de
663 1320 797 1376 Varrone
820 1319 922 1374 eadem
945 1318 982 1374 ab
1006 1318 1157 1376 Antiocho

88 1411 234 1477 repetente
257 1401 424 1459 dictasunt
447 1403 484 1459 ad
507 1409 521 1472 ξ
546 1405 584 1460 34
609 1413 638 1460 et
660 1422 723 1460 exc.
746 1404 792 1462 IV
815 1401 919 1480 exta),
943 1411 1055 1474 tamen,
1079 1404 1158 1477 quod

88 1487 157 1544 hanc
180 1487 342 1545 doctrinam
365 1507 418 1564 pro
441 1489 611 1546 Aristotelis
633 1499 722 1564 atque
745 1489 832 1546 etiam
856 1508 909 1564 pro
921 1487 1091 1546 Polemonis
1107 1498 1159 1546 aut

88 1573 210 1630 habebat
232 1583 282 1630 aut
305 1573 408 1630 saltem
431 1574 563 1650 accipere
586 1575 755 1650 cogebatur,
778 1593 843 1632 cum
866 1574 967 1632 orbem
985 1573 1158 1649 praecipua·

88 1678 147 1715 min
170 1657 390 1734 disciplinarum
413 1660 683 1734 sententiarumque
706 1661 752 1717 his
764 1660 848 1716 libris
860 1660 979 1734 explere
1002 1659 1092 1717 vellet
1104 1677 1157 1716 nec

88 1744 215 1814 haberet,
239 1745 316 1801 unde
338 1745 434 1820 ipsam
446 1755 577 1802 veterum
592 1746 754 1804 doctrinam
777 1746 807 1802 in
831 1753 939 1802 certam
957 1743 1081 1802 formam
1094 1745 1158 1801 red-

87 1840 176 1886 actam
200 1849 314 1886 sumere
337 1839 445 1905 posset,
468 1830 584 1888 initium
607 1832 750 1888 sermonis
773 1840 802 1887 et
824 1831 891 1887 libri
920 1831 1063 1888 eiusmodi
1086 1849 1158 1904 qua·

88 1914 150 1972 dam
172 1915 448 1991 Peripateticorum,
473 1917 599 1972 maxime
622 1917 794 1974 Aristotelis
818 1925 847 1972 et
863 1915 1072 1990 Theophrasti,
1095 1916 1158 1972 lau-

87 2001 201 2058 datione
224 2002 393 2058 exornavit.
429 2002 544 2076 qualern
573 2002 671 2077 quivis
699 2003 762 2058 sine
785 2000 846 2058 ulla
868 2001 930 2058 eius
953 2000 1175 2076 philosophiae.

87 2095 220 2142 accurata
242 2087 409 2162 cognitione
432 2087 560 2144 scribere
582 2096 696 2163 posset,
731 2087 780 2161 qui
809 2086 922 2160 aliquid
950 2085 986 2142 de
1017 2085 1062 2143 his
1085 2085 1157 2143 viria

87 2190 121 2227 ex
144 2172 289 2228 communi
311 2171 474 2229 litterarum
488 2171 669 2230 Graecarum
687 2172 792 2229 notitia
815 2171 978 2246 accepisset
999 2189 1158 2245 eorumque

88 2257 240 2329 librorum,
275 2257 326 2331 qui
353 2258 391 2314 ad
419 2268 540 2314 naturae
569 2258 766 2334 cognitionem
794 2267 823 2314 et
852 2275 950 2314 rerum
973 2257 1157 2332 publicarum

86 2343 366 2400 administrationem
388 2353 418 2399 et
439 2343 591 2400 historiam
614 2344 795 2419 pertinentes
818 2342 905 2398 etiam
924 2352 1009 2399 extra
1026 2342 1157 2398 scholam

88 2428 318 2496 celebrabantur,
342 2429 462 2485 nomina
478 2439 599 2485 teneret.
633 2430 689 2486 His
712 2428 859 2505 adiungit,
883 2447 948 2484 cum
977 2427 1015 2484 ad
1032 2427 1157 2484 ethicam

86 2514 171 2583 veuit,
194 2514 246 2570 illa
268 2513 303 2570 de
326 2514 409 2571 libris
431 2515 588 2570 exotericis
610 2523 640 2570 et
662 2515 790 2571 limatius
813 2514 931 2588 scriptia
953 2513 1157 2570 ueculliusex

87 2599 128 2654 his
150 2619 257 2656 nomen
279 2599 432 2675 significat.
469 2599 583 2656 Deinde
606 2609 703 2656 autem
728 2600 848 2678 (dequo
868 2599 963 2655 dicam
976 2599 1064 2673 paulo
1077 2592 1157 2679 post)

86 2703 170 2740 unum
194 2685 324 2741 omnium
347 2686 509 2748 ethicorum
532 2685 748 2742 limatissimum
772 2703 846 2759 opus
868 2685 906 2740 ab
920 2683 1081 2740 Aristotele
1095 2703 1157 2740 om·

87 2769 151 2826 nino
173 2769 310 2846 seiungit,
334 2789 392 2844 quo
415 2771 547 2827 detracto
569 2770 681 2827 nullum
704 2770 823 2828 omnino
846 2769 974 2839 ethicum
985 2769 1157 2825 Aristotelis

86 2854 186 2912 librum
212 2854 313 2926 habet,
347 2874 433 2930 quem
462 2856 491 2913 iu
514 2855 616 2913 limato
639 2856 690 2913 illo
712 2874 819 2931 genere
846 2855 1008 2929 relinquat;
1042 2871 1108 2910 uam
1132 2851 1157 2910 si

86 2940 281 2998 Nicomachea
302 2941 475 2998 Aristotelis
497 2960 554 2998 uon
577 2952 654 3010 sunt,
677 2941 770 2998 multo
793 2940 889 2996 minus
911 2949 997 2996 erunt
1013 2938 1159 2996 Eudemia

86 3035 111 3082 et
133 3027 251 3102 Magna.
275 3045 350 3100 quae
373 3027 440 3083 inde
463 3027 599 3101 pendent.
644 3030 744 3100 Atque
766 3026 821 3081 hoc
845 3043 934 3081 unum
958 3043 1047 3100 opus,
1079 3023 1158 3098 quod

85 3111 239 3168 tenendum
262 3120 356 3187 putat,
380 3130 446 3168 cum
469 3113 506 3168 ab
523 3113 686 3170 Aristotele
709 3111 845 3186 seiungit,
868 3111 906 3166 ab
928 3109 980 3165 illa
1002 3108 1091 3166 etiam
1114 3109 1157 3164 di-

86 3196 195 3254 visione
218 3198 281 3254 eius
304 3206 333 3254 et
356 3196 553 3272 Theophrasti
577 3197 752 3273 scriptorum
781 3195 923 3271 seiungit;
957 3195 1031 3251 adeo
1059 3193 1157 3250 nullus

85 3283 144 3340 cius
166 3283 321 3340 divisionis
343 3283 391 3339 hic
412 3293 457 3340 est
479 3301 558 3340 usus.
591 3285 735 3340 Perverse
747 3291 855 3350 autem,
879 3281 902 3336 si
921 3281 1008 3337 modo
1021 3278 1158 3337 Ciceroni

85 3386 135 3424 usu
158 3367 232 3444 uoti
243 3367 363 3424 filerunt
385 3377 414 3425 et
435 3368 553 3424 tractati
565 3369 737 3426 Aristotelis
760 3367 827 3423 libri
839 3365 936 3436 ethici,
961 3365 1017 3436 hie,
1030 3365 1080 3420 ubi
1093 3365 1157 3421 An-

86 3453 171 3510 tiochi
194 3453 320 3510 formam
343 3453 492 3511 doctrinae
516 3472 569 3528 pro
590 3453 767 3511 Aristotelia
788 3451 992 3527 propositurus
1015 3461 1068 3517 est,
1091 3449 1157 3506 illo·

85 3557 145 3595 rum
167 3539 310 3596 librorum
333 3539 512 3596 mentionem
534 3537 606 3595 lacit
629 3547 658 3594 et
679 3557 789 3614 genera
811 3535 973 3612 distiugvit,
998 3536 1027 3591 iu
1051 3535 1157 3609 quibus

85 3624 180 3681 omnia
201 3624 288 3681 aliter
310 3624 504 3699 explicantur.
548 3625 652 3698 Itaque
676 3642 790 3700 pannus
807 3623 854 3678 hic
866 3631 986 3679 ornatus
998 3619 1159 3677 adventicii

85 3719 198 3767 assutus
221 3719 275 3780 est,
298 3719 340 3780 ut,
364 3727 429 3766 cum
452 3728 513 3766 rem
537 3729 652 3766 omnem
670 3711 707 3766 ab
720 3708 870 3766 Antiocho
883 3708 1013 3776 haberet,
1038 3706 1073 3762 de
1086 3705 1155 3762 Ari-

84 3795 185 3852 stotele
209 3805 306 3852 tamen
329 3794 441 3869 aliquid
464 3795 582 3851 diceret.
628 3795 729 3870 quue
757 3793 790 3849 flt
811 3792 1010 3868 probabilius,
1040 3791 1158 3850 Cicero-

85 3899 147 3937 nem
171 3881 226 3938 hoc
248 3889 342 3938 totum
366 3899 404 3936 ex
426 3879 574 3936 communi
596 3898 666 3937 suae
689 3879 795 3936 aetatis
816 3877 898 3934 fama
920 3877 1079 3952 sumpsisse
1102 3893 1157 3932 nec

84 3985 146 4022 eam
176 3965 302 4024 fortasse
330 3966 486 4041 diligenter
513 3965 737 4041 interpretatum
768 3981 840 4020 esse.
886 3961 976 4043 (Nam
1005 3962 1034 4017 in
1064 3961 1159 4017 altera

84 4052 260 4121 narratione,
284 4069 358 4125 quae
382 4050 516 4126 epistulis
539 4050 599 4108 illis
621 4048 787 4108 Alexandri
810 4059 839 4106 et
861 4046 1051 4116 Aristotelis,
1081 4063 1158 4120 quae

85 4133 224 4202 feruntur,
249 4137 416 4194 continetur
438 4147 468 4193 et
490 4135 568 4210 apud
590 4135 792 4194 Andronicum
816 4133 962 4190 Rhodium
986 4141 1064 4200 erat,
1088 4130 1159 4188 Ari-

85 4223 203 4280 stoteles
225 4222 407 4296 aliquamdiu
430 4222 540 4296 scripta
562 4204 771 4296 depauperati
795 4218 873 4274 domi
896 4217 1076 4274 continuisse
1099 4225 1158 4272 tra·

86 4305 216 4380 debatur,
239 4318 343 4384 postea
365 4317 463 4364 tamen
486 4307 548 4382 ipse
571 4305 706 4362 edidisse.
746 4304 796 4361 Ad
819 4303 975 4359 discrimen
998 4301 1075 4358 euim
1098 4301 1159 4358 edi-

85 4399 176 4451 torum
200 4403 229 4451 et
251 4412 310 4450 non
332 4393 476 4450 editorum
499 4391 578 4448 fama
600 4389 774 4447 divisionem
797 4387 958 4458 referebat,
992 4386 1044 4444 sed
1071 4385 1160 4444 simul
