3018 5052
321 347 386 432 4‘42
709 383 755 430 nn
778 383 908 431 rmrsus
930 383 1002 430 aon.
1080 385 1082 390 ·

321 553 438 636 aliquid
459 553 492 618 in
513 552 561 617 bis
584 553 677 618 rebus
700 551 874 635 probabile,
897 559 928 618 et
949 551 1073 634 quidem
1094 552 1148 631 ita,
1171 559 1207 617 ut
1221 551 1295 617 eins
1317 552 1400 618 ratio

394 757 670 822 l.quidemeetr‘toc

322 929 409 1007 loyor
432 919 594 1008 ἀπολογίαν
619 919 853 1008 (ἀπολογισμὸν)
881 923 939 1007 ἔχει
967 923 1065 1012 (Stob.
1093 929 1156 988 Eel.
1179 929 1247 987 Etla
1270 950 1300 1006 p.
1327 931 1400 995 158,

321 1015 410 1092 Diog.
432 1015 530 1074 Lean.
542 1017 614 1090 VII,
630 1014 713 1092 107).
745 1015 941 1090 quuoniam,
960 1033 1025 1074 cnm
1038 1015 1080 1074 sic
1102 1016 1297 1074 communiter
1319 1015 1402 1073 dice·

322 1102 416 1174 batur,
440 1102 470 1160 in
494 1101 617 1179 singulis
638 1103 727 1160 rebus
749 1101 850 1176 perfici
872 1109 1002 1177 poterat,
1031 1101 1094 1161 sine
1117 1119 1230 1158 summa
1252 1101 1306 1158 illa
1328 1120 1401 1160 con·

321 1187 471 1246 venientia
493 1176 675 1266 (ὁμολογίᾳ),
697 1187 727 1244 in
750 1205 809 1261 qna
830 1187 925 1246 virtus
947 1197 1019 1258 erat,
1042 1187 1121 1261 quod
1143 1185 1308 1245 sicfactnm
1323 1196 1401 1257 erat,

320 1291 416 1348 neque
439 1275 548 1332 bonnm
570 1291 666 1348 neque
687 1271 797 1330 malum
820 1283 891 1330 erat.
934 1273 1012 1332 Tum
1039 1273 1171 1344 demum,
1205 1273 1230 1330 si
1257 1273 1339 1332 actio
1363 1274 1402 1330 ab

321 1358 373 1416 illa
394 1358 600 1416 convenientia
621 1356 755 1435 proiecta
776 1368 854 1416 esset
875 1376 999 1434 eamque
1010 1359 1184 1430 contineret,
1207 1358 1317 1416 bonum
1336 1356 1403 1417 fieri

321 1444 507 1503 indicabatur
529 1443 792 1519 appellabaturque
815 1427 1002 1520 κατόρθωμα
1027 1444 1089 1502 sive
1114 1437 1247 1519 καθῆκον
1274 1436 1402 1505 τέλειον,

322 1528 450 1588 officium
472 1527 636 1606 perfectum
659 1528 757 1609 (Stob.
781 1548 809 1604 p.
836 1529 895 1586 158
919 1537 949 1584 et
974 1525 1065 1609 184),
1093 1527 1167 1590 illud
1189 1537 1287 1586 autern
1309 1547 1402 1605 supe-

320 1615 382 1672 rins
404 1613 538 1690 καθῆκον
553 1608 645 1690 μέσον
672 1609 770 1694 (Stob.
782 1634 810 1691 p.
826 1613 895 1685 158,
918 1612 995 1672 infra
1017 1616 1072 1687 IV,
1089 1613 1156 1691 15);
1179 1633 1267 1690 saepe
1297 1623 1402 1672 tamen

320 1701 386 1771 boc,
409 1700 487 1775 quod
510 1699 638 1758 medinm
660 1701 731 1772 dixi,
756 1700 850 1758 solum
873 1698 963 1758 officii
984 1709 1192 1770 nomentenet,
1214 1709 1248 1756 nt
1264 1700 1403 1758 hoctoto

320 1786 386 1844 loco
409 1794 438 1843 et
461 1790 475 1856 ξ
500 1786 539 1843 20
562 1793 593 1842 et
616 1786 665 1853 22,
687 1786 781 1844 Acad.
803 1787 829 1851 1,
854 1785 904 1857 87,
928 1786 1113 1862 maximeque
1135 1783 1194 1844 Off.
1216 1786 1241 1858 1,
1267 1787 1295 1842 7.
1321 1785 1402 1863 (cfr.
1504 1831 1505 1836 1

322 1872 357 1930 de
380 1872 436 1929 bec
458 1871 603 1930 divisione
631 1871 823 1931 'liedemanni
848 1871 984 1948 Syetema
1005 1872 1083 1930 Phil.
1107 1871 1198 1931 Stoic.
1220 1871 1270 1930 III
1285 1891 1316 1947 p.
1338 1873 1401 1929 299

320 1976 398 2032 sqq,
422 1957 627 2014 Tennemanni
649 1957 727 2014 Hist.
750 1957 827 2015 Phil.
850 1957 897 2014 1v
919 1977 947 2033 p.
964 1958 1021 2016 107
1046 1977 1119 2033 sqq,
1142 1956 1241 2014 Beieri
1263 1975 1331 2014 exc.
1350 1957 1403 2015 111

321 2053 351 2102 et
368 2044 414 2102 IV
424 2042 463 2100 ad
484 2041 564 2100 lib.I
587 2040 659 2119 off.)
693 2043 805 2118 Estque
832 2042 862 2099 id
890 2061 996 2100 nomen
1019 2043 1082 2102 eius
1110 2043 1271 2118 proprium.
1317 2043 1402 2101 Nam

321 2129 350 2186 in
373 2129 429 2206 boc
451 2127 578 2184 maxime
590 2127 692 2186 haeret
703 2128 776 2186 haec
787 2128 882 2185 omnis
894 2127 1012 2187 Stoicae
1029 2123 1202 2204 disciplinae
1215 2147 1294 2204 pars,
1318 2129 1404 2203 qnod
1504 2121 1505 2126 ¹

321 2233 422 2272 eorum
456 2211 554 2270 officia
576 2231 635 2270 non
662 2233 681 2270 a
708 2233 822 2272 summe
844 2213 908 2289 lege
930 2223 1080 2289 tamquam
1102 2213 1187 2272 initio
1210 2213 1351 2272 oriuntur
1374 2224 1404 2272 et

322 2300 506 2370 derivantur,
530 2316 605 2373 quae
628 2299 896 2373 certamqnandam
920 2299 1040 2358 vivendi
1062 2298 1243 2357 voluntatem
1266 2300 1403 2374 postulet

320 2403 452 2460 eamque,
476 2402 541 2441 cnm
563 2383 601 2440 ad
623 2384 800 2460 multiplices
822 2384 902 2441 vitae
923 2385 1053 2444 rationes
1075 2395 1224 2459 tamquam
1242 2386 1404 2442 materiam

320 2469 491 2540 accesserit,
525 2469 556 2526 in
595 2470 683 2528 certis
716 2469 891 2544 quibusdam
924 2471 1090 2530 actionibus
1124 2469 1252 2546 perspici
1285 2471 1404 2540 iubeat,
1504 2489 1505 2494 ¹

321 2555 456 2631 quamvis
478 2573 531 2612 eea
553 2556 693 2614 materiae
716 2556 888 2614 diversitate
909 2557 1069 2614 varientur.
1108 2555 1287 2614 Huiusmodi
1303 2555 1405 2616 offici·

320 2661 404 2700 orum
428 2641 571 2718 originem
593 2659 659 2700 cnm
682 2640 726 2698 illi
749 2660 786 2699 ex
809 2659 862 2699 sue
884 2641 936 2698 illa
958 2631 1101 2717 ὁμολογίᾳ
1128 2641 1234 2698 elicere
1261 2659 1323 2700 non
1349 2662 1405 2719 po·
1504 2625 1505 2674 l

320 2727 454 2796 tuissent,
477 2726 556 2784 alind
579 2725 669 2784 officii
691 2727 807 2784 initium
830 2728 986 2785 sumebant
1007 2745 1025 2784 a
1046 2727 1283 2802 primisnatnrae
1300 2724 1334 2805 (ξ
1351 2731 1405 2796 22,

322 2813 372 2883 23,
396 2812 446 2882 59,
469 2813 525 2882 IV,
548 2805 619 2892 47),
653 2812 696 2870 ita
718 2812 818 2870 uthis
841 2812 946 2870 officiis
969 2832 1006 2870 ex
1028 2811 1168 2870 inferiore
1190 2812 1271 2883 loco,
1301 2823 1338 2870 nt
1363 2814 1405 2872 ita
1504 2821 1505 2900 ζ

321 2898 432 2968 dicam,
466 2897 653 2974 surgentibus
683 2898 719 2955 de
749 2916 862 2956 summo
890 2898 1070 2956 descendens
1091 2905 1258 2956 occurreret
1280 2898 1406 2958 honesti

321 2983 419 3054 notio;
442 3001 497 3041 nec
519 2982 605 3060 plene
628 2983 702 3040 baec
723 2983 978 3041 consociabuntur.
1022 2984 1127 3058 Itaque
1150 2983 1278 3059 primum
1295 2983 1406 3044 deerat
1504 2975 1505 2996 ³

321 3077 402 3126 certa
424 3087 526 3126 norma
553 3069 715 3144 probabilis
748 3068 828 3126 illius
856 3068 995 3140 rationis,
1029 3088 1087 3144 qno
1120 3068 1249 3127 officinm
1283 3071 1405 3129 censeri
1504 3117 1505 3134 ,

321 3155 461 3224 debebat3
489 3172 548 3228 qno
570 3154 673 3224 fiebat,
697 3163 729 3211 nt
751 3154 897 3212 interdum
920 3153 1091 3213 foedissima
1112 3172 1246 3229 quaeque
1268 3156 1406 3230 sapienti
1504 3159 1505 3228 3

321 3259 374 3300 sno
398 3239 492 3300 Stoici
513 3240 673 3298 concedere
696 3240 867 3298 viderentur
888 3240 984 3318 (velut
1006 3240 1067 3310 illa,
1101 3258 1177 3315 qnae
1200 3239 1285 3300 Sext
1308 3241 1405 3319 Emp.
1504 3231 1505 3298 ἶ

320 3326 387 3384 adv.
410 3325 503 3384 Math.
527 3326 583 3397 XI,
611 3326 670 3383 190
688 3344 762 3400 sqq.
791 3319 1028 3407 commemoret);
1057 3325 1162 3384 deinde
1190 3325 1406 3386 difficillimum

321 3420 386 3469 erat
407 3429 445 3468 ex
467 3411 520 3468 illo
541 3411 637 3487 primo
660 3420 783 3469 naturae
805 3412 939 3488 appetitu
961 3411 1078 3468 initium
1106 3410 1286 3482 officiorum,
1322 3433 1406 3488 quae

320 3497 387 3555 aliis
410 3496 594 3569 deberentur,
617 3496 700 3554 velut
722 3497 794 3568 eius,
817 3498 897 3572 qnod
918 3502 933 3567 §
957 3498 997 3554 59.
1020 3497 1153 3573 ponitur,
1182 3497 1312 3573 depositi
1335 3499 1407 3558 red·
1504 3503 1505 3514 ¹

321 3581 423 3654 dandi,
446 3582 589 3658 reperim
620 3580 734 3660 (itaque
761 3583 820 3640 alio
846 3582 912 3641 loco
946 3601 1062 3640 omnem
1089 3582 1219 3642 institiae
1245 3583 1407 3643 notionem
1504 3647 1505 3668 ¹

321 3668 519 3742 actionesque,
542 3685 618 3743 qnae
633 3668 703 3725 inde
715 3669 870 3740 orirentur,
893 3668 980 3746 longe
992 3669 1097 3725 melius
1108 3668 1151 3725 sic
1168 3667 1406 3743 constituebant,
1504 3671 1505 3708 ³

321 3753 470 3829 explicata
491 3763 614 3812 naturae
641 3753 688 3825 vi,
722 3763 755 3812 ut
781 3773 799 3810 a
826 3754 929 3830 primis
956 3761 1079 3812 naturae
1107 3771 1165 3811 non
1193 3761 1408 3829 repeterentur
1504 3743 1505 3810 l

321 3839 469 3896 actionum
490 3839 590 3908 initia,
614 3843 628 3909 ξ
653 3840 692 3896 62
716 3839 809 3915 sqq.);
843 3849 991 3915 postremo
1020 3849 1140 3915 propter
1168 3839 1248 3896 illem
1277 3857 1408 3900 causam
1504 3851 1505 3900 l

322 3924 504 4000 cogebantur
526 3943 600 3996 eam,
624 3943 699 3999 qnae
721 3924 770 3981 bic
781 3925 948 4000 exponitur,
971 3924 1200 4001 disputationem
1212 3935 1317 3982 contra
1329 3929 1408 3985 Ari·
1504 3951 1505 3954 ¹

323 4019 446 4081 stenem,
469 4009 520 4084 qni
543 4011 581 4068 ab
603 4011 676 4086 ipsis
699 4019 781 4068 ortus
803 4018 867 4068 erat
878 4019 908 4068 et
918 4010 1092 4075 desciverat,
1116 4009 1274 4086 suscipere.
1299 4020 1335 4069 ut
1360 4013 1408 4072 ο1-
1504 4039 1505 4044 “

321 4095 419 4152 ficium
441 4095 561 4170 aliquod
583 4096 614 4154 in
635 4096 725 4153 rebus
747 4095 865 4166 mediis,
888 4095 919 4153 id
942 4105 1001 4172 est,
1025 4096 1055 4154 in
1078 4114 1179 4154 earum
1201 4095 1352 4156 electione
1377 4109 1410 4158 et.

321 4180 479 4238 reiectione
502 4199 566 4240 esse
588 4179 788 4240 defenderent
831 4181 877 4238 Ea
897 4190 995 4240 autem
1019 4181 1180 4257 disputatio
1207 4200 1305 4256 neque
1335 4203 1410 4260 per·
1504 4227 1505 4234 ,

322 4265 424 4340 spicue
446 4266 601 4324 admodum
625 4285 720 4342 neque
742 4267 826 4324 firma
849 4279 902 4337 est,
926 4269 1005 4342 quod
1027 4277 1089 4324 tota
1111 4267 1230 4343 ponitur
1251 4267 1411 4330 indefini-
1504 4263 1505 4276 ³

322 4351 401 4407 tione
423 4351 475 4409 illa
497 4349 596 4425 officii,
620 4370 695 4428 quae
716 4353 852 4429 ipsanon
866 4353 1063 4426 confirmatur,
1086 4361 1116 4410 et
1127 4362 1282 4430 praeterea
1293 4373 1412 4430 parurn
1504 4351 1505 4378 ³
