2920 5012
338 395 381 442 nr
405 393 485 440 ιιιι.
508 393 570 440 mm.
593 393 606 440 1
627 393 699 441 cus.
726 397 830 442 n-us.
1075 377 1115 440 97

76 565 220 645 sequimur,
251 573 289 629 ut
321 565 387 630 sine
420 581 496 628 cura
528 571 674 644 metuque
700 564 841 628 vivamus
868 563 1066 646 animumque
1087 570 1119 628 et

76 684 171 747 corpus
192 673 341 749 quantum
363 665 485 732 efficere
507 666 673 748 possimne,
696 669 838 732 molestia
858 667 1032 732 liberemus.
1076 667 1120 732 Ut

75 769 137 833 enim
158 771 263 836 mortis
291 777 376 835 metu
404 769 504 834 omnis
531 769 654 851 quietae
680 769 762 836 uitae
784 775 885 834 sams
907 769 1118 851 perturbatur,

75 881 98 935 et
114 881 142 936 ut
160 859 355 938 succumbere
377 872 536 938 doloribus
548 891 664 955 eosque
675 873 782 938 humili
793 871 1119 952 animoimbecilloque

75 973 289 1040 ienemiserum
300 981 358 1056 est,
370 976 408 1040 ob
420 993 550 1057 eamque
561 975 749 1040 debilitatem
760 975 853 1040 animi
864 975 953 1040 muulti
964 981 1120 1056 parentes
1137 975 1158 1038 5

74 1077 141 1140 multi
151 1079 270 1158 amicos,
282 1077 420 1142 nonnulli
431 1078 573 1158 patriam,
587 1077 727 1160 plerique
738 1085 842 1142 autem
853 1097 887 1142 se
899 1079 984 1158 ipsos
996 1077 1120 1157 penitius

73 1180 260 1258 perdiderunt,
284 1181 328 1245 sic
349 1181 496 1245 robustus
518 1181 639 1244 animus
662 1185 694 1244 et
715 1181 854 1244 excelsus
877 1179 958 1244 omni
976 1184 1024 1243 est
1045 1179 1121 1243 liber

74 1298 131 1344 cura
148 1289 176 1346 et
196 1301 323 1364 angore,
346 1301 416 1347 cum
438 1287 470 1346 et
490 1291 622 1346 mortem
644 1283 825 1361 contemnit,
858 1300 920 1364 qua
948 1282 1000 1363 qui
1021 1281 1124 1348 allecti

73 1385 183 1461 suntin
205 1386 314 1450 eadem
336 1403 433 1450 musa
455 1389 537 1458 sunt
560 1403 623 1465 qua
644 1393 810 1467 antequam
831 1385 912 1462 nati,
945 1393 976 1449 et
1002 1385 1043 1448 ad
1065 1385 1121 1448 do-

73 1483 135 1550 bres
153 1487 195 1550 ita
216 1493 348 1568 paramus
370 1494 431 1565 est,
463 1493 499 1550 ut
520 1487 706 1565 meminerit,
740 1487 887 1552 maximos
910 1494 1009 1551 morte
1031 1485 1122 1564 timui,
1142 1487 1183 1552 10

71 1605 164 1666 paruos
193 1590 293 1654 multa
319 1589 434 1654 babere
461 1587 624 1654 interualla
651 1589 812 1670 requietis,
846 1589 1044 1654 mediocrium
1065 1607 1122 1653 nos

72 1707 125 1754 esse
148 1692 377 1770 dominos‚ut
411 1691 438 1756 si
465 1691 639 1756 tolerabiles
666 1693 741 1768 sint,
776 1690 925 1770 ieramus,
958 1691 986 1755 si
1011 1691 1122 1768 minus,

127 1899 143 1946 l
160 1897 287 1946 semels
323 1901 345 1944 2
367 1896 530 1960 possumnel.
567 1903 589 1945 4.
612 1895 642 1962 [et
660 1913 709 1945 om.
724 1895 758 1964 A]
799 1902 822 1949 8.
840 1897 985 1946 tanoun.
998 1893 1120 1964 C[qnnm]

70 1960 103 2010 Or
124 1961 175 2030 [ona
197 1965 258 2028 qnia
283 1961 375 2032 mah]
426 1970 463 2014 ll
487 1964 613 2028 qnietiec
657 1965 839 2015 medicorumli
883 1971 921 2018 12,
942 1965 1057 2033 [smarnos
1075 1981 1122 2014 om

70 2029 103 2097 .·4]
133 2033 248 2084 casce

70 2221 92 2276 in
92 2225 240 2315 periculis
262 2223 406 2281 adeundis
435 2233 580 2282 cernatur.
623 2224 770 2301 Epicurus
796 2215 849 2301 cip
879 2215 1015 2300 ἀνδρείαν
1038 2213 1125 2298 φύσει

68 2325 99 2380 μι
92 2295 244 2382 γίνεσθαι,
255 2305 386 2384 λογισμῷ
402 2299 432 2367 di
444 2307 499 2365 τοῦ
511 2303 717 2384 συμφέροντος
728 2310 861 2386 putabat.
873 2311 972 2386 (Diog.
985 2311 1014 2368 X
1018 2309 1125 2384 ,120.)

134 2396 318 2469 pleriqsse—
337 2396 527 2469 perdiderunt)
551 2395 669 2464 Narrat,
693 2396 763 2469 qnid
780 2413 867 2472 saepe
889 2395 999 2452 factum
1023 2395 1069 2454 sit.
1093 2404 1126 2451 ut

70 2477 249 2556 intellegatur,
273 2479 345 2554 quid
367 2480 430 2538 fieri
454 2481 555 2538 soleat.
600 2480 675 2537 Dico
698 2489 819 2557 propter
836 2480 953 2554 Gaium,
977 2481 1027 2556 qui
1050 2455 1125 2538 ludi·

69 2562 147 2622 brium
168 2567 271 2624 aoristi
295 2565 437 2623 adhibuit.
460 2565 532 2643 [Op.
555 2566 648 2623 Acad.
669 2567 711 2632 11,
734 2586 762 2642 p.
788 2565 872 2644 114.]

137 2669 194 2708 eum
215 2663 240 2709 et
263 2662 372 2709 mortem
394 2651 545 2726 concinnit)
568 2652 637 2709 Non
665 2670 753 2709 caussa
781 2653 944 2723 indicatur,
984 2653 1035 2709 sed
1062 2650 1125 2728 ipse

69 2745 145 2794 status
166 2739 257 2796 animi
282 2737 458 2795 describitur
479 2737 671 2814 adiungendis
699 2737 749 2808 iis.
789 2738 818 2795 in
842 2739 948 2813 quibus
975 2747 1125 2815 appareat.

69 2817 124 2894 [Gr.
143 2823 206 2881 lat.
231 2829 246 2894 ξ
272 2823 334 2880 358
357 2842 385 2878 ιι.
409 2821 452 2901 2.]

137 2912 162 2964 in
183 2911 280 2967 eodem
302 2927 394 2980 consa,
417 2929 472 2983 quta
494 2919 637 2982 antequam
659 2907 729 2987 nati)
757 2909 803 2965 De
831 2927 863 2966 rc
885 2909 943 2965 vid.
973 2909 1010 2964 ad
1033 2914 1047 2979 ξ
1070 2910 1126 2977 40;
1214 2955 1217 2962 .

69 2989 96 3046 dc
112 2995 327 3071 praepositione
355 3003 423 3050 ante
450 2994 605 3051 relativum
633 2995 756 3064 omissa,
790 3013 856 3051 curn
884 2995 1033 3064 audiatur,
1067 3013 1126 3050 non

69 3079 235 3152 exprimatur
246 3081 324 3137 idem
337 3081 469 3152 verbum,
492 3081 571 3154 quod
585 3081 786 3156 praecesserit,
809 3089 980 3137 annotatum
999 3078 1127 3136 breviter

70 3162 128 3234 cdi
151 3167 206 3236 323
236 3175 430 3242 pervagatum
458 3166 535 3222 enirn
558 3185 649 3242 genus
672 3175 808 3224 estete
831 3165 929 3222 multis
951 3183 1126 3222 commemo-

69 3261 156 3307 retum.
198 3251 350 3327 Exempla
361 3250 554 3310 Ciceroniana
565 3251 685 3326 collegit
697 3251 768 3310 Otto
785 3252 815 3308 in
834 3269 897 3308 exc.
909 3251 945 3307 ad
958 3251 999 3320 ΙΙ,
1016 3251 1063 3321 13,
1077 3253 1125 3308 40.

72 3333 156 3406 itum,
179 3347 213 3394 nt
235 3338 302 3408 hie,
336 3337 371 3394 de
399 3345 477 3394 statu
506 3345 535 3394 et
557 3337 727 3394 condicione
751 3355 838 3412 saepe
860 3337 979 3412 ponitur
1001 3355 1036 3393 ea
1057 3355 1126 3394 con-

70 3415 218 3496 iunctione,
248 3432 282 3480 ut
304 3431 356 3479 aut
377 3441 433 3479 esse
454 3426 481 3478 in
503 3425 596 3497 aliqua
618 3442 701 3479 euerso
725 3423 832 3496 aliquis
854 3423 968 3479 dicotur
989 3431 1041 3479 aut
1063 3425 1127 3480 boec

68 3507 100 3560 sel
108 3509 149 3563 illu
160 3513 277 3566 elicimus
289 3528 346 3565 esse
356 3527 446 3566 caussa.
482 3505 586 3566 Cicero
609 3507 660 3584 (ad
672 3509 736 3565 Att.
749 3509 806 3577 xl,
833 3508 881 3579 13,
898 3507 928 3586 1)
952 3509 1027 3565 dixit
1038 3509 1126 3566 etiam

68 3595 140 3648 tocie
160 3599 185 3650 ιἰι
209 3615 269 3652 earn
291 3613 411 3664 eausam,
435 3601 465 3650 et
486 3594 731 3668 quamadmodum
753 3595 769 3652 I
792 3593 827 3649 de
840 3593 922 3653 Orat.
939 3595 996 3652 159
1010 3595 1128 3671 scripsit

66 3693 161 3737 cumam
182 3682 291 3756 disperii
310 3681 517 3753 capnoscendum
539 3699 609 3744 esse,
633 3680 675 3736 sic
698 3699 751 3755 pro
774 3679 858 3739 Sulla
882 3680 935 3736 32:
958 3699 1067 3738 caussam
1089 3685 1129 3736 rei

65 3763 172 3832 publicae
194 3785 249 3822 noes
271 3775 351 3822 terres.
389 3765 453 3822 Liv.
466 3766 620 3834 XXXIX,
648 3767 694 3828 18,
720 3767 753 3822 5:
777 3767 879 3839 diuque
903 3770 942 3822 vis
965 3770 990 3822 in
1013 3777 1127 3840 utreque

68 3866 138 3906 ισιιιιι
158 3855 280 3908 euroram
302 3853 492 3926 mulierumque
507 3854 573 3924 suit.

139 3941 162 3992 si
182 3935 286 4012 ruinius)
309 3935 374 4016 [Sic
385 3937 424 4004 A,
437 3935 505 3995 Gaii
523 3955 634 4007 omnes,
655 3936 845 3993 confirmante
862 3937 898 3993 de
909 3936 970 3993 Erl.
982 3935 1126 4015 Halmio]

66 4015 205 4080 fidebatur
227 4022 295 4078 inde
318 4041 336 4078 a
358 4021 438 4081 Crat.
461 4026 501 4078 sin
524 4025 619 4079 minus.
648 4021 759 4099 [Animo
781 4041 866 4097 nequeo
888 4023 975 4079 etiam
999 4020 1052 4100 A.]
1080 4023 1127 4081 De

65 4123 90 4158 re
109 4107 159 4163 cfr.
181 4107 221 4164 ad
234 4109 274 4166 62
287 4117 317 4164 et
328 4107 368 4177 ΙΙ,
383 4109 433 4164 95.
456 4107 568 4166 Seneca
590 4109 674 4184 epist.
701 4107 934 4184 12,10Epicuri
962 4127 1063 4166 vocem
1086 4111 1128 4166 ait

67 4203 133 4248 esse':
155 4195 262 4250 Malum
285 4204 325 4250 est
346 4199 372 4250 in
395 4198 548 4251 necessitate
568 4198 662 4260 vivere,
685 4195 734 4250 sed
754 4197 780 4250 in
803 4197 954 4250 necessitate
975 4198 1062 4252 vs'oere
1083 4217 1127 4252 ne·
1185 4207 1189 4216 '

65 4283 163 4336 seratas
184 4281 261 4336 nullo
285 4289 332 4336 est.
376 4279 460 4337 Alibi
482 4299 540 4337 non
564 4280 684 4337 memini
706 4279 943 4350 commemorari,
967 4281 1125 4357 Epicurum

67 4365 156 4423 mortis
178 4365 238 4423 sibi
261 4365 486 4424 consciscendae
503 4374 652 4423 auctorem
663 4365 770 4434 fuisse;
793 4375 904 4423 tantum
918 4367 981 4424 eius
992 4369 1127 4425 timorem

908 4483 923 4536 7
