2944 5040
475 393 648 440 excussus
668 393 720 436 vu.
1074 379 1138 444 845

86 566 172 635 (head
188 567 213 632 l,
232 566 288 641 33)
311 565 483 622 Aristotelis
500 565 748 641 oppugnationem
766 565 896 622 idearum
911 567 1137 632 Platonicamm,

85 652 110 707 de
127 670 180 726 qua
201 651 316 710 Cicero.
339 650 455 708 etiamsi
473 651 583 707 nullam
595 651 767 708 Aristotelis
789 651 917 709 litteram
940 653 1070 714 vidisset,
1093 657 1137 712 in·

84 737 180 794 audisse
201 737 315 812 aliquid
338 737 479 799 debebat,
508 747 537 792 et
562 736 737 793 mentionem
760 736 840 794 illam
864 738 983 811 quintae
1006 751 1136 805 naturae,

84 823 109 879 de
127 841 180 896 qua
201 833 270 879 ante
293 821 366 878 dixi.
411 823 473 878 Nec
496 822 532 878 de
560 821 695 898 Physicis
723 821 850 879 affirmat
878 825 920 899 (p.
946 827 1029 902 158).
1078 827 1137 884 Eos

83 907 165 978 libros,
184 909 294 982 quibus
315 907 496 965 Aristoteles
518 907 670 964 historiam
688 909 850 965 naturalem
868 911 1098 984 comprehcndit,
1121 932 1138 968 a

83 993 205 1050 Cicerone
239 993 332 1050 lectos
366 1011 444 1052 esse.
478 1012 537 1049 nou
567 1011 637 1049 sane
671 994 836 1050 necessario
869 1013 905 1051 ex
934 1015 969 1052 co
997 997 1137 1070 sequitur.

83 1079 145 1152 qaod
156 1079 306 1137 Historiae
319 1078 500 1136 Animalium
513 1088 718 1154 argumentum
730 1080 865 1136 universe
882 1080 991 1138 indicat
1014 1083 1049 1138 de
1073 1083 1139 1141 Fin.

82 1165 178 1233 ll',13
201 1174 229 1220 et
253 1166 291 1227 V,
314 1165 352 1220 10
375 1173 426 1220 aut
448 1164 527 1238 quod
549 1163 639 1220 semel
662 1173 750 1238 atque
773 1165 878 1222 iterum
901 1168 1037 1242 exemplo
1061 1168 1138 1226 eius-

82 1251 144 1306 modi
166 1251 264 1308 utitrrr.
288 1250 367 1324 quod
390 1249 450 1306 illic
473 1250 605 1324 positum
625 1249 677 1319 sit,
705 1251 834 1326 ascripto
856 1251 944 1308 etiam
967 1253 1138 1311 Aristotelis

81 1337 189 1393 nomine.
217 1336 295 1392 Nam
308 1336 381 1392 haec
392 1353 517 1410 quoque.
540 1346 573 1391 ut
591 1335 664 1392 illud
676 1336 712 1392 de
724 1336 856 1410 pinotere
868 1337 941 1412 (vid.
953 1338 990 1393 ad
1002 1339 1059 1400 III,
1073 1339 1138 1415 63),

81 1421 247 1479 meliorum
272 1421 390 1496 scriptis
413 1421 521 1477 habere
544 1431 668 1496 poterat
713 1421 817 1494 Neque
840 1431 937 1479 tamen
960 1425 1137 1500 negaverim.

81 1507 140 1563 illud
161 1525 234 1582 opus
256 1525 274 1563 a
296 1506 439 1564 Cicerone
461 1506 579 1576 lectum,
603 1507 654 1580 qui
676 1515 706 1562 et
728 1507 897 1583 multiplicis
920 1509 1059 1566 scientiae
1078 1520 1138 1568 stu·

80 1591 179 1649 diosum
200 1611 267 1650 cum
290 1591 382 1648 firissc
405 1603 435 1648 et
456 1593 705 1649 Admirandorum
729 1592 835 1649 librum
864 1595 1016 1670 scripsisse
1039 1597 1138 1653 sciam.

79 1677 145 1734 Illud
166 1689 330 1734 extremum
354 1677 473 1734 addam.
508 1678 532 1734 si
555 1678 586 1734 id
608 1687 720 1734 tantum
746 1676 881 1737 Stahrius
904 1681 1065 1755 posuisset,
1100 1702 1137 1738 ex

79 1763 215 1820 Ciceronis
238 1763 356 1838 scriptis
379 1763 450 1819 satis
472 1781 630 1838 apparere,
664 1764 804 1839 pleraque
827 1765 997 1824 Aristotelis
1020 1768 1138 1842 scripte,

79 1859 168 1905 conha
189 1857 277 1923 atque
301 1849 408 1908 Strabo
431 1849 595 1924 significare
619 1849 748 1915 videtur,
784 1867 841 1906 non
870 1851 964 1907 solum
987 1851 1138 1910 Ciceronis

79 1945 206 2010 tempore,
229 1935 290 2004 sed,
314 1935 393 2008 quod
416 1935 509 2008 magis
531 1945 633 1991 contre
656 1935 830 1993 Strabonem
853 1946 907 1997 est,
929 1947 997 1994 ante
1020 1938 1138 1996 Cicero-

78 2039 134 2076 nem
144 2020 229 2094 vulgo
241 2031 310 2077 nota
321 2018 421 2078 fixisse.
435 2038 480 2075 me
492 2019 566 2076 nihil
577 2030 680 2077 contra
690 2019 781 2077 fluisse
794 2021 948 2091 dicturum,
961 2021 1030 2100 [etsi
1043 2043 1137 2097 neque

79 2105 335 2182 lletaphysicorum
350 2124 443 2178 neque
463 2105 602 2162 librorum
621 2107 656 2162 de
674 2106 772 2162 anima
791 2107 851 2163 ulla
874 2117 918 2164 est
936 2107 1135 2186 significatio}

78 2190 178 2248 Rursus
195 2209 252 2246 non
270 2200 392 2247 tantum.
416 2201 557 2264 quantum
571 2200 698 2264 putatur,
717 2192 754 2248 ad
767 2193 922 2250 Strabonis
939 2195 1135 2252 narrationem

77 2277 249 2333 rebitandam
272 2277 412 2334 momenti
424 2275 575 2334 Ciceronis
603 2277 750 2334 silentium
763 2278 860 2334 habet.
888 2279 964 2335 Nam
978 2299 1013 2336 ne
1031 2281 1137 2337 Antio·

76 2361 139 2418 chus
150 2363 275 2436 quidem,
288 2361 337 2436 qui
350 2381 432 2419 suam
443 2361 498 2419 sibi
511 2361 695 2437 disciplinam
702 2363 928 2439 Peripateticam
942 2374 970 2420 et
980 2367 1138 2422 Academi-

77 2465 132 2502 cam
150 2463 360 2523 composuerat,
387 2466 492 2522 magno
515 2466 603 2520 opere
616 2459 770 2504 curaturus
793 2459 864 2506 erat.
889 2450 1010 2524 siquod
1030 2471 1137 2508 novum

77 2533 195 2605 prodiret
207 2551 281 2608 opus
290 2533 504 2590 adAristotelis
515 2535 671 2606 genuinam
683 2534 898 2610 philosophiam
906 2537 1138 2612 cognoscendam

76 2617 264 2685 utilissimum,
286 2619 393 2676 nedum
411 2618 441 2674 id
463 2617 568 2675 Cicero
587 2620 625 2676 ad
648 2638 680 2676 se
704 2620 826 2676 multum
850 2622 996 2696 pertinere
1020 2624 1139 2698 putarit.

153 2705 196 2760 De
219 2703 371 2762 Ciceronis
394 2703 569 2761 testimoniis
592 2714 621 2762 et
643 2706 817 2763 auctoritate
840 2708 1038 2780 quaerendum
1067 2708 1139 2766 mihi

76 2787 138 2856 iuit3
159 2807 195 2845 ne
217 2799 314 2846 tamen
339 2807 447 2852 eorum,
472 2808 547 2864 quae
569 2791 646 2857 dixi,
680 2791 821 2848 nonnulla
848 2800 899 2848 aut
928 2793 1054 2850 obscura
1081 2795 1140 2852 sint

77 2881 121 2928 aut
141 2893 231 2944 secus,
254 2893 289 2931 ae
312 2875 402 2944 volni,
425 2874 617 2949 accipiantur,
641 2895 728 2951 qnam
751 2887 854 2952 potero
871 2879 1052 2942 brevissime,
1076 2880 1139 2936 sine

77 2957 131 3015 ulla
151 2959 282 3036 longiore
304 2961 641 3032 confirmationedicam,
665 2962 736 3036 quid
759 2962 829 3020 mihi
852 2963 888 3020 de
911 2973 972 3021 tota
994 2965 1139 3023 divisione

77 3042 208 3102 librorum
231 3036 459 3120 dapoaaactxois
482 3055 511 3102 et
534 3039 708 3120 ἐξωτερικῶν
730 3049 872 3104 videatur.

153 3131 190 3188 Et
212 3151 250 3188 ex
272 3131 378 3188 studiis
401 3139 430 3186 et
452 3150 488 3187 ex
513 3132 629 3206 scriptis
641 3132 812 3190 Aristotelis
824 3135 883 3191 alia
894 3135 1036 3211 magisad
1059 3154 1138 3192 sum-

76 3233 133 3272 mas
158 3217 343 3290 quaestiones
371 3216 573 3292 philosophiae
601 3217 791 3276 subtilissime
824 3221 1040 3296 persequendas
1073 3241 1139 3296 per·

75 3301 207 3363 tinebant,
229 3302 298 3368 alia,
322 3321 396 3376 quae
418 3302 447 3359 in
470 3303 549 3360 vitae
572 3303 716 3359 humanae
738 3305 854 3363 actione
876 3306 1021 3380 rebusque
1043 3307 1139 3382 publi-

75 3385 162 3444 cisat
182 3388 305 3464 privatis
328 3387 547 3444 considerandis
560 3389 761 3458 versabantur,
784 3391 841 3447 iam
854 3392 892 3448 ab
904 3391 955 3448 illa
977 3391 1139 3450 subtilitate

76 3473 200 3530 nonnihil
222 3473 410 3530 declinabant
432 3473 498 3548 (cir.
522 3473 590 3530 Eth.
613 3475 650 3530 ad
668 3475 783 3532 Nicom.
796 3477 852 3546 1,3
870 3487 899 3534 et
912 3479 951 3540 ll,
966 3479 1009 3552 2),
1033 3479 1139 3554 magis-

75 3575 127 3629 que
148 3559 244 3622 etiam,
267 3577 343 3632 quae
355 3559 391 3614 ad
405 3558 556 3616 historiam
575 3569 604 3616 et
620 3579 718 3616 rerum
741 3581 759 3618 a
782 3570 887 3620 natura
903 3572 1066 3619 creatarum
1090 3565 1140 3620 de-

75 3643 253 3718 scriptionem
278 3645 479 3720 pertinebant3
502 3645 668 3702 accedeban
687 3648 855 3710 trhetorica,
874 3660 945 3712 tam,
964 3658 996 3705 ut
1014 3649 1139 3720 videtur,

75 3727 102 3781 in
123 3729 243 3808 dialogis
264 3749 363 3786 rerum
391 3732 429 3788 ad
457 3730 534 3786 vitae
563 3733 707 3788 actionem
731 3733 939 3809 pertinentium
967 3735 1140 3809 popularius

74 3814 193 3890 scriptae
210 3816 420 3892 expositiones.
464 3817 589 3886 Horum,
613 3837 678 3874 cnm
701 3819 867 3887 ederentur,
890 3820 949 3876 alia
970 3818 1088 3877 facilius
1111 3831 1139 3878 et

74 3897 109 3953 ad
129 3902 225 3975 plures
248 3911 373 3978 evagata
395 3921 468 3972 esse,
492 3901 551 3958 alia
573 3903 657 3960 initio
680 3923 737 3960 non
760 3903 823 3961 fere
846 3905 902 3962 nisi
930 3905 967 3960 ad
990 3924 1054 3962 eos.
1089 3906 1139 3980 qni

75 3984 272 4062 philosophum
296 3987 392 4061 ipsum
416 3987 501 4044 simul
524 3988 660 4046 audirent
681 3990 886 4056 audissentve,
915 3991 1002 4048 facile
1025 3991 1139 4048 intelle·

74 4070 155 4143 gitur.
181 4073 360 4131 Aristoteles
382 4092 477 4148 neque
499 4075 661 4151 generatim
684 4075 775 4132 libros
798 4095 866 4133 suos
878 4077 1034 4152 descripsit
1045 4095 1140 4152 neque

76 4159 209 4228 quosdam
221 4158 352 4216 occultos
374 4159 486 4227 habuit,
510 4160 565 4218 nisi
589 4161 667 4236 quod
690 4162 822 4218 nonnulli
846 4181 904 4219 non
922 4163 1059 4220 celeriter
1070 4181 1139 4220 con-

74 4237 138 4300 fecti
160 4256 235 4302 sunt.
280 4244 339 4318 Qui
361 4245 440 4320 apud
463 4246 558 4322 ipsum
582 4235 744 4320 ἕξωτερικοὶ
764 4232 847 4322 λόγοι
863 4257 1139 4319 commemorantur,

76 4325 169 4387 iinon
192 4329 260 4388 libri
282 4340 367 4393 sunt,
396 4331 447 4388 sed
469 4348 637 4389 communes
659 4330 810 4389 hominum
835 4351 892 4390 non
915 4333 1030 4391 rudium
1055 4345 1140 4391 extra
