2928 5012
326 399 427 463 XLIV
788 413 984 462 assartum.

327 587 470 670 parebat,
504 604 573 649 cum
595 593 812 667 quaereretur,
835 603 927 666 quam
950 584 1135 664 scripturam
1159 603 1196 648 er
1218 601 1280 662 qua
1303 589 1408 646 ortam

328 715 397 761 esse
419 694 579 775 probabile
603 701 687 758 asset
714 701 769 758 aut
791 693 843 774 qui
873 692 990 758 librarii
1007 692 1164 756 liberrime
1186 697 1217 756 et
1239 691 1408 772 neglegen-

328 804 447 868 tissime
470 802 605 866 scribere
628 801 772 865 solerent

415 911 446 976 si
458 911 582 991 quando
594 916 697 974 tamen
709 908 835 973 dubium
847 909 999 987 manebat,
1022 907 1096 990 quid
1106 907 1138 971 in
1149 906 1303 972 inferioris
1314 905 1409 970 lami-

327 1021 388 1086 liae
405 1019 505 1100 primo
517 1018 621 1082 codice
638 1016 758 1096 fuisset,
782 1035 819 1081 aa
831 1015 982 1080 dubitatio
994 1035 1067 1081 raro
1079 1016 1210 1080 molesta
1221 1023 1298 1092 erat,
1321 1016 1410 1096 quod

327 1135 460 1209 utraque
482 1126 638 1206 scriptura
659 1125 707 1190 vel
730 1145 837 1190 omnes
859 1131 967 1206 aperte
989 1125 1179 1205 depravatae
1198 1129 1288 1188 erant
1305 1142 1343 1187 ex
1361 1141 1411 1199 ea,

327 1253 422 1318 qnam
432 1234 574 1300 meliores
585 1234 705 1300 codices
718 1234 872 1298 tenebant
894 1233 974 1298 Fere
985 1232 1065 1296 enim
1076 1231 1190 1313 ubique
1201 1231 1233 1295 in
1244 1231 1412 1311 utriusque

327 1343 462 1408 familiae
484 1343 680 1408 contentione
702 1343 811 1406 melior
833 1342 926 1406 etiarn
948 1340 1041 1405 certis
1063 1339 1254 1421 argumentis
1276 1359 1314 1404 ex
1337 1339 1413 1419 ipsa

328 1452 485 1532 scriptura
506 1451 607 1515 ductis
629 1449 851 1528 adimebatur,
877 1450 961 1530 quod
984 1467 1021 1513 ea
1042 1454 1098 1512 aut
1119 1447 1251 1512 orationi
1277 1448 1414 1512 Latinae

328 1567 383 1624 aut
394 1559 551 1624 Ciceronis
568 1556 781 1622 consvetudini
792 1557 969 1638 diligentins
980 1564 1106 1621 exactae
1122 1563 1177 1620 aut
1193 1555 1366 1620 sentcntiae
1379 1561 1415 1618 et

329 1667 374 1732 rei
397 1665 606 1732 satisfaciebat
622 1672 677 1729 aut
688 1664 821 1746 denique
832 1666 915 1747 quod
926 1665 1170 1746 intellegebatur,
1188 1683 1225 1728 en
1236 1683 1274 1728 ea
1286 1669 1413 1727 ceteras

331 1775 504 1856 scripturas
527 1773 601 1837 oriri
623 1772 773 1853 potuisse,
797 1791 858 1836 non
881 1773 982 1854 ipsam
1004 1791 1041 1836 ex
1064 1773 1189 1850 ceteris3
1212 1772 1244 1835 in
1266 1789 1329 1852 quo
1351 1789 1412 1850 ge-

331 1901 405 1948 nere
427 1881 558 1946 maxime
586 1879 761 1946 eminebant
789 1899 844 1946 eae
873 1881 1033 1946 meliorum
1056 1880 1194 1944 codicum
1223 1878 1412 1959 scripturae,

331 2008 412 2072 quae
429 1989 538 2054 leviter
561 1997 727 2070 corruptae
748 2008 854 2054 veram
867 1988 1051 2054 sententiam
1063 1995 1095 2052 et
1106 1987 1267 2069 antiquam
1290 1987 1412 2050 oratio-

330 2116 401 2162 nem
423 2096 591 2161 involucris
613 2097 798 2178 quibusdam
820 2096 1151 2174 tectamcontinebant,
1174 2113 1242 2160 cum
1265 2094 1297 2158 in
1320 2094 1413 2158 dete-

330 2205 464 2270 rioribus
487 2204 590 2269 omnia
612 2205 677 2268 veri
700 2205 830 2285 vestigia
852 2203 1069 2286 interpolando
1092 2203 1214 2268 sublata
1236 2209 1268 2266 et
1284 2201 1415 2266 obtecta

331 2300 444 2377 essent.
472 2311 626 2376 Raronisi
648 2312 679 2375 in
701 2313 807 2393 parvis
830 2313 932 2390 rebus,
955 2311 1040 2377 velut
1060 2311 1092 2376 in
1104 2311 1214 2375 ordine
1232 2309 1413 2386 verborum,

331 2439 400 2486 cum
412 2439 512 2502 prope
521 2437 580 2500 par
591 2438 685 2483 cansa
696 2427 787 2500 esset,
805 2421 871 2484 sola
882 2419 1051 2485 auctoritas
1062 2418 1197 2483 melioris
1219 2415 1353 2482 familiae
1376 2417 1412 2482 in

330 2528 435 2592 multis
457 2527 525 2591 aliis
547 2526 623 2591 locis
635 2533 776 2608 spectata
787 2529 946 2610 sequenda
967 2539 1044 2592 erat
1078 2526 1139 2592 Sed
1160 2526 1191 2589 in
1215 2525 1411 2606 exquirendo

330 2635 464 2700 familiae
485 2634 619 2699 melioris
642 2636 818 2700 testimonio
847 2634 1011 2700 molestum
1039 2634 1098 2698 luit
1119 2635 1288 2710 interdum,
1321 2633 1412 2714 quod

329 2762 426 2807 unum
448 2742 611 2822 habebam,
646 2744 699 2824 qui
720 2744 834 2825 ubique
856 2751 960 2808 certus
982 2749 1109 2824 praesto
1138 2749 1236 2820 esset,
1270 2741 1413 2805 codicem

330 2851 561 2932 Erlangensam,
584 2869 621 2914 ex
644 2870 705 2933 quo
728 2869 809 2915 nunc
830 2851 963 2932 primurn
986 2850 1343 2932 plurimacmaximcque
1359 2848 1411 2911 in-

331 2959 435 3039 signes
459 2957 632 3038 scripturae
654 2959 830 3039 prodibant
874 2959 983 3039 Itaque
1005 2957 1171 3034 elaboravi,
1194 2963 1229 3021 ut
1251 2975 1319 3021 cum
1340 2956 1411 3022 eius

332 3063 527 3142 auctoritate,
551 3066 701 3148 quidquid
713 3072 797 3131 esset
818 3067 850 3130 in
873 3067 941 3131 eliis
963 3065 1052 3131 bonis
1080 3065 1222 3130 mixtisve
1249 3064 1412 3129 codicibus

332 3173 509 3251 adiumenti,
532 3174 758 3255 coniungerem,
782 3175 913 3238 obscura
926 3191 1020 3254 saepe
1042 3172 1173 3254 vestigia
1200 3190 1412 3253 persequens;

331 3281 452 3360 deinde,
475 3299 544 3345 cum
566 3280 692 3346 infinitis
714 3281 789 3346 locis
812 3281 1002 3345 declaratum
1025 3285 1116 3360 esset,
1140 3287 1171 3344 et
1187 3285 1306 3360 quanta
1324 3289 1413 3343 esset

330 3387 483 3453 bonorum
504 3387 643 3453 codicum
666 3389 870 3470 conspiratio,
893 3389 977 3469 quod
999 3388 1051 3452 illa
1072 3387 1210 3466 licentia,
1240 3405 1321 3468 quae
1343 3387 1410 3450 dis·

332 3512 457 3560 sonsum
479 3495 586 3576 gignit,
608 3495 666 3561 hos
689 3515 750 3560 non
773 3496 935 3577 attigisset,
959 3501 991 3560 et
1012 3515 1104 3576 quarn
1127 3515 1189 3560 non
1212 3493 1326 3560 codicis
1350 3495 1410 3558 Er-

332 3603 491 3684 langensis
514 3603 649 3684 scriptor
671 3621 759 3667 suam
782 3611 898 3668 sectam
921 3603 1027 3668 volens
1050 3613 1081 3667 et
1091 3603 1229 3683 prudens
1252 3601 1410 3684 relinque-

333 3716 390 3788 ret,
417 3711 499 3774 bunc
522 3729 618 3774 unum
640 3729 698 3791 pro
721 3709 837 3774 familia
858 3711 963 3792 accepi
980 3718 1100 3789 testem,
1122 3710 1221 3791 ipsius
1233 3709 1412 3790 scripturae

332 3817 469 3882 bonitate
498 3823 530 3881 ct
561 3835 631 3880 curn
653 3817 750 3882 altera
773 3817 1105 3884 familia'contentionc
1126 3817 1272 3882 iudicium
1294 3819 1410 3883 confir-

331 3935 444 3989 mante.
489 3924 530 3988 Et
551 3932 656 3989 tamen
680 3925 854 3991 necessario
876 3926 1031 3990 interdum
1054 3925 1200 4002 dubitem,
1224 3943 1293 3988 cum
1314 3944 1410 4005 prae-

334 4113 534 4122 ι----.....-,

356 4194 358 4204 '
401 4204 490 4254 codice
509 4205 645 4266 archetypo
664 4215 716 4252 non
728 4203 827 4259 luisset,
848 4209 874 4252 ut
893 4203 974 4258 tut?
986 4203 1084 4252 inraso
1101 4217 1147 4268 pro
1166 4204 1214 4252 iter
1222 4204 1261 4253 sit.
1288 4201 1323 4268 [ln
1336 4203 1364 4264 ll,
1378 4205 1408 4258 ll

403 4301 471 4338 unus
490 4289 545 4344 cod.
567 4289 733 4349 Erlungenals
744 4288 827 4338 scriba
844 4291 932 4338 vitarit
942 4289 1043 4338 errandi
1059 4289 1215 4346 illecebram,
1235 4304 1301 4354 quae
1316 4305 1407 4341 omnes

400 4372 493 4438 traxit]
