2998 5020
376 397 420 443 nn
443 397 523 443 usn.
541 397 643 444 trev
666 397 738 443 one.
758 401 850 445 a-ro.
1089 381 1152 444 653

82 585 222 650 prorsus,
243 567 377 648 inquam.
409 566 670 649 Etsicaquidem,
693 567 1020 647 quaeadhucdisisti,
1044 585 1151 648 quam-

82 677 131 741 vis
152 675 193 739 ad
213 677 346 738 aetatem
368 679 451 734 recte
473 669 533 734 isto
555 670 647 734 modo
669 669 853 734 dicerentur.

168 777 206 841 X.
239 773 389 854 Exposita
409 771 511 854 igitur,
532 772 640 852 inquit
662 772 877 836 terminatione
888 790 993 836 rerum
1004 779 1150 852 expeten-

82 863 204 958 darum,
224 895 279 941 cur
300 875 361 940 ista
383 893 416 938 se
438 893 489 939 res
511 875 555 940 ita
577 873 697 951 habeat
719 874 836 952 utdixi
859 874 1004 954 deinceps
1025 873 1151 938 demon-

82 983 246 1046 strandum
267 985 323 1043 ost
367 977 573 1054 Quamobrem
595 976 753 1041 ordiamur
775 977 814 1042 ab
836 995 886 1056 eo,
915 976 998 1058 quod
1019 975 1191 1056 primumd
1254 995 1259 1003 ·

80 1084 182 1166 posui,
204 1081 287 1164 quod
308 1080 390 1145 idem
411 1097 523 1159 reapse
544 1079 678 1160 primum
689 1084 746 1157 est,
768 1086 804 1143 ut
818 1079 1041 1160 intellegamus,
1064 1097 1154 1142 omne

81 1185 197 1250 animal
224 1203 259 1248 se
287 1182 388 1262 ipsum
415 1181 552 1262 diligere.
598 1183 687 1260 Quod
715 1199 901 1263 quamquam
930 1180 1153 1245 dubitationem

81 1308 145 1354 non
167 1287 261 1351 habet
282 1286 344 1365 (est
365 1283 446 1348 enim
467 1281 593 1348 infixum
615 1284 646 1347 in
674 1283 744 1364 ipsa
766 1291 895 1363 natura,
922 1283 1153 1364 comprehendi·

81 1399 195 1470 turque
216 1387 281 1452 suis
302 1385 451 1467 cuiusque
468 1386 617 1465 sensibus,
640 1386 693 1463 sic,
715 1392 759 1464 ut,
781 1393 890 1450 contra
912 1385 939 1450 si
961 1387 1030 1468 quis
1052 1386 1154 1451 dicere

80 1491 168 1570 velit
191 1508 251 1554 non
273 1487 440 1568 audiatur),
461 1497 573 1567 tamen,
596 1507 635 1552 ne
656 1487 730 1568 quid
741 1489 1035 1568 praetermittemus
1058 1488 1153 1552 ratio-
1173 1491 1214 1556 10

81 1612 139 1658 nes
164 1609 295 1673 quoque,
318 1608 372 1653 cur
394 1589 452 1654 hcc
473 1588 518 1653 ita
540 1589 588 1668 sit
611 1589 785 1655 efferendas
807 1597 892 1671 puto.
938 1592 987 1656 28.
1011 1591 1079 1656 Etsi
1101 1591 1154 1673 qui

79 1699 190 1776 potest
210 1691 345 1772 intellegi
366 1698 421 1755 aut
442 1691 583 1772 cogitari,
618 1711 686 1758 esse
707 1692 832 1774 aliquod
855 1692 981 1772 animal,
1015 1694 1098 1774 quod
1121 1711 1154 1758 se

81 1796 207 1860 oderit?
229 1795 291 1858 Res
313 1794 393 1858 enim
405 1789 781 1860 concurrentcontrariae.
815 1795 895 1860 Nem
912 1813 982 1859 curn
995 1795 1154 1875 appetitus

153 1955 177 2016 s.
200 1947 283 2016 [iuquit
301 1964 350 2000 om.
370 1945 415 2014 Eh]
436 1945 665 1999 determinationcC
718 1955 742 2002 ⁴.
761 1965 798 1998 res
816 1966 842 1997 se
868 1947 955 1997 lubeat
972 1948 1006 1998 r'ta
1024 1949 1045 1996 lt
1063 1965 1101 1998 res
1119 1947 1154 1998 ita
1257 1949 1260 1954 ’

79 2039 105 2068 se
123 2019 215 2068 tabem
234 2017 254 2068 0
273 2021 305 2074 {sc
323 2018 368 2072 bis)
410 2021 431 2064 5.
451 2015 518 2064 ruodo
537 2025 590 2082 (pro
606 2017 712 2081 primum)
731 2018 752 2067 C
788 2021 810 2064 e.
828 2034 853 2066 re
874 2017 906 2065 ab
923 2035 948 2066 sc
969 2016 1077 2085 [Elqcu
1095 2035 1120 2066 rc
1138 2035 1154 2066 a

79 2089 139 2137 seL
179 2085 318 2150 teufilo
355 2090 611 2148 ⁹.qucom.omnes
647 2086 762 2135 ulomP
805 2085 1004 2140 ll.r'taorn.C
1041 2085 1155 2150 quidet

80 2155 218 2220 qut'rdmC
256 2159 293 2204 te.
311 2171 354 2203 cur
372 2155 430 2218 (pro
448 2155 551 2208 ccmtE

79 2314 168 2390 prius
189 2312 225 2382 L,
248 2311 351 2368 deinde
368 2311 409 2368 M.
427 2310 607 2370 Ciceronem.
641 2310 700 2370 Sed
722 2311 907 2382 utomittam,
931 2311 971 2369 Μ.
984 2311 1155 2370 Ciceronem

81 2401 118 2456 de
142 2415 206 2454 una
227 2397 331 2454 aetatis
353 2397 628 2454 commemoratione
645 2397 830 2471 respondere,
854 2415 948 2471 neque
971 2397 1066 2472 ipsum
1088 2417 1155 2473 pro·

81 2502 195 2542 nornen
218 2483 260 2539 sic
282 2482 319 2539 ad
341 2482 472 2539 diversos
496 2482 571 2538 trahi
594 2491 701 2557 potest,
723 2501 828 2557 neque.
852 2501 904 2540 cur
926 2491 986 2540 tum
1010 2483 1103 2558 magis
1113 2483 1155 2541 M.

82 2570 193 2629 Cicero
217 2586 303 2642 qnam
326 2577 378 2624 aut
399 2567 437 2640 Q.
458 2577 512 2624 aut
531 2567 649 2624 Atticus
671 2567 875 2644 intellegetur,
899 2577 1036 2644 apparet3
1070 2579 1098 2624 et
1126 2569 1155 2624 in

81 2657 221 2713 Marcum
244 2653 373 2710 omnium
395 2653 513 2710 minime
535 2653 690 2722 hoccadit,
713 2653 763 2727 qui
785 2661 903 2728 praeter
924 2663 1036 2711 ceteros
1054 2653 1156 2710 harum

82 2739 318 2816 disputationum
341 2739 453 2813 peritus
475 2757 533 2794 non
556 2738 664 2796 iniuria
684 2739 833 2795 inducitur
850 2736 879 2816 (ξ
894 2740 1062 2809 6,7,76,81
1078 2737 1156 2814 cet).

84 2827 207 2895 Dicent,
230 2825 351 2881 alteram
375 2843 490 2898 quoque
512 2843 574 2880 rem
596 2824 752 2898 specialem
769 2824 937 2900 significari,
959 2825 1157 2882 sedsubstan-

84 2913 149 2970 tivo
175 2911 281 2968 Latino
295 2919 451 2977 carentem,
475 2909 529 2965 hac
541 2910 701 2966 sententia:
723 2913 778 2966 sein
789 2911 867 2967 Alter
878 2912 935 2967 und
950 2913 999 2966 der
1015 2911 1157 2981 Umstand,

82 3001 155 3055 dass
178 3016 207 3052 cr
229 3003 284 3052 cet.
328 2993 387 3054 Sed
408 2994 549 3052 orationis
570 2995 784 3052 inconcinnitas
810 3014 906 3070 neque
928 2996 1042 3053 tollitur
1063 3013 1157 3069 neque

83 3082 245 3150 minnitnr3
279 3088 310 3136 et
335 3081 390 3136 hoc
412 3080 507 3155 ipsum
531 3080 655 3136 alterum
676 3091 797 3156 propter
818 3089 943 3138 aetatem
967 3081 1087 3151 eccidit,
1121 3080 1157 3137 de

81 3187 145 3243 qus
168 3185 228 3223 nne
249 3165 450 3241 respondetur.
493 3166 598 3239 Itaque
621 3175 672 3222 aut
694 3165 797 3224 Cicero
822 3167 896 3222 mele
919 3167 1037 3242 scripsit
1059 3166 1157 3224 autab

82 3273 119 3311 eo
143 3252 274 3328 positum
297 3261 373 3307 erat:
396 3251 476 3308 dutus
496 3254 664 3321 mimaetatr',
687 3270 756 3309 cunc
768 3254 960 3321 -oudr'entr'e‚
983 3255 1157 3321 seror'recetq

82 3339 203 3408 deinde,
227 3355 292 3394 curn
315 3336 435 3394 exclusa
457 3347 534 3394 esset
555 3336 654 3393 littere
675 3357 689 3394 s
711 3335 871 3415 (audienti),
894 3337 1025 3394 additum
1048 3346 1108 3394 est:
1134 3347 1158 3394 et

83 3427 157 3482 duic.
192 3420 257 3503 [Sic
264 3422 401 3480 Beiterus
412 3422 443 3478 in
455 3422 499 3478 ed.
511 3421 596 3499 mim]
619 3423 694 3478 Haec
706 3420 750 3500 (id
763 3432 815 3494 est,
839 3424 914 3479 hanc
926 3423 1017 3480 totius
1029 3422 1158 3498 discipli-

82 3529 142 3566 nae
162 3506 390 3586 expositionem)
413 3508 578 3566 necessario
592 3508 751 3589 'Manutius
773 3519 803 3566 et
824 3508 900 3565 Dav.
923 3517 953 3564 et
976 3509 1017 3566 sic
1033 3507 1112 3567 Gud.
1131 3509 1159 3564 2.

83 3597 148 3652 Hoc
170 3613 259 3650 unam
281 3592 411 3667 aliquam
432 3612 494 3650 rem
517 3602 568 3650 aut
589 3593 697 3650 dictum
720 3594 840 3668 aliquod
862 3594 1047 3670 signiticaret.
1092 3593 1160 3672 [Hic

82 3681 178 3739 etiam
200 3677 250 3757 Β.]

178 3764 251 3840 Cap.
273 3765 314 3822 X.
347 3765 641 3840 comprehenditurque)
665 3763 910 3822 Coniunctionem
933 3764 1022 3836 Cret,
1046 3765 1158 3833 Lamb.‚

84 3851 183 3910 Gzins
196 3850 385 3919 addiderunt3
407 3849 540 3926 asyndeti
557 3849 651 3926 figure
662 3849 692 3906 in
704 3849 758 3907 hac
770 3849 989 3907 continuatione
1001 3850 1160 3925 superioris

83 3936 252 3996 sententiae
264 3954 301 3992 ne
313 3935 439 4010 speciem
452 3935 568 4010 quidam
580 3935 677 3992 habet.
712 3934 842 4013 [Alanus
859 3944 888 3991 et
899 3936 1036 3993 Baiterus
1048 3955 1080 3992 oc
1091 3955 1159 3992 com·

79 4023 271 4099 medenditcr.
305 4019 395 4078 Initio
417 4021 522 4096 capitis
544 4020 632 4077 etiem
655 4021 682 4079 B
703 4021 813 4078 omittit
834 4017 942 4100 inquit]

176 4109 226 4164 28.
247 4106 416 4186 concurrent)
440 4105 511 4166 Cod.
524 4107 599 4164 Mor.
611 4118 761 4176 occurrerem
785 4106 860 4163 mele
877 4106 1018 4164 Davisius
1045 4123 1061 4162 ι
1084 4104 1159 4164 CCC

84 4193 132 4272 (et
155 4189 257 4270 ΟΜ)
279 4203 473 4250 concurrerent.
521 4193 617 4250 Panlo
644 4201 712 4268 post
738 4193 812 4248 hacc
835 4193 940 4248 verbe:
972 4211 1032 4248 cum
1059 4193 1089 4248 s'd
1110 4211 1159 4248 oua

85 4299 175 4337 cauea
196 4281 283 4354 societ
310 4296 369 4335 non
401 4279 477 4335 hanc
503 4277 613 4334 habent
640 4277 828 4335 sententiam:
862 4281 887 4334 si
912 4278 1021 4352 quaudo
1048 4279 1079 4334 ὀᾶ
1105 4287 1160 4334 cet.

85 4365 190 4444 (quasi
211 4364 369 4439 aliquando
391 4383 449 4422 uon
472 4381 526 4420 sua
548 4381 639 4422 causa
660 4364 690 4421 id
701 4362 800 4434 faciat
824 4382 881 4438 quo
894 4363 988 4420 omnis
1000 4362 1160 4438 disputatio
