2938 5020
318 407 383 473 202
706 427 751 474 na
773 399 905 476 rursus
928 428 999 474 uox.

317 613 392 660 suas
408 595 508 676 diligit
527 597 676 679 duasque,
698 615 779 679 quae
801 598 952 663 maximae
974 605 1054 676 sunt,
1076 598 1108 662 in
1131 597 1238 678 primis
1255 596 1388 678 amplec-

316 698 406 776 titur,
428 697 564 763 animum
585 704 617 764 et
638 717 760 781 corpus
782 701 894 766 deinde
904 700 1067 782 utriusque
1077 711 1194 781 partes.
1226 699 1307 764 Nam
1319 707 1390 763 sunt

316 799 401 864 etin
423 800 524 865 animo
546 801 715 883 praecipua
741 803 895 884 quaedam
921 809 952 868 ct
978 801 1010 867 in
1037 820 1181 884 corpore,
1214 821 1294 884 quae
1322 819 1390 866 cum

316 902 425 968 leviter
445 903 581 984 agnovit,
603 909 669 968 tum
690 903 867 970 discerncre
889 903 1011 986 incipit,
1044 909 1079 970 ut
1105 923 1156 983 ea,
1189 923 1269 986 quae
1290 903 1390 986 prima

277 1005 391 1072 511ata
412 1005 474 1070 sint
495 1013 620 1085 ustura,
647 1013 781 1088 appetat
800 1013 1046 1088 asperneturque
1067 1007 1232 1074 contraria
1281 1008 1332 1072 34.
1356 1007 1390 1070 lu

387 1209 597 1274 l.quoeom.C
651 1216 673 1260 4,
693 1211 796 1262 novitE
857 1209 1050 1278 tunclrlJllCll
1108 1211 1391 1276 permamanet

316 1278 479 1330 LPMCROr.
500 1282 598 1342 (natm
617 1278 677 1330 dun
694 1289 750 1331 cunr
770 1283 794 1342 tt
853 1281 1052 1347 [amorumque
1071 1277 1116 1348 m]

314 1487 442 1562 positum
465 1506 523 1545 non
547 1487 649 1546 tulisse
671 1497 759 1563 atque
782 1498 950 1548 constanter
977 1499 1001 1546 et
1022 1488 1179 1560 addidisse,
1203 1487 1392 1562 quemadmo-

314 1572 383 1630 dum
396 1572 467 1630 alibi
479 1583 560 1648 atque
571 1573 618 1630 vel
635 1583 665 1630 ut
681 1574 871 1645 addiderunt3
893 1575 952 1631 vid.
964 1573 1115 1632 Drakenb.
1137 1574 1174 1630 ad
1186 1573 1317 1636 Liv.v1,
1333 1576 1360 1642 l,
1374 1574 1390 1629 6

315 1668 345 1714 et
367 1676 440 1733 quos
461 1658 512 1716 ille
535 1658 615 1716 citat.
660 1659 782 1736 Legitur
804 1663 883 1718 mmet
904 1671 928 1716 et
950 1660 1038 1718 etiam
1061 1659 1099 1716 ad
1122 1657 1178 1732 Qu.
1196 1659 1245 1716 Fr.
1262 1659 1305 1729 11,
1325 1660 1354 1727 6,
1375 1659 1392 1714 3

314 1763 333 1799 a
355 1744 450 1819 prima
472 1762 560 1802 manu
582 1745 646 1802 cod.
668 1746 809 1817 Medicei3
843 1747 937 1803 altera
964 1745 1117 1803 substituit
1143 1746 1223 1802 sinrrd
1248 1756 1286 1802 ut.
1332 1745 1392 1802 Pro

314 1830 416 1887 Plane.
443 1831 480 1887 14
503 1830 612 1888 editur:
645 1834 725 1888 simrd
746 1842 788 1895 ut,
811 1835 860 1908 qui
881 1835 934 1888 m'nt
951 1833 1085 1906 professi,
1108 1831 1206 1900 sidero,
1229 1831 1334 1901 clicnm3
1363 1829 1392 1887 in

313 1915 377 1972 cod.
400 1914 463 1972 Eri.
494 1926 538 1973 est
565 1919 645 1974 mmul
671 1927 700 1972 ut
727 1927 751 1974 et
778 1921 841 1992 qm'3
876 1917 946 1973 mihi
969 1925 1125 1990 utrumque
1153 1925 1323 1991 suspectum
1346 1916 1393 1983 fia

313 2001 414 2075 itaque
435 2001 633 2074 hunelocuur
656 2021 745 2078 supra
767 2022 826 2060 non
847 2003 942 2079 posui.
982 2001 1044 2081 [Ex
1066 2001 1212 2077 scriptura
1234 2002 1290 2059 AB
1314 2003 1396 2059 omui

313 2096 339 2143 et
360 2097 446 2144 omrem
468 2097 493 2144 et
514 2107 542 2144 se
564 2087 641 2145 effici
663 2097 775 2164 potest:
798 2091 878 2146 simul
899 2097 938 2145 est
959 2099 1054 2156 ortum,
1078 2098 1102 2144 et
1124 2085 1175 2164 aa]

400 2183 454 2229 mm
466 2173 628 2250 discernere)
652 2173 702 2233 Sic
713 2173 801 2231 etiam
814 2173 891 2250 Spir.
904 2172 960 2252 [B]
973 2173 1122 2248 ediditque
1134 2171 1237 2230 Gaius.
1255 2171 1394 2229 Relatiro

313 2275 373 2314 cum
401 2257 560 2333 respondet
587 2269 658 2330 tum3
687 2269 749 2318 nunc
770 2260 921 2336 propriam
944 2277 979 2316 ac
1001 2258 1249 2316 vehementiorem
1271 2257 1395 2315 demon·

313 2343 484 2400 strationem
506 2344 604 2401 habet.

395 2431 488 2504 primo
510 2431 576 2486 duta
598 2433 651 2488 sint
672 2429 784 2506 namra)
807 2430 1015 2499 Indicativum,
1038 2447 1125 2504 quem
1148 2447 1249 2486 omnes
1260 2437 1395 2485 tacentes

313 2524 478 2586 tenuerant,
501 2515 659 2590 respuebat
681 2516 784 2574 oratio.
813 2515 1111 2574 Necenimabsolute
1134 2513 1300 2589 concipitur
1311 2515 1395 2571 notio

313 2600 488 2676 primorum,
523 2601 575 2658 sed
603 2599 730 2658 refertur
756 2602 794 2658 ad
816 2601 951 2659 animalis
979 2620 1014 2658 ea
1036 2601 1201 2658 discernere
1225 2599 1396 2676 incipientis

313 2685 530 2762 cogitationem.
548 2685 639 2764 ([Sr'nt
654 2687 743 2744 etiam
757 2685 808 2766 Β.]
825 2686 904 2746 Gud.
920 2688 937 2744 2
951 2707 1007 2744 om.
1020 2685 1104 2762 sacru.)
1128 2685 1175 2743 De
1190 2685 1332 2760 loquendi
1344 2705 1395 2761 ge·

313 2790 382 2828 nere
405 2768 498 2849 (quod
521 2772 680 2849 significat:
715 2793 785 2847 quae
817 2783 916 2829 nutura
934 2775 1026 2848 pm'mu
1048 2774 1190 2829 amartitutu
1212 2781 1288 2840 sunt,
1324 2791 1397 2845 quae

312 2857 508 2933 appeteremus)
521 2858 583 2915 dixi
594 2858 624 2915 in
637 2875 762 2915 excursu
775 2859 916 2934 deprimis
927 2869 1040 2914 notuerat
1050 2857 1173 2914 adhunc
1185 2865 1215 2913 et
1225 2856 1300 2914 alios
1312 2857 1397 2932 lqcos

313 2941 489 3018 conscripto
511 2943 561 3000 nbi
579 2953 609 3000 et
625 2943 706 3001 illam
718 2945 866 3001 notionem
884 2943 1031 3019 explicavi
1043 2941 1174 3000 att-otius
1185 2941 1258 3014 eius,
1282 2943 1334 3016 qui
1346 2943 1396 2998 hic

313 3027 459 3102 sequitur,
488 3029 546 3086 loci
567 3030 712 3087 rationem
735 3030 868 3105 exposui.
912 3029 986 3086 Vult
1008 3029 1085 3085 eninr
1098 3027 1203 3088 Cicero
1226 3027 1395 3087 ostendere..

313 3122 426 3171 ceteros
448 3114 640 3190 philosophos
663 3115 718 3172 sibi
742 3115 908 3173 constit-isse
931 3115 961 3172 in
983 3115 1079 3190 primo
1106 3123 1228 3170 naturae
1256 3115 1395 3190 appetitu

312 3199 416 3274 iisque,
438 3219 514 3274 quae
537 3201 564 3256 ei
586 3201 807 3276 responderent,
831 3201 943 3278 (prioris
964 3199 1090 3275 naturae)
1114 3199 1286 3256 deliniendis
1309 3209 1341 3255 et
1365 3200 1395 3255 in

312 3303 426 3343 summo
449 3285 526 3342 bono
549 3287 768 3358 constituendo,
797 3287 959 3364 Epicurum
981 3286 1037 3343 sibi
1060 3303 1118 3342 non
1142 3294 1286 3342 constare.
1334 3285 1396 3341 Sed

312 3370 363 3427 alii
387 3389 424 3427 ex
447 3371 505 3428 illis
533 3371 716 3447 philosophis
744 3373 863 3430 omniuo
891 3371 972 3428 nulla
999 3370 1268 3428 commemorabant
1295 3371 1397 3445 prima

312 3465 434 3513 naturae
456 3475 474 3513 a
497 3475 609 3514 summo
632 3458 709 3515 bono
732 3458 878 3528 seiuncta,
901 3458 952 3515 sed
974 3457 1005 3514 id
1026 3457 1138 3533 ipsum,
1161 3455 1240 3531 quod
1262 3455 1396 3530 primum

311 3549 508 3617 appeteretur,
532 3542 705 3618 simpliciter
726 3561 870 3600 summum
894 3544 1002 3600 bonum
1025 3542 1171 3614 dicebant,
1194 3549 1227 3598 ut
1242 3541 1398 3618 Hierony-

312 3645 385 3698 mus,
409 3628 591 3704 Aristippus,
614 3627 782 3688 Carneades
804 3629 862 3686 alio
885 3629 1012 3703 quodam
1034 3628 1131 3700 modo,
1154 3627 1206 3684 alii
1228 3645 1285 3683 non
1299 3645 1319 3683 a
1334 3629 1397 3703 pri·

312 3713 367 3770 mis
389 3722 512 3771 naturae
524 3713 561 3770 ad
579 3732 723 3771 summum
736 3714 844 3772 bonum
857 3714 1076 3791 perveniebant,
1100 3713 1152 3770 sed
1162 3713 1215 3770 illa
1227 3714 1397 3781 commoda,

311 3817 386 3873 quae
410 3799 452 3856 sic
474 3799 672 3875 appellabant,
696 3809 747 3856 aut
769 3800 965 3857 excludebant
977 3799 1075 3856 aboni
1088 3799 1216 3868 notione,
1234 3806 1272 3854 'ut
1284 3797 1396 3863 Stoici,

310 3894 362 3942 ant
383 3885 413 3942 in
437 3885 545 3961 exigua
567 3886 629 3942 eius
652 3895 735 3961 parte
758 3886 920 3961 ponebant,
949 3893 982 3942 ut
1003 3885 1126 3942 Polemo
1149 3896 1178 3941 et
1200 3885 1397 3958 Aristoteles,

311 3971 366 4027 etsi
395 3970 425 4028 hi
446 3989 550 4047 reapse
572 3971 625 4028 illo
648 3971 765 4028 nomine
788 3971 833 4029 usi
855 3990 913 4028 non
937 3981 1013 4028 sunt.
1058 3971 1161 4045 Itaque
1184 3988 1220 4026 ne
1242 3969 1272 4026 in
1291 3972 1399 4028 verbis

310 4055 428 4130 quidem
452 4055 603 4116 Ciceronis
625 4057 687 4113 ralla
709 4068 832 4132 apparet
854 4057 1059 4114 convenientia
1070 4057 1147 4113 inter
1158 4065 1253 4112 certas
1270 4073 1323 4112 eas
1338 4076 1398 4128 res,

311 4159 384 4215 quas
407 4143 517 4217 primas
540 4143 618 4200 visas
642 4142 713 4200 dicit
735 4142 906 4212 Aristoteli,
936 4152 965 4199 et
993 4142 1037 4212 id,
1068 4141 1147 4216 quod
1169 4158 1315 4198 summum
1343 4143 1399 4200 bo·

311 4245 390 4296 narn,
413 4227 444 4284 in
467 4247 524 4303 quo
548 4229 673 4304 primum
696 4228 792 4285 locum
816 4237 895 4285 tenet
917 4228 1021 4300 virtus,
1040 4227 1272 4284 coniuncturum
1285 4229 1399 4302 primis

310 4311 369 4368 illis
391 4313 504 4370 infinite
527 4313 631 4389 positis
654 4331 708 4370 nec
729 4313 849 4371 uberius
862 4313 1026 4390 explicatis.
1071 4313 1182 4371 Debuit
1196 4313 1312 4382 Cicero,
1339 4315 1400 4372 hac

311 4408 373 4454 tota
396 4399 614 4474 comparatione
637 4400 755 4463 omissa,
778 4399 900 4474 Epicuri
922 4399 1148 4457 inconstantiam
1172 4417 1266 4474 perse
1289 4419 1399 4475 ropra-
