2948 5024
451 191 461 220 ,
564 187 567 200 .

329 411 373 458 ur
396 411 476 459 nnn.
494 411 595 457 mnu
619 409 691 458 cnr.
715 415 757 458 en.
1007 393 1069 458 709

81 580 141 644 dedit
157 580 221 644 talen
236 589 367 660 urentem,
389 599 469 662 quae
491 599 612 645 omnem
634 579 779 644 virtutem
800 579 940 661 accipere
956 588 1073 661 posset,

78 682 222 764 ingenuitque
237 683 292 747 siue
313 683 456 748 doctrina
477 683 604 747 notitias
626 699 741 763 parvas
757 701 863 746 rerum
874 683 1074 747 maximarum
1157 761 1159 774 .

75 795 98 848 et
114 784 179 865 quasi
194 785 301 849 instituit
327 773 452 864 docere,
485 791 516 850 et
543 784 665 849 induxit
689 785 722 848 in
751 803 802 862 ea,
835 803 917 866 quae
942 785 1073 864 inerant,

72 896 187 967 tamquam
204 887 333 952 elementa
354 887 488 952 virunnis.
533 887 594 952 Sed
616 887 763 952 virtutem
783 887 883 967 ipsam
905 886 1073 966 inchoavit;

69 987 124 1052 nihil
141 988 245 1071 amplius.
284 991 334 1055 60.
357 989 468 1071 Itaque
490 997 630 1055 nostrum
652 995 701 1053 est
723 989 820 1070 (quod
843 994 983 1053 nostrum
995 990 1112 1068 dican

64 1089 124 1156 artis
140 1096 187 1172 eut)
203 1092 234 1156 ud
250 1109 284 1156 ea
304 1091 467 1174 principia,
490 1110 569 1174 quae
580 1090 763 1172 accepimus,
786 1093 1005 1172 consequentia
1022 1111 1074 1158 ex-

61 1193 164 1273 quirere,
182 1194 261 1275 quoad
284 1194 323 1258 sit
344 1194 386 1272 id,
402 1194 648 1276 quoduoluuurus,
666 1191 822 1272 effectum3
844 1194 929 1274 quod
950 1194 1075 1275 quidem
1168 1207 1171 1216 ’

55 1295 137 1375 pluris
154 1295 186 1360 sit
203 1295 270 1360 haud
291 1296 385 1376 pannio
408 1295 568 1378 magisque
589 1296 691 1377 ipsum
712 1300 844 1377 propter
873 1313 907 1360 se
928 1306 1074 1377 expeten-

52 1397 113 1460 dum
131 1415 205 1479 quam
222 1405 267 1461 aut
288 1416 399 1462 sensus
416 1397 621 1480 autcorporis
633 1415 679 1476 ea
701 1415 782 1479 quae
798 1396 940 1477 diximus,
962 1397 1074 1479 quibus

48 1507 148 1564 tantmn
166 1507 286 1581 praestat
306 1500 418 1566 mentis
440 1502 593 1566 excellens
615 1499 778 1582 perfectio,
810 1505 847 1563 nt
873 1500 924 1563 vix
945 1501 1074 1582 cogitari
1094 1503 1135 1567 10

43 1601 137 1682 possit,
156 1601 218 1683 quid
236 1601 360 1667 intersit
405 1587 517 1685 Itaque
539 1603 638 1668 omnis
659 1602 767 1682 honos,
790 1601 889 1666 omnis
900 1602 1075 1682 admiratio,

102 1811 116 1853 t.
134 1807 174 1855 rhun
190 1807 285 1870 occipere
302 1807 369 1857 LCR
417 1814 441 1856 4.
461 1807 661 1872 quadrimoda
678 1807 699 1856 L
761 1813 783 1856 ⁵.
803 1805 863 1856 nod
878 1807 958 1872 unque
974 1807 1076 1874 ampliare

33 1883 128 1923 nemnem
143 1875 182 1926 LC
198 1873 248 1925 unhul
261 1877 298 1925 ita
315 1875 417 1941 amplius
435 1884 538 1926 nostrum
556 1876 601 1926 Pte
659 1880 682 1929 7.
700 1891 747 1938 quo
765 1875 825 1926 urit
843 1875 869 1925 id
887 1877 930 1924 ΕΡ
969 1877 1075 1926 nolumus

31 1941 250 2008 unidqut'demil
289 1949 310 1992 8.
330 1945 362 1994 rit
379 1961 427 1995 om.
447 1947 471 1994 E
509 1951 545 1994 10.
563 1944 718 2010 projectici}
757 1949 794 1993 11,
813 1943 915 2009 puudll

106 2171 196 2208 munem
208 2156 324 2210 unitatem
335 2154 469 2231 dempera)
487 2155 556 2224 Iam,
570 2153 648 2229 quod
660 2153 911 2229 interponebatur,
922 2153 1076 2211 Emestine

16 2236 139 2306 sunstulit,
161 2257 261 2313 parans
282 2238 420 2296 Parisino
441 2244 455 2297 1
480 2240 598 2297 Davisii
621 2237 736 2317 (nostro
747 2238 803 2313 P);
826 2240 970 2296 accedunt
991 2247 1075 2313 quat·

14 2335 82 2379 tuor
98 2321 171 2394 Gzii,
193 2323 285 2396 idest,
309 2333 342 2382 nt
352 2344 390 2382 cx
401 2325 464 2382 Erl.
477 2321 531 2406 [B]
554 2333 686 2401 apparet,
710 2325 846 2382 meliores
858 2333 888 2381 et
899 2325 1075 2382 deteriorum

6 2427 92 2483 pars3
114 2427 167 2465 nec
188 2413 238 2466 iam
260 2409 308 2467 hic
329 2421 398 2486 apte
420 2411 553 2488 intellegi
575 2420 674 2487 potest
694 2429 730 2468 eo
753 2411 856 2480 modo,
888 2428 946 2484 quo
969 2410 1077 2467 dicitur

2 2495 150 2551 derebus
172 2496 350 2572 paulopost
375 2495 492 2554 futuris.
520 2496 663 2554 Proxima
684 2496 803 2553 Pisonis
831 2495 923 2552 verba
945 2495 1075 2572 (inpendit

8 2583 111 2636 notitiem
127 2599 233 2655 paruae
255 2601 345 2638 rernm
366 2579 563 2661 maiman-um)
586 2581 730 2640 eiusmodi
753 2591 830 2652 sunt,
853 2590 886 2638 ut
907 2581 1025 2639 innatas
1047 2591 1077 2638 ct

2 2665 103 2722 'nsitas
126 2666 263 2724 notiones
285 2667 397 2724 homini
419 2677 521 2744 aperte
544 2668 663 2738 tribuat,
687 2667 766 2742 qnod
788 2666 864 2724 idem
887 2665 960 2725 facit
971 2666 1075 2726 Cicero

1 2769 58 2826 pse
83 2751 253 2808 Stoicorum
277 2753 438 2811 sententiae
460 2771 613 2829 exponens
634 2753 651 2811 I
673 2754 709 2810 de
732 2753 822 2829 Legg.
836 2753 890 2810 26:
913 2763 1011 2809 natura
1033 2772 1076 2809 re-

4 2857 50 2892 um
74 2839 265 2912 plurimarum
287 2839 414 2896 obscurae
437 2859 483 2897 nee
505 2843 572 2896 eatis
595 2842 713 2896 claras
735 2841 923 2913 inteliepeott'os
944 2839 1077 2895 dwhoavu't

4 2920 54 2978 cfr.
79 2922 142 2978 ibd.
170 2923 211 2980 27
221 2943 229 2978 τ
258 2927 353 3000 punina
380 2934 405 2981 et
431 2927 556 2982 iruehoata
583 2927 773 2999 intelleqcntr'a,
808 2934 838 2981 et
866 2924 920 2980 59:
950 2927 1076 2998 quoniam

5 3010 120 3082 enetpn
149 3028 246 3066 reanum
275 3012 391 3067 onmium
417 3014 499 3085 quasi
525 3011 702 3068 adummteue
723 3012 913 3083 e'nutelieqentu'ae
934 3013 1023 3066 comeo
1043 3029 1077 3067 ac

4 3103 65 3149 ente
88 3091 275 3172 conceperit),
299 3113 477 3170 quemqnam
499 3096 602 3154 codem
624 3097 690 3153 loco
712 3093 742 3174 (5
756 3097 810 3153 30:
832 3113 955 3170 quaeque
970 3099 997 3151 inu
1016 3086 1088 3152 ani-⁴

4 3183 23 3235 ie
56 3183 321 3254 imprimuntur
348 3183 487 3239 inchoatae
513 3179 715 3256 intellepentu'oe)
748 3181 870 3257 propius
892 3179 1006 3237 accedit
1038 3179 1076 3237 ad

2 3283 67 3321 sam
94 3263 283 3324 Stoicorum
306 3267 479 3339 doctrinam,
503 3267 606 3342 quiin
628 3267 726 3324 animo
748 3266 867 3324 tabulae
883 3285 975 3342 purae
987 3267 1077 3324 simili

2 3369 74 3407 unes
112 3349 268 3409 notiones
298 3353 369 3410 visis
397 3353 580 3410 extrinsecus
608 3353 716 3411 oblatis
743 3352 872 3429 imprimi
899 3353 1076 3409 statuebant

2 3455 110 3510 noque
143 3437 222 3494 loco
256 3437 363 3496 Cicero
384 3438 565 3496 Antiochum
600 3449 717 3496 secutus
744 3437 875 3508 videtur,
908 3438 1076 3496 Antiochus

4 3541 59 3578 ern
75 3521 281 3580 Platonicae
293 3524 456 3581 sententiae
479 3525 514 3581 de
536 3524 610 3582 ideis
633 3533 663 3581 et
685 3511 846 3599 ἀναμνήσει
867 3524 970 3604 (Tusa.
982 3525 1007 3594 Ι,
1021 3521 1075 3599 57)

4 3607 134 3664 ticulas
163 3625 245 3666 curn
270 3608 373 3668 Stoica
395 3609 528 3668 doctrina
549 3609 747 3667 coniunxisse.
862 3671 867 3682 Ι

39 3693 101 3750 60.
130 3695 306 3760 monocon-
329 3697 396 3752 nihil
415 3699 540 3772 amplius.
576 3697 672 3770 Itaque
693 3705 812 3751 nuoutrune
834 3694 886 3769 eat)
910 3695 960 3755 Sic
982 3695 1075 3752 aMa·

4 3799 27 3836 ο
56 3779 181 3836 locum
211 3780 414 3838 constitutum
447 3799 512 3838 esee
539 3791 640 3838 namet
668 3779 775 3850 Gzius;
809 3779 882 3838 illud
909 3799 967 3838 non
984 3780 1075 3850 addit,

27 3884 61 3920 m
91 3865 241 3940 apicem
267 3866 357 3923 aliter
378 3867 519 3942 scriptum
543 3885 606 3924 esse
635 3867 665 3924 in
693 3866 793 3923 codice
815 3865 877 3922 Eri.
900 3867 944 3944 (et
965 3883 1017 3922 cur
1039 3865 1075 3922 dc

1 3993 9 4006 .
42 3969 120 4007 non
137 3948 357 4028 affirmem).
386 3951 453 4030 [Sic
469 3953 557 4010 etiam
569 3949 620 4032 B.]
642 3951 741 4012 Ceteri
757 3951 874 4009 codices
885 3961 915 4009 et
932 3951 1075 4009 editiones

9 4035 260 4094 Manutium:
291 4039 433 4096 inchoavit.
461 4038 540 4096 Nihil
560 4041 651 4113 itaque
674 4038 725 4115 (ito
746 4037 811 4095 Pal.
834 4037 868 4116 4)
890 4040 1006 4114 amplius
1028 4056 1075 4093 no·

7 4164 11 4170 .
49 4132 116 4179 est.
181 4121 298 4180 Gzius
327 4123 460 4199 quidem,
483 4124 514 4180 in
539 4124 706 4200 „plerisque
729 4123 884 4180 omnibus“
908 4123 1011 4181 scribit
1033 4123 1076 4179 ita

24 4208 127 4264 utin
146 4207 238 4266 Pal.
257 4213 288 4280 4,
312 4209 342 4267 in
359 4228 420 4267 uno
437 4211 517 4267 Mon.
541 4213 640 4284 iterque.
685 4209 731 4266 De
754 4207 925 4267 melioribus
946 4208 1075 4279 fallitnr3

2 4293 230 4351 terior-ibus
247 4313 311 4352 non
323 4313 404 4365 curo,
417 4295 487 4371 quid
499 4294 586 4352 dicat.
609 4293 719 4374 [Paulo
731 4303 800 4370 post
811 4298 846 4352 ait
856 4314 913 4352 om.
932 4296 1020 4352 etiam
1039 4295 1075 4352 B.

20 4389 289 4438 consentaneae
310 4391 373 4438 eunt
391 4399 429 4438 ex
445 4381 507 4439 Erl.
530 4390 560 4438 et
576 4383 601 4439 B
624 4377 816 4458 restitutum]
