3034 5030
332 411 394 474 322
718 429 763 474 ne
786 427 916 474 mamus
939 427 1011 473 uon.

333 613 478 676 umquam
506 595 620 674 (video,
649 594 771 676 quicum
795 595 935 676 loquar),
958 603 990 659 te
1017 596 1125 677 igitur,
1160 597 1330 677 Torquate,
1354 595 1396 676 ip·

332 717 401 762 sum
427 715 486 778 per
513 715 547 762 se
575 696 651 762 nihil
678 696 833 762 delectat?
856 697 974 762 Omitto
992 697 1185 778 dignitatem,
1207 698 1397 775 honestatem,

332 799 466 880 speciem
489 799 590 880 ipsam
611 798 776 876 virtutum,
806 799 846 864 de
873 799 985 880 quibus
1007 799 1217 864 antedictum
1239 807 1299 879 est;
1331 799 1398 862 haec

331 900 449 966 leviora
470 920 597 982 ponam:
621 907 741 982 poema,
764 901 936 965 orationem
958 918 1026 964 cum
1049 908 1104 966 aut
1126 901 1236 966 scribis
1253 909 1308 966 aut
1321 900 1398 980 legis,

294 1009 401 1070 houm
424 1002 560 1066 omnium
583 1000 752 1080 factorum,
786 1021 855 1067 curn
876 1003 1037 1084 regionum
1060 1003 1217 1082 conquiris
1239 1002 1399 1072 metuam,

333 1104 463 1186 signum,
485 1103 601 1180 tabula,
622 1103 709 1169 locus
731 1121 895 1183 amoenus,
922 1105 1001 1182 ludi,
1029 1104 1168 1180 venatio,
1196 1104 1270 1169 villa
1290 1101 1400 1167 Luculli

332 1209 418 1283 (nam
441 1206 467 1270 si
489 1211 575 1269 tuam
598 1206 742 1284 dicerem,
764 1205 916 1270 latebram
939 1206 1085 1284 haberes;
1107 1207 1149 1271 ad
1165 1206 1399 1287 corpusdiceres
1486 1203 1487 1206 ’

332 1307 503 1390 pertinere)
517 1344 556 1352 -
570 1308 627 1372 sed
649 1325 699 1386 ea,
722 1327 803 1389 quae
825 1308 896 1381 dixi,
919 1309 960 1373 ad
981 1327 1137 1388 corpusne
1157 1308 1278 1373 refers?
1300 1327 1337 1372 an
1359 1312 1403 1370 est
1486 1367 1487 1372 ,

332 1409 459 1490 aliquid,
481 1409 565 1490 quod
586 1417 618 1474 te
640 1427 698 1474 sua
720 1418 832 1490 sponte
854 1411 1007 1475 delectet?
1054 1413 1116 1474 hut
1142 1410 1401 1492 pertinacissimus
1486 1495 1487 1506 ἵ

405 1652 426 1696 l.
446 1647 540 1710 inqrram
561 1648 583 1696 tt
651 1652 673 1696 3.
699 1649 809 1698 meoli
880 1655 902 1695 4.
920 1653 1006 1712 podera
1021 1666 1109 1712 ponam
1130 1647 1201 1716 [atu
1217 1653 1304 1713 podmo
1320 1646 1403 1698 om?

334 1725 376 1766 out
393 1733 444 1764 cunr
461 1715 544 1766 scribit
565 1717 582 1764 E
631 1717 788 1780 afedenam
806 1725 849 1766 out
866 1721 984 1781 reqionum
1005 1717 1025 1766 a
1075 1722 1099 1769 6.
1120 1715 1228 1783 [amenus
1249 1716 1281 1784 Α]
1334 1731 1402 1766 uena·

333 1785 407 1834 tiones
426 1785 447 1832 E
505 1781 693 1852 [Lucilliano]
750 1789 772 1834 7.
790 1784 868 1836 debers
888 1798 944 1850 tpro
961 1785 1100 1850 diceres)l3

420 1993 484 2050 haec
507 1994 605 2050 ocimo
621 2012 737 2068 ponam,
757 2002 853 2069 poema
877 1992 946 2067 cet.)
980 1991 1132 2052 Orationis
1162 1992 1303 2064 sormam,
1332 1991 1406 2068 quod

334 2086 497 2153 sequuntur
518 2077 692 2135 nominativi
715 2079 832 2156 (tabula,
856 2080 929 2135 beas
945 2079 1038 2154 cett),
1056 2089 1159 2136 contra
1170 2080 1336 2150 Davisiurn,
1358 2077 1406 2152 qui

330 2174 468 2239 posonem
490 2163 579 2220 scribi
602 2163 746 2234 voluerat,
778 2174 808 2221 et
829 2163 957 2220 editores
979 2164 1042 2220 iure
1066 2163 1261 2222 defenderunt
1283 2174 1313 2222 et
1335 2165 1407 2222 Mat-

334 2249 449 2306 thiaeus
471 2249 502 2306 in
525 2249 723 2325 disputatione
746 2250 781 2306 de
794 2249 979 2306 anacoluthis
991 2248 1152 2308 Ciceronis.
1186 2250 1255 2307 Non
1268 2250 1408 2307 subicitur

334 2335 407 2392 haec
429 2335 612 2391 enumeratio
634 2335 700 2391 voci
718 2354 828 2409 ponam.
852 2333 904 2392 sed
926 2353 1004 2391 nova
1015 2335 1180 2392 instituitur
1202 2335 1359 2400 sententia,
1382 2335 1407 2391 in

334 2439 392 2495 qua
414 2419 542 2495 primum
564 2419 695 2476 actiones
717 2419 937 2481 describuntur.
967 2419 1072 2476 deinde
1100 2438 1147 2477 res
1170 2421 1339 2477 nominibus
1362 2439 1408 2496 ep·

334 2504 497 2582 pellentur;
520 2523 556 2562 ea
578 2523 643 2561 cum
665 2505 831 2580 interrupte
853 2513 932 2562 esset
953 2505 1120 2580 parenthesi
1145 2506 1221 2582 (nam
1243 2509 1269 2562 si
1290 2505 1361 2580 cet.)
1383 2515 1410 2561 et

334 2590 439 2648 deinde
462 2591 557 2646 oratio
580 2589 779 2666 redintegrata
802 2587 864 2667 (sed
886 2597 948 2660 eo).
982 2609 1041 2647 non
1058 2591 1411 2668 succurrebatxorationis

334 2675 441 2741 exitus,
453 2675 504 2749 qui
516 2675 553 2732 ad
565 2675 774 2751 praecedentes
786 2675 983 2733 nominativos
994 2683 1081 2751 aptus
1093 2685 1184 2746 esset3
1208 2677 1309 2750 itaque
1320 2696 1354 2733 eo
1365 2675 1411 2734 ci-

335 2781 402 2818 cero
414 2760 613 2817 accusativum
625 2759 704 2823 fecit,
722 2768 755 2816 ut
766 2760 940 2818 nominativi
952 2762 1107 2836 pendeant.
1136 2761 1310 2820 simillimus
1322 2761 1411 2828 locus,

335 2845 436 2902 durior
457 2845 560 2914 etiam,
595 2845 674 2919 qnod
695 2855 808 2902 tanturn
832 2846 1006 2903 brevissima
1028 2847 1173 2904 sententia
1200 2846 1326 2904 relativa
1349 2865 1412 2903 oro·

335 2930 424 2988 tionis
447 2948 562 2987 cursum
575 2930 744 3004 impedivit,
777 2930 885 3006 legitur
907 2931 974 3002 III,
1007 2935 1060 3001 113
1094 2931 1304 3000 illudentem,
1336 2931 1413 3006 qnod

334 3017 383 3074 111
406 3016 493 3072 Tusc.
527 3017 562 3072 16
587 3015 720 3091 ponitur,
754 3015 813 3072 iam
846 3016 934 3092 plane
962 3017 1151 3093 neglegenter
1183 3017 1324 3092 scriptum
1360 3025 1412 3073 est.
1486 3015 1487 3054 ἶ

335 3103 501 3174 Utrumque
524 3099 621 3156 locum
644 3101 801 3158 advocavit
822 3101 972 3173 Bremins,
996 3103 1048 3159 sed
1070 3099 1130 3159 alia
1151 3102 1321 3173 admiscuit,
1346 3101 1414 3159 hinc

335 3188 441 3245 alieno.
465 3187 543 3259 qnod
566 3185 637 3242 fecit
660 3187 746 3242 etiam
761 3186 950 3257 Matthieens,
975 3187 1025 3261 qui
1044 3196 1148 3262 poento.
1172 3192 1315 3244 mononem
1334 3187 1414 3244 simi-

335 3273 404 3332 liter
427 3271 554 3346 pendere
577 3270 684 3328 voluit.
719 3289 794 3346 quae
817 3272 855 3328 ad
877 3273 972 3329 scribis
994 3282 1023 3328 et
1046 3276 1110 3346 lepis
1133 3273 1290 3349 pertinent.
1334 3273 1415 3330 Nam

336 3356 520 3415 accersativos
551 3365 580 3412 ct
612 3356 809 3414 nominativos
838 3358 880 3414 sic
909 3358 1085 3433 permiscere
1114 3358 1304 3416 balbutientis
1327 3367 1415 3419 esset

335 3462 393 3500 non
418 3442 580 3500 orationem
598 3441 782 3498 declinantis.
815 3443 904 3500 Addo
927 3444 960 3500 II
982 3443 1071 3500 Tuae.
1095 3445 1131 3500 16
1155 3440 1248 3522 (Ergo
1269 3446 1311 3504 id.
1341 3445 1417 3517 quod

336 3539 435 3585 arotttro
458 3531 518 3603 ipso
530 3537 555 3584 et
572 3529 705 3601 precedam
725 3547 853 3600 pectorosa
878 3531 961 3585 ta'rhes
973 3533 1064 3585 statim
1076 3532 1186 3604 respuit,
1199 3562 1240 3570 —
1252 3533 1278 3586 in
1293 3548 1322 3585 eo
1333 3528 1416 3607 cett),
1486 3525 1487 3528 ¹

337 3614 387 3672 ubi
400 3612 535 3671 Handius
548 3621 576 3668 et
589 3613 734 3686 Moserus,
757 3632 821 3671 cum
841 3614 1076 3691 interpungendo
1095 3614 1198 3672 tollere
1216 3613 1417 3671 anacoluthon
1486 3633 1487 3636 ¹

336 3701 456 3772 vellent,
480 3697 653 3757 sententiam
678 3700 867 3759 sustulerunt.
891 3709 920 3757 et
932 3700 969 3757 ed
981 3701 1045 3756 Aa.
1062 3701 1134 3770 XV,
1148 3700 1176 3771 3,
1193 3701 1218 3757 1.
1251 3699 1352 3757 Voces
1364 3719 1418 3774 po

337 3809 397 3845 nom
408 3796 503 3862 poema
515 3785 603 3842 etiem
615 3785 680 3842 Pal.
697 3787 710 3842 l
730 3785 852 3842 invertit
863 3781 907 3865 [et
918 3781 967 3863 B].
986 3803 1065 3854 cusu,
1084 3786 1198 3862 opinor,
1215 3784 1245 3842 in
1257 3783 1419 3842 simillimis

337 3873 453 3931 litteris.
493 3871 572 3930 Nem
595 3871 619 3928 si
642 3870 708 3945 quis
726 3891 827 3946 porram
850 3871 1038 3928 subditicinm
1061 3870 1223 3946 putaverit,
1246 3869 1319 3926 dure
1342 3869 1420 3927 haec

337 3960 565 4034 coniungentur:
589 3957 653 4013 hoec
676 3959 783 4025 leviora,
799 3964 904 4032 potato,
927 3960 1071 4014 orationem
1087 3976 1147 4013 cum
1163 3965 1210 4012 aut
1231 3955 1327 4012 aaut
1350 3965 1419 4016 cet..
1486 3967 1487 4016 T

338 4044 464 4102 mraxime
498 4043 528 4100 in
557 4041 703 4117 particula
730 4061 797 4099 cum.
849 4041 932 4114 Quae
961 4049 1124 4116 sequuntur
1152 4041 1187 4098 de
1216 4039 1422 4114 conquirenda
1486 4087 1487 4092 ,

337 4130 475 4188 historia.
511 4128 654 4201 Torqnati
678 4127 806 4185 studium
830 4125 1010 4203 significant,
1044 4127 1122 4201 quod
1152 4127 1181 4194 1,
1212 4126 1251 4182 25
1275 4125 1421 4200 tangitur.
1486 4133 1487 4153 l

338 4214 454 4272 Luculli
479 4213 579 4270 villam
602 4213 802 4270 Tusculanam
827 4211 905 4290 (III,
935 4214 966 4285 7)
995 4211 1128 4286 aliasque
1151 4208 1291 4288 (villorum
1312 4216 1422 4283 moont-

331 4303 476 4374 ficeutiom,
500 4297 558 4357 Off.
570 4299 595 4367 I,
618 4300 689 4370 140)
711 4297 874 4356 samosatis
887 4298 1062 4354 nobilitavit.
1092 4293 1180 4377 [Mox
1191 4306 1238 4352 cot
1255 4315 1314 4353 cunr
1326 4297 1422 4354 etiarn

338 4387 373 4443 Β.
417 4385 494 4442 Tum
518 4385 648 4440 hoaraiuum
665 4387 746 4457 J'octo
769 4383 894 4444 Bakius,
925 4383 1083 4453 violentem
1111 4400 1146 4439 ac
1173 4400 1210 4438 ne
1232 4381 1275 4438 sic
1297 4381 1422 4454 quidem
1486 4395 1487 4442 l
