<?xml version="1.0" encoding="UTF-8"?>
<!DOCTYPE html PUBLIC "-//W3C//DTD XHTML 1.0 Transitional//EN"
    "http://www.w3.org/TR/xhtml1/DTD/xhtml1-transitional.dtd">
<html xmlns="http://www.w3.org/1999/xhtml" xml:lang="en" lang="en">
 <head>
  <title>
</title>
<meta http-equiv="Content-Type" content="text/html;charset=utf-8" />
  <meta name='ocr-system' content='tesseract 3.04.00' />
  <meta name='ocr-capabilities' content='ocr_page ocr_carea ocr_par ocr_line ocrx_word'/>
</head>
<body>
  <div class='ocr_page' id='page_1' title='image "./definibusbonoru04cicegoog_0356.png"; bbox 0 0 2956 5028; ppageno 0'>
   <div class='ocr_carea' id='block_1_1' title="bbox 305 413 994 480">
    <p class='ocr_par' dir='ltr' id='par_1_1' title="bbox 305 413 994 480">
     <span class='ocr_line' id='line_1_1' title="bbox 305 413 994 480; baseline 0.004 -3"><span class='ocrx_word' id='word_1_1' title='bbox 305 413 368 478; x_wconf 82' lang='grc'>278</span> <span class='ocrx_word' id='word_1_2' title='bbox 701 433 746 478; x_wconf 86' lang='lat' dir='ltr'>nn</span> <span class='ocrx_word' id='word_1_3' title='bbox 769 431 900 480; x_wconf 81' lang='lat' dir='ltr'>nmrnus</span> <span class='ocrx_word' id='word_1_4' title='bbox 923 433 994 480; x_wconf 82' lang='lat' dir='ltr'>non.</span> 
     </span>
    </p>
   </div>
   <div class='ocr_carea' id='block_1_2' title="bbox 246 599 1399 1708">
    <p class='ocr_par' dir='ltr' id='par_1_2' title="bbox 303 599 1399 992">
     <span class='ocr_line' id='line_1_2' title="bbox 303 599 1399 684; baseline 0 -20"><span class='ocrx_word' id='word_1_5' title='bbox 303 601 354 664; x_wconf 84' lang='lat' dir='ltr'>tiis</span> <span class='ocrx_word' id='word_1_6' title='bbox 376 599 483 666; x_wconf 85' lang='lat' dir='ltr'>fideles</span> <span class='ocrx_word' id='word_1_7' title='bbox 506 607 538 666; x_wconf 89' lang='lat' dir='ltr'>et</span> <span class='ocrx_word' id='word_1_8' title='bbox 557 601 590 665; x_wconf 91' lang='lat' dir='ltr'>in</span> <span class='ocrx_word' id='word_1_9' title='bbox 613 602 695 666; x_wconf 93' lang='lat' dir='ltr'>omni</span> <span class='ocrx_word' id='word_1_10' title='bbox 718 603 782 668; x_wconf 83' lang='lat' dir='ltr'>vita</span> <span class='ocrx_word' id='word_1_11' title='bbox 804 611 982 668; x_wconf 79' lang='lat' dir='ltr'><strong>constantes</strong></span> <span class='ocrx_word' id='word_1_12' title='bbox 1005 609 1171 684; x_wconf 82' lang='lat' dir='ltr'>etgraves</span> <span class='ocrx_word' id='word_1_13' title='bbox 1193 621 1249 668; x_wconf 92' lang='lat' dir='ltr'>nec</span> <span class='ocrx_word' id='word_1_14' title='bbox 1277 601 1399 681; x_wconf 84' lang='lat' dir='ltr'>volup·</span> 
     </span>
     <span class='ocr_line' id='line_1_3' title="bbox 304 702 1399 786; baseline 0 -19"><span class='ocrx_word' id='word_1_15' title='bbox 304 711 378 782; x_wconf 82' lang='lat' dir='ltr'>tate,</span> <span class='ocrx_word' id='word_1_16' title='bbox 402 705 458 768; x_wconf 83' lang='lat' dir='ltr'>sed</span> <span class='ocrx_word' id='word_1_17' title='bbox 480 702 580 769; x_wconf 87' lang='lat' dir='ltr'>officio</span> <span class='ocrx_word' id='word_1_18' title='bbox 604 705 732 770; x_wconf 89' lang='lat' dir='ltr'>consilia</span> <span class='ocrx_word' id='word_1_19' title='bbox 754 705 966 786; x_wconf 78' lang='lat' dir='ltr'>moderantes,</span> <span class='ocrx_word' id='word_1_20' title='bbox 993 704 1198 770; x_wconf 73' lang='lat' dir='ltr'>recudetur</span> <span class='ocrx_word' id='word_1_21' title='bbox 1219 707 1326 769; x_wconf 84' lang='lat' dir='ltr'>maior</span> <span class='ocrx_word' id='word_1_22' title='bbox 1349 705 1399 768; x_wconf 80' lang='lat' dir='ltr'>vis</span> 
     </span>
     <span class='ocr_line' id='line_1_4' title="bbox 304 804 1399 890; baseline 0.002 -22"><span class='ocrx_word' id='word_1_23' title='bbox 304 804 476 870; x_wconf 79' lang='lat' dir='ltr'>honestatis</span> <span class='ocrx_word' id='word_1_24' title='bbox 498 814 530 872; x_wconf 90' lang='lat' dir='ltr'>et</span> <span class='ocrx_word' id='word_1_25' title='bbox 551 807 652 871; x_wconf 91' lang='lat' dir='ltr'>minor</span> <span class='ocrx_word' id='word_1_26' title='bbox 674 807 853 888; x_wconf 82' lang='lat' dir='ltr'>voluptatis,</span> <span class='ocrx_word' id='word_1_27' title='bbox 897 809 947 873; x_wconf 88' lang='lat' dir='ltr'>lta</span> <span class='ocrx_word' id='word_1_28' title='bbox 968 809 1049 873; x_wconf 89' lang='lat' dir='ltr'>enim</span> <span class='ocrx_word' id='word_1_29' title='bbox 1065 807 1174 873; x_wconf 85' lang='lat' dir='ltr'>vivunt</span> <span class='ocrx_word' id='word_1_30' title='bbox 1195 807 1339 890; x_wconf 86' lang='lat' dir='ltr'>quidam,</span> <span class='ocrx_word' id='word_1_31' title='bbox 1364 817 1399 870; x_wconf 93' lang='lat' dir='ltr'>ut</span> 
     </span>
     <span class='ocr_line' id='line_1_5' title="bbox 305 908 1399 992; baseline 0.001 -21"><span class='ocrx_word' id='word_1_32' title='bbox 305 925 411 972; x_wconf 91' lang='lat' dir='ltr'>eornm</span> <span class='ocrx_word' id='word_1_33' title='bbox 434 909 498 973; x_wconf 85' lang='lat' dir='ltr'>vita</span> <span class='ocrx_word' id='word_1_34' title='bbox 520 908 679 974; x_wconf 79' lang='lat' dir='ltr'>refellatur</span> <span class='ocrx_word' id='word_1_35' title='bbox 700 909 808 974; x_wconf 88' lang='lat' dir='ltr'>oratio.</span> <span class='ocrx_word' id='word_1_36' title='bbox 843 911 946 992; x_wconf 84' lang='lat' dir='ltr'>Atque</span> <span class='ocrx_word' id='word_1_37' title='bbox 972 916 1009 974; x_wconf 84' lang='lat' dir='ltr'>nt</span> <span class='ocrx_word' id='word_1_38' title='bbox 1035 911 1130 976; x_wconf 86' lang='lat' dir='ltr'>ceteri</span> <span class='ocrx_word' id='word_1_39' title='bbox 1152 911 1255 976; x_wconf 81' lang='lat' dir='ltr'>dicere</span> <span class='ocrx_word' id='word_1_40' title='bbox 1283 909 1399 975; x_wconf 83' lang='lat' dir='ltr'>existi-</span> 
     </span>
    </p>

    <p class='ocr_par' dir='ltr' id='par_1_3' title="bbox 266 1009 1397 1193">
     <span class='ocr_line' id='line_1_6' title="bbox 266 1009 1397 1092; baseline 0.001 -18"><span class='ocrx_word' id='word_1_41' title='bbox 266 1011 287 1074; x_wconf 78' lang='grc' dir='ltr'><strong><em>ὃ</em></strong></span> <span class='ocrx_word' id='word_1_42' title='bbox 305 1016 430 1075; x_wconf 84' lang='lat' dir='ltr'>mentm</span> <span class='ocrx_word' id='word_1_43' title='bbox 450 1010 560 1075; x_wconf 88' lang='lat' dir='ltr'>melius</span> <span class='ocrx_word' id='word_1_44' title='bbox 582 1029 677 1092; x_wconf 87' lang='lat' dir='ltr'>qnam</span> <span class='ocrx_word' id='word_1_45' title='bbox 693 1009 805 1090; x_wconf 84' lang='lat' dir='ltr'>faeere,</span> <span class='ocrx_word' id='word_1_46' title='bbox 827 1013 872 1077; x_wconf 89' lang='lat' dir='ltr'>sic</span> <span class='ocrx_word' id='word_1_47' title='bbox 892 1011 925 1076; x_wconf 90' lang='lat' dir='ltr'>hi</span> <span class='ocrx_word' id='word_1_48' title='bbox 947 1011 1178 1078; x_wconf 88' lang='lat' dir='ltr'>mihividentur</span> <span class='ocrx_word' id='word_1_49' title='bbox 1198 1011 1305 1078; x_wconf 83' lang='lat' dir='ltr'>facere</span> <span class='ocrx_word' id='word_1_50' title='bbox 1329 1030 1397 1075; x_wconf 91' lang='lat' dir='ltr'>me-</span> 
     </span>
     <span class='ocr_line' id='line_1_7' title="bbox 305 1113 616 1193; baseline 0.006 -17"><span class='ocrx_word' id='word_1_51' title='bbox 305 1113 482 1193; x_wconf 78' lang='lat' dir='ltr'>inaquam</span> <span class='ocrx_word' id='word_1_52' title='bbox 504 1114 616 1178; x_wconf 87' lang='lat' dir='ltr'>dicere.</span> 
     </span>
    </p>

    <p class='ocr_par' dir='ltr' id='par_1_4' title="bbox 304 1213 1397 1503">
     <span class='ocr_line' id='line_1_8' title="bbox 390 1213 1397 1296; baseline -0.001 -17"><span class='ocrx_word' id='word_1_53' title='bbox 390 1215 504 1281; x_wconf 78' lang='lat' dir='ltr'>XXVI.</span> <span class='ocrx_word' id='word_1_54' title='bbox 528 1216 578 1279; x_wconf 73' lang='lat'>82.</span> <span class='ocrx_word' id='word_1_55' title='bbox 612 1215 673 1280; x_wconf 87' lang='lat' dir='ltr'>Sed</span> <span class='ocrx_word' id='word_1_56' title='bbox 695 1213 772 1282; x_wconf 88' lang='lat' dir='ltr'>haec</span> <span class='ocrx_word' id='word_1_57' title='bbox 794 1215 868 1281; x_wconf 91' lang='lat' dir='ltr'><strong>nihil</strong></span> <span class='ocrx_word' id='word_1_58' title='bbox 891 1235 966 1282; x_wconf 85' lang='lat' dir='ltr'>sene</span> <span class='ocrx_word' id='word_1_59' title='bbox 987 1219 1028 1282; x_wconf 88' lang='lat' dir='ltr'>ed</span> <span class='ocrx_word' id='word_1_60' title='bbox 1046 1236 1125 1296; x_wconf 89' lang='lat' dir='ltr'>rem;</span> <span class='ocrx_word' id='word_1_61' title='bbox 1148 1217 1200 1280; x_wconf 90' lang='lat' dir='ltr'>illa</span> <span class='ocrx_word' id='word_1_62' title='bbox 1218 1217 1397 1293; x_wconf 81' lang='lat' dir='ltr'>rideamus,</span> 
     </span>
     <span class='ocr_line' id='line_1_9' title="bbox 304 1317 1396 1400; baseline 0.002 -20"><span class='ocrx_word' id='word_1_63' title='bbox 304 1335 385 1399; x_wconf 82' lang='lat' dir='ltr'>quae</span> <span class='ocrx_word' id='word_1_64' title='bbox 411 1335 431 1380; x_wconf 87' lang='lat' dir='ltr'>a</span> <span class='ocrx_word' id='word_1_65' title='bbox 457 1323 490 1382; x_wconf 91' lang='lat' dir='ltr'>te</span> <span class='ocrx_word' id='word_1_66' title='bbox 519 1319 559 1382; x_wconf 87' lang='lat' dir='ltr'>de</span> <span class='ocrx_word' id='word_1_67' title='bbox 586 1317 721 1383; x_wconf 85' lang='lat' dir='ltr'>amicitia</span> <span class='ocrx_word' id='word_1_68' title='bbox 747 1319 832 1384; x_wconf 86' lang='lat' dir='ltr'>dicta</span> <span class='ocrx_word' id='word_1_69' title='bbox 858 1327 939 1384; x_wconf 84' lang='lat' dir='ltr'>sunt</span> <span class='ocrx_word' id='word_1_70' title='bbox 990 1319 1017 1382; x_wconf 87' lang='lat' dir='ltr'>E</span> <span class='ocrx_word' id='word_1_71' title='bbox 1050 1319 1162 1400; x_wconf 84' lang='lat' dir='ltr'>quibus</span> <span class='ocrx_word' id='word_1_72' title='bbox 1190 1339 1287 1383; x_wconf 92' lang='lat' dir='ltr'>unum</span> <span class='ocrx_word' id='word_1_73' title='bbox 1316 1317 1396 1382; x_wconf 91' lang='lat' dir='ltr'>mihi</span> 
     </span>
     <span class='ocr_line' id='line_1_10' title="bbox 304 1419 1396 1503; baseline 0.001 -21"><span class='ocrx_word' id='word_1_74' title='bbox 304 1419 433 1484; x_wconf 84' lang='lat' dir='ltr'>videbar</span> <span class='ocrx_word' id='word_1_75' title='bbox 465 1419 505 1486; x_wconf 84' lang='lat' dir='ltr'>ab</span> <span class='ocrx_word' id='word_1_76' title='bbox 532 1420 601 1500; x_wconf 89' lang='lat' dir='ltr'>ipso</span> <span class='ocrx_word' id='word_1_77' title='bbox 629 1420 765 1502; x_wconf 88' lang='lat' dir='ltr'>Epicuro</span> <span class='ocrx_word' id='word_1_78' title='bbox 792 1421 910 1486; x_wconf 88' lang='lat' dir='ltr'>dictum</span> <span class='ocrx_word' id='word_1_79' title='bbox 937 1439 1137 1503; x_wconf 79' lang='lat' dir='ltr'>cognoscere,</span> <span class='ocrx_word' id='word_1_80' title='bbox 1174 1420 1349 1486; x_wconf 80' lang='lat' dir='ltr'>amicitiam</span> <span class='ocrx_word' id='word_1_81' title='bbox 1376 1437 1396 1483; x_wconf 85' lang='lat' dir='ltr'>a</span> 
     </span>
    </p>

    <p class='ocr_par' dir='ltr' id='par_1_5' title="bbox 246 1521 1395 1708">
     <span class='ocr_line' id='line_1_11' title="bbox 246 1521 1395 1605; baseline 0.003 -20"><span class='ocrx_word' id='word_1_82' title='bbox 246 1522 288 1586; x_wconf 91' lang='lat'>10</span> <span class='ocrx_word' id='word_1_83' title='bbox 305 1521 466 1602; x_wconf 84' lang='lat' dir='ltr'>voluptate</span> <span class='ocrx_word' id='word_1_84' title='bbox 493 1541 555 1586; x_wconf 94' lang='lat' dir='ltr'>non</span> <span class='ocrx_word' id='word_1_85' title='bbox 584 1541 679 1603; x_wconf 88' lang='lat' dir='ltr'>posse</span> <span class='ocrx_word' id='word_1_86' title='bbox 700 1523 804 1588; x_wconf 89' lang='lat' dir='ltr'>divelli</span> <span class='ocrx_word' id='word_1_87' title='bbox 826 1524 866 1588; x_wconf 90' lang='lat' dir='ltr'>ob</span> <span class='ocrx_word' id='word_1_88' title='bbox 887 1542 1018 1605; x_wconf 86' lang='lat' dir='ltr'>eamque</span> <span class='ocrx_word' id='word_1_89' title='bbox 1040 1543 1105 1588; x_wconf 90' lang='lat' dir='ltr'>rem</span> <span class='ocrx_word' id='word_1_90' title='bbox 1127 1523 1289 1589; x_wconf 85' lang='lat' dir='ltr'>colendam</span> <span class='ocrx_word' id='word_1_91' title='bbox 1313 1539 1395 1599; x_wconf 78' lang='lat' dir='ltr'>csse,</span> 
     </span>
     <span class='ocr_line' id='line_1_12' title="bbox 306 1625 1394 1708; baseline 0.002 -22"><span class='ocrx_word' id='word_1_92' title='bbox 306 1625 398 1705; x_wconf 69' lang='lat' dir='ltr'>qnod,</span> <span class='ocrx_word' id='word_1_93' title='bbox 421 1643 488 1687; x_wconf 83' lang='lat' dir='ltr'>corn</span> <span class='ocrx_word' id='word_1_94' title='bbox 511 1625 578 1690; x_wconf 90' lang='lat' dir='ltr'>sine</span> <span class='ocrx_word' id='word_1_95' title='bbox 599 1643 637 1690; x_wconf 87' lang='lat' dir='ltr'>ea</span> <span class='ocrx_word' id='word_1_96' title='bbox 659 1625 943 1692; x_wconf 87' lang='lat' dir='ltr'>tntoetsinemetu</span> <span class='ocrx_word' id='word_1_97' title='bbox 965 1626 1028 1690; x_wconf 84' lang='lat' dir='ltr'>vivi</span> <span class='ocrx_word' id='word_1_98' title='bbox 1050 1645 1111 1691; x_wconf 95' lang='lat' dir='ltr'>non</span> <span class='ocrx_word' id='word_1_99' title='bbox 1135 1633 1251 1708; x_wconf 87' lang='lat' dir='ltr'>posset,</span> <span class='ocrx_word' id='word_1_100' title='bbox 1275 1643 1316 1690; x_wconf 89' lang='lat' dir='ltr'>ne</span> <span class='ocrx_word' id='word_1_101' title='bbox 1345 1625 1394 1688; x_wconf 91' lang='lat' dir='ltr'>iu·</span> 
     </span>
    </p>
   </div>
   <div class='ocr_carea' id='block_1_3' title="bbox 305 1859 1391 2130">
    <p class='ocr_par' dir='ltr' id='par_1_6' title="bbox 305 1859 1391 2130">
     <span class='ocr_line' id='line_1_13' title="bbox 378 1859 1391 1930; baseline -0.001 -19"><span class='ocrx_word' id='word_1_102' title='bbox 378 1867 399 1915; x_wconf 89' lang='lat' dir='ltr'>l.</span> <span class='ocrx_word' id='word_1_103' title='bbox 417 1872 438 1912; x_wconf 79' lang='lat' dir='ltr'>et</span> <span class='ocrx_word' id='word_1_104' title='bbox 456 1881 501 1912; x_wconf 85' lang='lat' dir='ltr'>aon</span> <span class='ocrx_word' id='word_1_105' title='bbox 521 1861 684 1928; x_wconf 55' lang='lat' dir='ltr'>(procreem</span> <span class='ocrx_word' id='word_1_106' title='bbox 720 1870 745 1917; x_wconf 78' lang='lat'>2.</span> <span class='ocrx_word' id='word_1_107' title='bbox 775 1881 801 1914; x_wconf 82' lang='lat' dir='ltr'>ee</span> <span class='ocrx_word' id='word_1_108' title='bbox 819 1863 897 1928; x_wconf 79' lang='lat' dir='ltr'>officio</span> <span class='ocrx_word' id='word_1_109' title='bbox 916 1861 965 1930; x_wconf 81' lang='lat' dir='ltr'>nn]</span> <span class='ocrx_word' id='word_1_110' title='bbox 1018 1863 1076 1913; x_wconf 74' lang='lat' dir='ltr'>lnooe</span> <span class='ocrx_word' id='word_1_111' title='bbox 1094 1863 1139 1916; x_wconf 81' lang='lat' dir='ltr'>Lc</span> <span class='ocrx_word' id='word_1_112' title='bbox 1174 1869 1197 1911; x_wconf 77' lang='lat'>8.</span> <span class='ocrx_word' id='word_1_113' title='bbox 1220 1861 1325 1930; x_wconf 77' lang='lat' dir='ltr'>[quidem</span> <span class='ocrx_word' id='word_1_114' title='bbox 1345 1859 1391 1926; x_wconf 61' lang='grc' dir='ltr'>ΑΙ]</span> 
     </span>
     <span class='ocr_line' id='line_1_14' title="bbox 306 1929 1391 2000; baseline -0.001 -22"><span class='ocrx_word' id='word_1_115' title='bbox 306 1941 328 1984; x_wconf 83' lang='grc'>4,</span> <span class='ocrx_word' id='word_1_116' title='bbox 348 1931 414 1981; x_wconf 67' lang='grc' dir='ltr'>αὐτ.</span> <span class='ocrx_word' id='word_1_117' title='bbox 434 1931 511 1982; x_wconf 68' lang='lat' dir='ltr'>timere</span> <span class='ocrx_word' id='word_1_118' title='bbox 530 1931 640 1990; x_wconf 73' lang='lat' dir='ltr'>(PlMCll</span> <span class='ocrx_word' id='word_1_119' title='bbox 688 1937 709 1982; x_wconf 78' lang='lat'>5.</span> <span class='ocrx_word' id='word_1_120' title='bbox 749 1933 755 1944; x_wconf 88' lang='lat'>&#39;</span> <span class='ocrx_word' id='word_1_121' title='bbox 783 1931 1035 1996; x_wconf 79' lang='lat' dir='ltr'>murmeliurfacere</span> <span class='ocrx_word' id='word_1_122' title='bbox 1054 1932 1099 1981; x_wconf 76' lang='lat' dir='ltr'>La</span> <span class='ocrx_word' id='word_1_123' title='bbox 1135 1937 1158 1980; x_wconf 78' lang='grc' dir='ltr'>Β.</span> <span class='ocrx_word' id='word_1_124' title='bbox 1180 1931 1262 2000; x_wconf 72' lang='lat' dir='ltr'>[odie</span> <span class='ocrx_word' id='word_1_125' title='bbox 1281 1931 1311 1980; x_wconf 83' lang='lat' dir='ltr'>de</span> <span class='ocrx_word' id='word_1_126' title='bbox 1331 1929 1391 1978; x_wconf 81' lang='lat' dir='ltr'>ami·</span> 
     </span>
     <span class='ocr_line' id='line_1_15' title="bbox 305 1998 1391 2068; baseline -0.003 -18"><span class='ocrx_word' id='word_1_127' title='bbox 305 1999 370 2050; x_wconf 78' lang='lat' dir='ltr'>ciniis</span> <span class='ocrx_word' id='word_1_128' title='bbox 388 2001 421 2066; x_wconf 77' lang='lat' dir='ltr'>A]</span> <span class='ocrx_word' id='word_1_129' title='bbox 481 2006 503 2050; x_wconf 85' lang='grc'>9.</span> <span class='ocrx_word' id='word_1_130' title='bbox 526 1999 662 2068; x_wconf 80' lang='lat' dir='ltr'>[uidebatur</span> <span class='ocrx_word' id='word_1_131' title='bbox 683 2001 729 2068; x_wconf 66' lang='grc' dir='ltr'>Αἱ]</span> <span class='ocrx_word' id='word_1_132' title='bbox 786 2006 825 2054; x_wconf 89' lang='lat' dir='ltr'>ll.</span> <span class='ocrx_word' id='word_1_133' title='bbox 845 2001 910 2066; x_wconf 78' lang='lat' dir='ltr'>quod</span> <span class='ocrx_word' id='word_1_134' title='bbox 925 2002 976 2051; x_wconf 71' lang='lat' dir='ltr'>rrae</span> <span class='ocrx_word' id='word_1_135' title='bbox 994 2015 1089 2062; x_wconf 87' lang='lat' dir='ltr'>omnes,</span> <span class='ocrx_word' id='word_1_136' title='bbox 1109 1999 1154 2050; x_wconf 85' lang='lat' dir='ltr'>Or.</span> <span class='ocrx_word' id='word_1_137' title='bbox 1211 2017 1258 2050; x_wconf 81' lang='lat' dir='ltr'>aon</span> <span class='ocrx_word' id='word_1_138' title='bbox 1272 1998 1391 2064; x_wconf 64' lang='lat' dir='ltr'>poesiL</span> 
     </span>
     <span class='ocr_line' id='line_1_16' title="bbox 305 2069 642 2130; baseline 0 -10"><span class='ocrx_word' id='word_1_139' title='bbox 305 2087 347 2120; x_wconf 80' lang='lat' dir='ltr'>nce</span> <span class='ocrx_word' id='word_1_140' title='bbox 365 2069 467 2120; x_wconf 69' lang='lat' dir='ltr'>necunde</span> <span class='ocrx_word' id='word_1_141' title='bbox 485 2085 579 2130; x_wconf 83' lang='lat' dir='ltr'>omnes,</span> <span class='ocrx_word' id='word_1_142' title='bbox 599 2069 642 2121; x_wconf 89' lang='lat' dir='ltr'>Or.</span> 
     </span>
    </p>
   </div>
   <div class='ocr_carea' id='block_1_4' title="bbox 305 2256 1391 4472">
    <p class='ocr_par' dir='ltr' id='par_1_7' title="bbox 306 2256 1391 2404">
     <span class='ocr_line' id='line_1_17' title="bbox 391 2256 1391 2342; baseline -0.004 -25"><span class='ocrx_word' id='word_1_143' title='bbox 391 2262 479 2317; x_wconf 76' lang='lat' dir='ltr'>dicore</span> <span class='ocrx_word' id='word_1_144' title='bbox 490 2258 690 2342; x_wconf 70' lang='lat' dir='ltr'>emaamontor)</span> <span class='ocrx_word' id='word_1_145' title='bbox 718 2260 769 2321; x_wconf 91' lang='lat' dir='ltr'>Sic</span> <span class='ocrx_word' id='word_1_146' title='bbox 780 2261 870 2319; x_wconf 86' lang='lat' dir='ltr'>etiam</span> <span class='ocrx_word' id='word_1_147' title='bbox 883 2259 961 2337; x_wconf 88' lang='lat' dir='ltr'>Spir.</span> <span class='ocrx_word' id='word_1_148' title='bbox 973 2256 1037 2340; x_wconf 87' lang='lat' dir='ltr'>[B],</span> <span class='ocrx_word' id='word_1_149' title='bbox 1059 2261 1140 2331; x_wconf 81' lang='lat' dir='ltr'>Bas,</span> <span class='ocrx_word' id='word_1_150' title='bbox 1164 2259 1243 2319; x_wconf 84' lang='lat' dir='ltr'>Gud.</span> <span class='ocrx_word' id='word_1_151' title='bbox 1259 2260 1285 2315; x_wconf 90' lang='grc'>1.</span> <span class='ocrx_word' id='word_1_152' title='bbox 1309 2259 1391 2316; x_wconf 81' lang='lat' dir='ltr'>Ante</span> 
     </span>
     <span class='ocr_line' id='line_1_18' title="bbox 306 2345 648 2404; baseline 0 0"><span class='ocrx_word' id='word_1_153' title='bbox 306 2345 415 2404; x_wconf 77' lang='lat' dir='ltr'>Gaium</span> <span class='ocrx_word' id='word_1_154' title='bbox 436 2345 648 2404; x_wconf 84' lang='lat' dir='ltr'>invertebatur.</span> 
     </span>
    </p>

    <p class='ocr_par' dir='ltr' id='par_1_8' title="bbox 305 2430 1389 2764">
     <span class='ocr_line' id='line_1_19' title="bbox 392 2430 1388 2508; baseline -0.007 -19"><span class='ocrx_word' id='word_1_155' title='bbox 392 2430 465 2506; x_wconf 84' lang='lat' dir='ltr'>Cap.</span> <span class='ocrx_word' id='word_1_156' title='bbox 488 2433 607 2502; x_wconf 71' lang='lat' dir='ltr'>xxvi,</span> <span class='ocrx_word' id='word_1_157' title='bbox 632 2433 681 2490; x_wconf 78' lang='lat'>82.</span> <span class='ocrx_word' id='word_1_158' title='bbox 714 2431 883 2508; x_wconf 75' lang='lat' dir='ltr'>coquoscere)</span> <span class='ocrx_word' id='word_1_159' title='bbox 921 2433 1070 2502; x_wconf 84' lang='lat' dir='ltr'>Fuerunt,</span> <span class='ocrx_word' id='word_1_160' title='bbox 1105 2431 1155 2505; x_wconf 89' lang='lat' dir='ltr'>qui</span> <span class='ocrx_word' id='word_1_161' title='bbox 1178 2447 1322 2504; x_wconf 77' lang='lat' dir='ltr'>aqooacere</span> <span class='ocrx_word' id='word_1_162' title='bbox 1343 2444 1388 2483; x_wconf 89' lang='lat' dir='ltr'>re-</span> 
     </span>
     <span class='ocr_line' id='line_1_20' title="bbox 306 2514 1388 2593; baseline -0.004 -22"><span class='ocrx_word' id='word_1_163' title='bbox 306 2515 471 2590; x_wconf 87' lang='lat' dir='ltr'>quirerent,</span> <span class='ocrx_word' id='word_1_164' title='bbox 500 2527 602 2574; x_wconf 85' lang='lat' dir='ltr'>contra</span> <span class='ocrx_word' id='word_1_165' title='bbox 625 2537 698 2593; x_wconf 85' lang='lat' dir='ltr'>qnos</span> <span class='ocrx_word' id='word_1_166' title='bbox 721 2517 885 2593; x_wconf 84' lang='lat' dir='ltr'>disputavit</span> <span class='ocrx_word' id='word_1_167' title='bbox 906 2516 1052 2588; x_wconf 76' lang='lat' dir='ltr'>Bromius,</span> <span class='ocrx_word' id='word_1_168' title='bbox 1076 2517 1170 2573; x_wconf 85' lang='lat' dir='ltr'>citans</span> <span class='ocrx_word' id='word_1_169' title='bbox 1194 2535 1239 2590; x_wconf 88' lang='lat' dir='ltr'>ep.</span> <span class='ocrx_word' id='word_1_170' title='bbox 1262 2514 1301 2571; x_wconf 89' lang='lat' dir='ltr'>ad</span> <span class='ocrx_word' id='word_1_171' title='bbox 1326 2515 1388 2570; x_wconf 82' lang='lat' dir='ltr'>Art</span> 
     </span>
     <span class='ocr_line' id='line_1_21' title="bbox 305 2601 1389 2677; baseline -0.004 -17"><span class='ocrx_word' id='word_1_172' title='bbox 305 2603 380 2674; x_wconf 84' lang='lat' dir='ltr'>XII,</span> <span class='ocrx_word' id='word_1_173' title='bbox 400 2603 449 2672; x_wconf 62' lang='grc' dir='ltr'>Ἠ,</span> <span class='ocrx_word' id='word_1_174' title='bbox 466 2604 479 2659; x_wconf 95' lang='grc'>1</span> <span class='ocrx_word' id='word_1_175' title='bbox 494 2613 524 2659; x_wconf 89' lang='lat' dir='ltr'>et</span> <span class='ocrx_word' id='word_1_176' title='bbox 535 2605 622 2675; x_wconf 85' lang='lat' dir='ltr'>XIV,</span> <span class='ocrx_word' id='word_1_177' title='bbox 650 2605 697 2675; x_wconf 86' lang='lat'>19,</span> <span class='ocrx_word' id='word_1_178' title='bbox 716 2607 864 2677; x_wconf 73' lang='lat' dir='ltr'>torqueo</span> <span class='ocrx_word' id='word_1_179' title='bbox 876 2604 935 2660; x_wconf 88' lang='lat' dir='ltr'>iam</span> <span class='ocrx_word' id='word_1_180' title='bbox 958 2603 1074 2660; x_wconf 88' lang='lat' dir='ltr'>Nonius</span> <span class='ocrx_word' id='word_1_181' title='bbox 1091 2601 1191 2677; x_wconf 86' lang='lat' dir='ltr'>poenit</span> <span class='ocrx_word' id='word_1_182' title='bbox 1213 2601 1243 2658; x_wconf 91' lang='lat' dir='ltr'>in</span> <span class='ocrx_word' id='word_1_183' title='bbox 1255 2619 1283 2656; x_wconf 84' lang='lat' dir='ltr'>v.</span> <span class='ocrx_word' id='word_1_184' title='bbox 1295 2615 1389 2673; x_wconf 73' lang='lat' dir='ltr'>coquo·</span> 
     </span>
     <span class='ocr_line' id='line_1_22' title="bbox 305 2687 1217 2764; baseline -0.004 -18"><span class='ocrx_word' id='word_1_185' title='bbox 305 2707 378 2746; x_wconf 83' lang='lat' dir='ltr'>acere</span> <span class='ocrx_word' id='word_1_186' title='bbox 400 2707 428 2763; x_wconf 91' lang='lat' dir='ltr'>p.</span> <span class='ocrx_word' id='word_1_187' title='bbox 452 2689 523 2746; x_wconf 78' lang='lat'>276.</span> <span class='ocrx_word' id='word_1_188' title='bbox 567 2688 646 2748; x_wconf 76' lang='lat' dir='ltr'>And.</span> <span class='ocrx_word' id='word_1_189' title='bbox 669 2691 755 2748; x_wconf 89' lang='lat' dir='ltr'>Verr.</span> <span class='ocrx_word' id='word_1_190' title='bbox 778 2689 804 2760; x_wconf 87' lang='lat' dir='ltr'>I,</span> <span class='ocrx_word' id='word_1_191' title='bbox 830 2689 879 2760; x_wconf 87' lang='lat'>59,</span> <span class='ocrx_word' id='word_1_192' title='bbox 903 2689 1020 2764; x_wconf 87' lang='lat' dir='ltr'>Zumpt.</span> <span class='ocrx_word' id='word_1_193' title='bbox 1044 2687 1082 2743; x_wconf 83' lang='lat' dir='ltr'>nd</span> <span class='ocrx_word' id='word_1_194' title='bbox 1103 2689 1142 2758; x_wconf 94' lang='lat' dir='ltr'>V,</span> <span class='ocrx_word' id='word_1_195' title='bbox 1168 2687 1217 2743; x_wconf 77' lang='lat'>72.</span> 
     </span>
    </p>

    <p class='ocr_par' dir='ltr' id='par_1_9' title="bbox 305 2771 1389 4472">
     <span class='ocr_line' id='line_1_23' title="bbox 392 2771 1389 2850; baseline -0.006 -21"><span class='ocrx_word' id='word_1_196' title='bbox 392 2775 473 2846; x_wconf 79' lang='lat' dir='ltr'>qood,</span> <span class='ocrx_word' id='word_1_197' title='bbox 496 2793 556 2830; x_wconf 79' lang='lat' dir='ltr'>cara</span> <span class='ocrx_word' id='word_1_198' title='bbox 577 2778 634 2831; x_wconf 80' lang='lat' dir='ltr'>sine</span> <span class='ocrx_word' id='word_1_199' title='bbox 655 2793 687 2831; x_wconf 81' lang='lat' dir='ltr'>aa</span> <span class='ocrx_word' id='word_1_200' title='bbox 709 2773 779 2850; x_wconf 83' lang='lat' dir='ltr'>cot)</span> <span class='ocrx_word' id='word_1_201' title='bbox 813 2775 913 2850; x_wconf 82' lang='lat' dir='ltr'>Vulgo</span> <span class='ocrx_word' id='word_1_202' title='bbox 941 2774 984 2831; x_wconf 86' lang='lat' dir='ltr'>sic</span> <span class='ocrx_word' id='word_1_203' title='bbox 1007 2773 1205 2830; x_wconf 79' lang='lat' dir='ltr'>scribebatur:</span> <span class='ocrx_word' id='word_1_204' title='bbox 1238 2772 1315 2846; x_wconf 79' lang='lat' dir='ltr'>quod</span> <span class='ocrx_word' id='word_1_205' title='bbox 1336 2771 1389 2825; x_wconf 77' lang='lat' dir='ltr'>sou</span> 
     </span>
     <span class='ocr_line' id='line_1_24' title="bbox 306 2859 1388 2935; baseline -0.009 -19"><span class='ocrx_word' id='word_1_206' title='bbox 306 2877 336 2916; x_wconf 83' lang='lat' dir='ltr'>en</span> <span class='ocrx_word' id='word_1_207' title='bbox 360 2867 415 2914; x_wconf 82' lang='lat' dir='ltr'>tuto</span> <span class='ocrx_word' id='word_1_208' title='bbox 437 2869 461 2914; x_wconf 88' lang='lat' dir='ltr'>el</span> <span class='ocrx_word' id='word_1_209' title='bbox 483 2862 539 2916; x_wconf 80' lang='lat' dir='ltr'>cirre</span> <span class='ocrx_word' id='word_1_210' title='bbox 561 2869 630 2916; x_wconf 84' lang='lat' dir='ltr'>metu</span> <span class='ocrx_word' id='word_1_211' title='bbox 652 2863 706 2916; x_wconf 73' lang='lat' dir='ltr'>clvi</span> <span class='ocrx_word' id='word_1_212' title='bbox 726 2881 777 2916; x_wconf 75' lang='lat' dir='ltr'>oron</span> <span class='ocrx_word' id='word_1_213' title='bbox 800 2870 907 2935; x_wconf 79' lang='lat' dir='ltr'>posset,</span> <span class='ocrx_word' id='word_1_214' title='bbox 941 2877 988 2916; x_wconf 78' lang='lat' dir='ltr'>nec</span> <span class='ocrx_word' id='word_1_215' title='bbox 1016 2860 1131 2915; x_wconf 78' lang='lat' dir='ltr'>iucunde</span> <span class='ocrx_word' id='word_1_216' title='bbox 1157 2859 1264 2933; x_wconf 82' lang='lat' dir='ltr'>quidem</span> <span class='ocrx_word' id='word_1_217' title='bbox 1289 2861 1388 2932; x_wconf 75' lang='lat' dir='ltr'>posset.</span> 
     </span>
     <span class='ocr_line' id='line_1_25' title="bbox 306 2941 1389 3020; baseline -0.002 -20"><span class='ocrx_word' id='word_1_218' title='bbox 306 2943 479 3000; x_wconf 79' lang='lat' dir='ltr'>Haercbcnt</span> <span class='ocrx_word' id='word_1_219' title='bbox 504 2944 596 3020; x_wconf 86' lang='lat' dir='ltr'>igitur</span> <span class='ocrx_word' id='word_1_220' title='bbox 623 2945 687 3001; x_wconf 91' lang='lat' dir='ltr'>iure</span> <span class='ocrx_word' id='word_1_221' title='bbox 714 2945 745 3002; x_wconf 89' lang='lat' dir='ltr'>in</span> <span class='ocrx_word' id='word_1_222' title='bbox 778 2945 918 3002; x_wconf 82' lang='lat' dir='ltr'>extremis</span> <span class='ocrx_word' id='word_1_223' title='bbox 940 2953 1082 3020; x_wconf 85' lang='lat' dir='ltr'>quattuor</span> <span class='ocrx_word' id='word_1_224' title='bbox 1104 2943 1220 3014; x_wconf 81' lang='lat' dir='ltr'>verbis,</span> <span class='ocrx_word' id='word_1_225' title='bbox 1254 2941 1334 3016; x_wconf 88' lang='lat' dir='ltr'>qnod</span> <span class='ocrx_word' id='word_1_226' title='bbox 1361 2945 1389 2993; x_wconf 78' lang='lat' dir='ltr'>el</span> 
     </span>
     <span class='ocr_line' id='line_1_26' title="bbox 305 3027 1387 3106; baseline -0.006 -20"><span class='ocrx_word' id='word_1_227' title='bbox 305 3029 482 3087; x_wconf 85' lang='lat' dir='ltr'>insolentem</span> <span class='ocrx_word' id='word_1_228' title='bbox 508 3028 653 3086; x_wconf 84' lang='lat' dir='ltr'>haberent</span> <span class='ocrx_word' id='word_1_229' title='bbox 680 3029 877 3087; x_wconf 83' lang='lat' dir='ltr'>adiunctionis</span> <span class='ocrx_word' id='word_1_230' title='bbox 903 3029 1030 3086; x_wconf 78' lang='lat' dir='ltr'>formam</span> <span class='ocrx_word' id='word_1_231' title='bbox 1058 3028 1127 3106; x_wconf 90' lang='lat' dir='ltr'>(pro</span> <span class='ocrx_word' id='word_1_232' title='bbox 1150 3047 1195 3100; x_wconf 82' lang='lat' dir='ltr'>eo,</span> <span class='ocrx_word' id='word_1_233' title='bbox 1224 3027 1303 3102; x_wconf 88' lang='lat' dir='ltr'>quod</span> <span class='ocrx_word' id='word_1_234' title='bbox 1332 3031 1387 3082; x_wconf 87' lang='lat' dir='ltr'>est:</span> 
     </span>
     <span class='ocr_line' id='line_1_27' title="bbox 305 3114 1387 3190; baseline -0.002 -20"><span class='ocrx_word' id='word_1_235' title='bbox 305 3133 338 3171; x_wconf 81' lang='lat' dir='ltr'>oe</span> <span class='ocrx_word' id='word_1_236' title='bbox 360 3133 392 3170; x_wconf 84' lang='lat' dir='ltr'>ae</span> <span class='ocrx_word' id='word_1_237' title='bbox 413 3116 465 3171; x_wconf 83' lang='lat' dir='ltr'>ino.</span> <span class='ocrx_word' id='word_1_238' title='bbox 488 3117 610 3188; x_wconf 81' lang='lat' dir='ltr'>quidem,</span> <span class='ocrx_word' id='word_1_239' title='bbox 634 3117 688 3173; x_wconf 82' lang='lat' dir='ltr'>etsi</span> <span class='ocrx_word' id='word_1_240' title='bbox 700 3116 756 3173; x_wconf 84' lang='lat' dir='ltr'>lrcc</span> <span class='ocrx_word' id='word_1_241' title='bbox 767 3123 885 3190; x_wconf 86' lang='lat' dir='ltr'>praeter</span> <span class='ocrx_word' id='word_1_242' title='bbox 896 3115 966 3172; x_wconf 88' lang='lat' dir='ltr'>Ern.</span> <span class='ocrx_word' id='word_1_243' title='bbox 978 3123 1009 3172; x_wconf 88' lang='lat' dir='ltr'>et</span> <span class='ocrx_word' id='word_1_244' title='bbox 1020 3114 1172 3172; x_wconf 87' lang='lat' dir='ltr'>Bromium</span> <span class='ocrx_word' id='word_1_245' title='bbox 1184 3133 1254 3170; x_wconf 88' lang='lat' dir='ltr'>num</span> <span class='ocrx_word' id='word_1_246' title='bbox 1276 3121 1387 3170; x_wconf 82' lang='lat' dir='ltr'>eeteros</span> 
     </span>
     <span class='ocr_line' id='line_1_28' title="bbox 306 3192 1388 3276; baseline -0.003 -20"><span class='ocrx_word' id='word_1_247' title='bbox 306 3197 442 3272; x_wconf 85' lang='lat' dir='ltr'>moverit,</span> <span class='ocrx_word' id='word_1_248' title='bbox 454 3197 568 3275; x_wconf 87' lang='lat' dir='ltr'>nescio)</span> <span class='ocrx_word' id='word_1_249' title='bbox 581 3211 611 3258; x_wconf 90' lang='lat' dir='ltr'>et</span> <span class='ocrx_word' id='word_1_250' title='bbox 621 3201 851 3275; x_wconf 82' lang='lat' dir='ltr'>ingratissimam</span> <span class='ocrx_word' id='word_1_251' title='bbox 862 3201 1069 3276; x_wconf 81' lang='lat' dir='ltr'>repetitionem</span> <span class='ocrx_word' id='word_1_252' title='bbox 1081 3199 1166 3258; x_wconf 90' lang='lat' dir='ltr'>verbi</span> <span class='ocrx_word' id='word_1_253' title='bbox 1183 3209 1288 3276; x_wconf 75' lang='lat' dir='ltr'>poscet,</span> <span class='ocrx_word' id='word_1_254' title='bbox 1313 3192 1388 3273; x_wconf 83' lang='lat' dir='ltr'>quod</span> 
     </span>
     <span class='ocr_line' id='line_1_29' title="bbox 307 3283 1387 3362; baseline -0.004 -22"><span class='ocrx_word' id='word_1_255' title='bbox 307 3283 433 3358; x_wconf 89' lang='lat' dir='ltr'>denique</span> <span class='ocrx_word' id='word_1_256' title='bbox 457 3287 631 3342; x_wconf 87' lang='lat' dir='ltr'>sententiam</span> <span class='ocrx_word' id='word_1_257' title='bbox 655 3304 791 3361; x_wconf 80' lang='lat' dir='ltr'>pravam3</span> <span class='ocrx_word' id='word_1_258' title='bbox 821 3286 864 3343; x_wconf 89' lang='lat' dir='ltr'>sie</span> <span class='ocrx_word' id='word_1_259' title='bbox 886 3285 964 3342; x_wconf 89' lang='lat' dir='ltr'>enim</span> <span class='ocrx_word' id='word_1_260' title='bbox 987 3286 1016 3342; x_wconf 91' lang='lat' dir='ltr'>in</span> <span class='ocrx_word' id='word_1_261' title='bbox 1040 3285 1093 3342; x_wconf 89' lang='lat' dir='ltr'>illa</span> <span class='ocrx_word' id='word_1_262' title='bbox 1115 3286 1262 3362; x_wconf 85' lang='lat' dir='ltr'>scriptura</span> <span class='ocrx_word' id='word_1_263' title='bbox 1284 3283 1387 3340; x_wconf 86' lang='lat' dir='ltr'>dicitur</span> 
     </span>
     <span class='ocr_line' id='line_1_30' title="bbox 307 3369 1386 3448; baseline -0.005 -22"><span class='ocrx_word' id='word_1_264' title='bbox 307 3389 339 3426; x_wconf 80' lang='lat' dir='ltr'>ae</span> <span class='ocrx_word' id='word_1_265' title='bbox 351 3401 392 3410; x_wconf 91' lang='lat'>-</span> <span class='ocrx_word' id='word_1_266' title='bbox 404 3371 521 3444; x_wconf 81' lang='lat' dir='ltr'>quidem,</span> <span class='ocrx_word' id='word_1_267' title='bbox 540 3381 690 3445; x_wconf 84' lang='lat' dir='ltr'>tamquam</span> <span class='ocrx_word' id='word_1_268' title='bbox 702 3371 798 3428; x_wconf 87' lang='lat' dir='ltr'>minua</span> <span class='ocrx_word' id='word_1_269' title='bbox 822 3371 861 3428; x_wconf 88' lang='lat' dir='ltr'>sit</span> <span class='ocrx_word' id='word_1_270' title='bbox 882 3373 995 3428; x_wconf 74' lang='lat' dir='ltr'>iracundo</span> <span class='ocrx_word' id='word_1_271' title='bbox 1018 3371 1065 3448; x_wconf 84' lang='lat' dir='ltr'>(ac</span> <span class='ocrx_word' id='word_1_272' title='bbox 1088 3391 1120 3428; x_wconf 81' lang='lat' dir='ltr'>ne</span> <span class='ocrx_word' id='word_1_273' title='bbox 1136 3372 1250 3428; x_wconf 68' lang='lat' dir='ltr'>inmunde</span> <span class='ocrx_word' id='word_1_274' title='bbox 1261 3369 1386 3444; x_wconf 79' lang='lat' dir='ltr'>qro&#39;deor),</span> 
     </span>
     <span class='ocr_line' id='line_1_31' title="bbox 308 3449 1387 3532; baseline -0.001 -22"><span class='ocrx_word' id='word_1_275' title='bbox 308 3454 388 3529; x_wconf 83' lang='lat' dir='ltr'>qnod</span> <span class='ocrx_word' id='word_1_276' title='bbox 409 3455 439 3510; x_wconf 94' lang='lat' dir='ltr'>in</span> <span class='ocrx_word' id='word_1_277' title='bbox 462 3455 610 3530; x_wconf 87' lang='lat' dir='ltr'>Epicurea</span> <span class='ocrx_word' id='word_1_278' title='bbox 632 3455 789 3532; x_wconf 85' lang='lat' dir='ltr'>disciplina</span> <span class='ocrx_word' id='word_1_279' title='bbox 812 3475 957 3514; x_wconf 89' lang='lat' dir='ltr'>summum</span> <span class='ocrx_word' id='word_1_280' title='bbox 981 3467 1034 3513; x_wconf 87' lang='lat' dir='ltr'>eat.</span> <span class='ocrx_word' id='word_1_281' title='bbox 1079 3457 1186 3530; x_wconf 81' lang='lat' dir='ltr'>Itaque</span> <span class='ocrx_word' id='word_1_282' title='bbox 1208 3463 1277 3531; x_wconf 85' lang='lat' dir='ltr'>post</span> <span class='ocrx_word' id='word_1_283' title='bbox 1298 3449 1387 3511; x_wconf 84' lang='lat' dir='ltr'>Davi·</span> 
     </span>
     <span class='ocr_line' id='line_1_32' title="bbox 308 3539 1386 3620; baseline 0.006 -24"><span class='ocrx_word' id='word_1_284' title='bbox 308 3540 383 3596; x_wconf 87' lang='lat' dir='ltr'>sium</span> <span class='ocrx_word' id='word_1_285' title='bbox 406 3539 506 3614; x_wconf 90' lang='lat' dir='ltr'>plures</span> <span class='ocrx_word' id='word_1_286' title='bbox 528 3541 621 3597; x_wconf 85' lang='lat' dir='ltr'>secuti</span> <span class='ocrx_word' id='word_1_287' title='bbox 650 3551 718 3598; x_wconf 87' lang='lat' dir='ltr'>sunt</span> <span class='ocrx_word' id='word_1_288' title='bbox 745 3542 861 3600; x_wconf 88' lang='lat' dir='ltr'>codices</span> <span class='ocrx_word' id='word_1_289' title='bbox 889 3542 1046 3599; x_wconf 87' lang='lat' dir='ltr'>nonnullos</span> <span class='ocrx_word' id='word_1_290' title='bbox 1064 3539 1146 3620; x_wconf 90' lang='lat' dir='ltr'>([B,]</span> <span class='ocrx_word' id='word_1_291' title='bbox 1170 3541 1238 3597; x_wconf 90' lang='lat' dir='ltr'>Par.</span> <span class='ocrx_word' id='word_1_292' title='bbox 1263 3539 1280 3595; x_wconf 73' lang='lat'>2</span> <span class='ocrx_word' id='word_1_293' title='bbox 1304 3539 1386 3602; x_wconf 67' lang='lat' dir='ltr'>Dave</span> 
     </span>
     <span class='ocr_line' id='line_1_33' title="bbox 307 3618 1387 3700; baseline -0.005 -19"><span class='ocrx_word' id='word_1_294' title='bbox 307 3618 360 3695; x_wconf 82' lang='grc' dir='ltr'>Εξ,</span> <span class='ocrx_word' id='word_1_295' title='bbox 384 3623 463 3683; x_wconf 88' lang='lat' dir='ltr'>Gud.</span> <span class='ocrx_word' id='word_1_296' title='bbox 487 3625 516 3696; x_wconf 74' lang='lat'>2,</span> <span class='ocrx_word' id='word_1_297' title='bbox 539 3625 637 3699; x_wconf 85' lang='lat' dir='ltr'>Bas),</span> <span class='ocrx_word' id='word_1_298' title='bbox 667 3626 696 3683; x_wconf 90' lang='lat' dir='ltr'>in</span> <span class='ocrx_word' id='word_1_299' title='bbox 720 3627 827 3700; x_wconf 88' lang='lat' dir='ltr'>quibus</span> <span class='ocrx_word' id='word_1_300' title='bbox 849 3628 921 3683; x_wconf 87' lang='lat' dir='ltr'>haec</span> <span class='ocrx_word' id='word_1_301' title='bbox 944 3629 1034 3684; x_wconf 85' lang='lat' dir='ltr'>verba</span> <span class='ocrx_word' id='word_1_302' title='bbox 1057 3645 1127 3684; x_wconf 88' lang='lat' dir='ltr'>cnsu</span> <span class='ocrx_word' id='word_1_303' title='bbox 1151 3626 1334 3696; x_wconf 87' lang='lat' dir='ltr'>exciderunt,</span> <span class='ocrx_word' id='word_1_304' title='bbox 1355 3619 1387 3676; x_wconf 94' lang='lat' dir='ltr'>li·</span> 
     </span>
     <span class='ocr_line' id='line_1_34' title="bbox 308 3704 1386 3788; baseline -0.001 -23"><span class='ocrx_word' id='word_1_305' title='bbox 308 3709 399 3766; x_wconf 88' lang='lat' dir='ltr'>brarii</span> <span class='ocrx_word' id='word_1_306' title='bbox 422 3710 507 3768; x_wconf 87' lang='lat' dir='ltr'>oculo</span> <span class='ocrx_word' id='word_1_307' title='bbox 530 3729 548 3767; x_wconf 83' lang='lat' dir='ltr'>a</span> <span class='ocrx_word' id='word_1_308' title='bbox 570 3711 668 3786; x_wconf 89' lang='lat' dir='ltr'>priore</span> <span class='ocrx_word' id='word_1_309' title='bbox 686 3723 780 3788; x_wconf 79' lang='lat' dir='ltr'>posset</span> <span class='ocrx_word' id='word_1_310' title='bbox 801 3713 838 3769; x_wconf 92' lang='lat' dir='ltr'>ad</span> <span class='ocrx_word' id='word_1_311' title='bbox 861 3713 985 3769; x_wconf 88' lang='lat' dir='ltr'>alterum</span> <span class='ocrx_word' id='word_1_312' title='bbox 1008 3713 1203 3769; x_wconf 77' lang='lat' dir='ltr'>transiliente.</span> <span class='ocrx_word' id='word_1_313' title='bbox 1238 3704 1386 3788; x_wconf 62' lang='lat' dir='ltr'>(EEpotcst</span> 
     </span>
     <span class='ocr_line' id='line_1_35' title="bbox 308 3795 1387 3876; baseline 0.001 -25"><span class='ocrx_word' id='word_1_314' title='bbox 308 3814 362 3870; x_wconf 92' lang='lat' dir='ltr'>pro</span> <span class='ocrx_word' id='word_1_315' title='bbox 386 3795 502 3872; x_wconf 79' lang='lat' dir='ltr'>posset.)</span> <span class='ocrx_word' id='word_1_316' title='bbox 546 3797 651 3873; x_wconf 88' lang='lat' dir='ltr'>Nuper</span> <span class='ocrx_word' id='word_1_317' title='bbox 677 3807 777 3856; x_wconf 87' lang='lat' dir='ltr'>autem</span> <span class='ocrx_word' id='word_1_318' title='bbox 799 3799 981 3856; x_wconf 85' lang='lat' dir='ltr'>Dietrichius</span> <span class='ocrx_word' id='word_1_319' title='bbox 1010 3799 1199 3876; x_wconf 83' lang='lat' dir='ltr'>(Quaestion.</span> <span class='ocrx_word' id='word_1_320' title='bbox 1216 3815 1339 3874; x_wconf 88' lang='lat' dir='ltr'>gramm.</span> <span class='ocrx_word' id='word_1_321' title='bbox 1361 3796 1387 3846; x_wconf 78' lang='lat' dir='ltr'>ei</span> 
     </span>
     <span class='ocr_line' id='line_1_36' title="bbox 308 3880 1385 3961; baseline 0.007 -25"><span class='ocrx_word' id='word_1_322' title='bbox 308 3880 372 3938; x_wconf 72' lang='lat' dir='ltr'>crit.</span> <span class='ocrx_word' id='word_1_323' title='bbox 400 3901 429 3956; x_wconf 86' lang='lat' dir='ltr'>p.</span> <span class='ocrx_word' id='word_1_324' title='bbox 459 3883 499 3938; x_wconf 83' lang='lat'>70</span> <span class='ocrx_word' id='word_1_325' title='bbox 523 3882 600 3960; x_wconf 91' lang='lat' dir='ltr'>sqq.)</span> <span class='ocrx_word' id='word_1_326' title='bbox 628 3883 670 3940; x_wconf 88' lang='lat' dir='ltr'>ita</span> <span class='ocrx_word' id='word_1_327' title='bbox 698 3883 774 3941; x_wconf 83' lang='lat' dir='ltr'>tueri</span> <span class='ocrx_word' id='word_1_328' title='bbox 803 3885 953 3960; x_wconf 81' lang='lat' dir='ltr'>vulgatam</span> <span class='ocrx_word' id='word_1_329' title='bbox 982 3885 1156 3961; x_wconf 82' lang='lat' dir='ltr'>scripturam</span> <span class='ocrx_word' id='word_1_330' title='bbox 1186 3892 1311 3941; x_wconf 87' lang='lat' dir='ltr'>conatus</span> <span class='ocrx_word' id='word_1_331' title='bbox 1338 3883 1385 3944; x_wconf 65' lang='lat' dir='ltr'>osis</span> 
     </span>
     <span class='ocr_line' id='line_1_37' title="bbox 307 3965 1386 4046; baseline -0.002 -26"><span class='ocrx_word' id='word_1_332' title='bbox 307 3973 341 4020; x_wconf 91' lang='lat' dir='ltr'>ut</span> <span class='ocrx_word' id='word_1_333' title='bbox 363 3965 581 4024; x_wconf 78' lang='lat' dir='ltr'>conclusionem</span> <span class='ocrx_word' id='word_1_334' title='bbox 602 3967 699 4026; x_wconf 87' lang='lat' dir='ltr'>inesse</span> <span class='ocrx_word' id='word_1_335' title='bbox 716 3969 835 4025; x_wconf 89' lang='lat' dir='ltr'>doceret</span> <span class='ocrx_word' id='word_1_336' title='bbox 857 3978 887 4024; x_wconf 86' lang='lat' dir='ltr'>et</span> <span class='ocrx_word' id='word_1_337' title='bbox 908 3967 1116 4027; x_wconf 84' lang='lat' dir='ltr'>sicillaverba</span> <span class='ocrx_word' id='word_1_338' title='bbox 1132 3971 1386 4046; x_wconf 84' lang='lat' dir='ltr'>interpretaretur:</span> 
     </span>
     <span class='ocr_line' id='line_1_38' title="bbox 309 4053 1384 4130; baseline 0.003 -24"><span class='ocrx_word' id='word_1_339' title='bbox 309 4059 334 4107; x_wconf 78' lang='lat' dir='ltr'>et</span> <span class='ocrx_word' id='word_1_340' title='bbox 354 4053 394 4106; x_wconf 83' lang='lat' dir='ltr'>ita</span> <span class='ocrx_word' id='word_1_341' title='bbox 415 4071 447 4108; x_wconf 79' lang='lat' dir='ltr'>ne</span> <span class='ocrx_word' id='word_1_342' title='bbox 468 4055 583 4109; x_wconf 77' lang='lat' dir='ltr'>irtcrtnrle</span> <span class='ocrx_word' id='word_1_343' title='bbox 604 4055 712 4127; x_wconf 78' lang='lat' dir='ltr'>quidem</span> <span class='ocrx_word' id='word_1_344' title='bbox 740 4055 812 4130; x_wconf 76' lang='lat' dir='ltr'>(nord</span> <span class='ocrx_word' id='word_1_345' title='bbox 837 4056 896 4109; x_wconf 83' lang='lat' dir='ltr'>also</span> <span class='ocrx_word' id='word_1_346' title='bbox 923 4055 993 4109; x_wconf 77' lang='lat' dir='ltr'>crwlr</span> <span class='ocrx_word' id='word_1_347' title='bbox 1021 4054 1116 4130; x_wconf 80' lang='lat' dir='ltr'>nicil).</span> <span class='ocrx_word' id='word_1_348' title='bbox 1160 4057 1274 4114; x_wconf 87' lang='lat' dir='ltr'>Verum</span> <span class='ocrx_word' id='word_1_349' title='bbox 1296 4063 1384 4124; x_wconf 66' lang='lat' dir='ltr'>neque</span> 
     </span>
     <span class='ocr_line' id='line_1_39' title="bbox 310 4135 1385 4216; baseline 0.002 -24"><span class='ocrx_word' id='word_1_350' title='bbox 310 4135 407 4192; x_wconf 86' lang='lat' dir='ltr'>omitti</span> <span class='ocrx_word' id='word_1_351' title='bbox 428 4138 575 4212; x_wconf 86' lang='lat' dir='ltr'>particula</span> <span class='ocrx_word' id='word_1_352' title='bbox 597 4139 795 4197; x_wconf 86' lang='lat' dir='ltr'>conclusionis</span> <span class='ocrx_word' id='word_1_353' title='bbox 817 4139 907 4195; x_wconf 84' lang='lat' dir='ltr'>index</span> <span class='ocrx_word' id='word_1_354' title='bbox 930 4147 1056 4214; x_wconf 86' lang='lat' dir='ltr'>poterat,</span> <span class='ocrx_word' id='word_1_355' title='bbox 1078 4159 1175 4216; x_wconf 86' lang='lat' dir='ltr'>neque</span> <span class='ocrx_word' id='word_1_356' title='bbox 1197 4149 1385 4213; x_wconf 71' lang='lat' dir='ltr'>umquamne</span> 
     </span>
     <span class='ocr_line' id='line_1_40' title="bbox 309 4219 1384 4299; baseline 0.003 -23"><span class='ocrx_word' id='word_1_357' title='bbox 309 4251 351 4261; x_wconf 88' lang='lat'><em>-</em></span> <span class='ocrx_word' id='word_1_358' title='bbox 373 4224 481 4295; x_wconf 75' lang='lat' dir='ltr'>qreidem</span> <span class='ocrx_word' id='word_1_359' title='bbox 503 4224 533 4280; x_wconf 94' lang='lat' dir='ltr'>in</span> <span class='ocrx_word' id='word_1_360' title='bbox 556 4224 745 4281; x_wconf 87' lang='lat' dir='ltr'>conclusione</span> <span class='ocrx_word' id='word_1_361' title='bbox 767 4223 938 4299; x_wconf 84' lang='lat' dir='ltr'>adiungitur</span> <span class='ocrx_word' id='word_1_362' title='bbox 961 4225 1177 4299; x_wconf 84' lang='lat' dir='ltr'>superioribus,</span> <span class='ocrx_word' id='word_1_363' title='bbox 1209 4225 1261 4282; x_wconf 88' lang='lat' dir='ltr'>sed</span> <span class='ocrx_word' id='word_1_364' title='bbox 1288 4233 1340 4280; x_wconf 83' lang='lat' dir='ltr'>eut</span> <span class='ocrx_word' id='word_1_365' title='bbox 1359 4219 1384 4274; x_wconf 81' lang='lat' dir='ltr'>in</span> 
     </span>
     <span class='ocr_line' id='line_1_41' title="bbox 311 4300 1385 4385; baseline -0.004 -24"><span class='ocrx_word' id='word_1_366' title='bbox 311 4305 434 4381; x_wconf 80' lang='lat' dir='ltr'>epodosi</span> <span class='ocrx_word' id='word_1_367' title='bbox 456 4308 577 4381; x_wconf 88' lang='lat' dir='ltr'>ponitur</span> <span class='ocrx_word' id='word_1_368' title='bbox 599 4309 820 4384; x_wconf 84' lang='lat' dir='ltr'>arrtseparatim</span> <span class='ocrx_word' id='word_1_369' title='bbox 844 4310 1166 4385; x_wconf 74' lang='lat' dir='ltr'>(iloaet&#39;llndqoidaem);</span> <span class='ocrx_word' id='word_1_370' title='bbox 1189 4328 1253 4368; x_wconf 78' lang='lat' dir='ltr'>nec.</span> <span class='ocrx_word' id='word_1_371' title='bbox 1277 4300 1385 4365; x_wconf 83' lang='lat' dir='ltr'>etiamsi</span> 
     </span>
     <span class='ocr_line' id='line_1_42' title="bbox 310 4389 1385 4472; baseline -0.005 -24"><span class='ocrx_word' id='word_1_372' title='bbox 310 4391 368 4448; x_wconf 87' lang='lat' dir='ltr'>dici</span> <span class='ocrx_word' id='word_1_373' title='bbox 390 4397 608 4466; x_wconf 79' lang='lat' dir='ltr'>nec-quidem</span> <span class='ocrx_word' id='word_1_374' title='bbox 636 4413 690 4471; x_wconf 92' lang='lat' dir='ltr'>pro</span> <span class='ocrx_word' id='word_1_375' title='bbox 712 4413 746 4452; x_wconf 86' lang='lat' dir='ltr'>oc</span> <span class='ocrx_word' id='word_1_376' title='bbox 767 4415 799 4452; x_wconf 83' lang='lat' dir='ltr'>ne</span> <span class='ocrx_word' id='word_1_377' title='bbox 817 4427 857 4436; x_wconf 86' lang='lat'>-</span> <span class='ocrx_word' id='word_1_378' title='bbox 870 4397 978 4468; x_wconf 78' lang='lat' dir='ltr'>quidem</span> <span class='ocrx_word' id='word_1_379' title='bbox 1000 4395 1031 4451; x_wconf 89' lang='lat' dir='ltr'>in</span> <span class='ocrx_word' id='word_1_380' title='bbox 1054 4413 1147 4452; x_wconf 87' lang='lat' dir='ltr'>novae</span> <span class='ocrx_word' id='word_1_381' title='bbox 1169 4394 1285 4472; x_wconf 87' lang='lat' dir='ltr'>periodi</span> <span class='ocrx_word' id='word_1_382' title='bbox 1309 4389 1385 4450; x_wconf 84' lang='lat' dir='ltr'>initio</span> 
     </span>
    </p>
   </div>
   <div class='ocr_carea' id='block_1_5' title="bbox 0 0 1484 5028">
    <p class='ocr_par' dir='ltr' id='par_1_10' title="bbox 0 0 1484 5028">
     <span class='ocr_line' id='line_1_43' title="bbox 0 0 1484 5028; baseline 0 0"><span class='ocrx_word' id='word_1_383' title='bbox 0 0 1484 5028; x_wconf 95' lang='lat' dir='ltr'> </span> 
     </span>
    </p>
   </div>
  </div>
 </body>
</html>
