3018 5052
388 431 432 476 nr
455 430 535 478 nnn.
557 431 619 477 me.
642 431 676 478 ιν
698 431 770 478 cnr.
797 435 868 482 1-2.
1098 413 1163 480 483

96 600 307 683 superioribus
329 599 508 679 dissideret,
529 617 662 681 quorum
683 598 741 664 tun
761 583 842 666 heeo¹
859 599 1025 679 institutio,
1047 600 1079 665 in
1100 619 1164 682 qun

95 703 325 770 animadvertas
351 701 456 781 velim,
489 701 564 783 quid
595 702 775 767 mutandum
802 710 907 783 putes,
929 719 985 767 nee
1011 709 1164 784 expectes,

96 807 170 871 dum
192 805 234 870 ed
254 803 357 870 omnio
377 803 486 883 dicam,
508 821 629 885 queen
650 809 681 870 te
702 804 785 869 dioto
805 811 893 884 sunt;
916 803 1060 869 universe
1082 804 1163 870 enim

95 907 218 972 illorum
239 906 360 972 ratione
381 923 450 970 nnn
471 910 537 971 tota
558 913 664 972 vestre
685 904 911 988 confligendum
932 911 1017 987 puto.
1050 907 1079 970 4.
1103 906 1163 984 Qui

96 1028 164 1074 eum
186 1009 337 1088 viderent,
358 1007 402 1073 ito
422 1025 481 1072 nos
503 1025 572 1072 esee
592 1012 693 1087 neme,
715 1013 751 1072 ut
771 1013 804 1073 et
824 1007 1025 1073 communiter
1046 1009 1086 1072 ed
1109 1025 1163 1072 eos
1180 1011 1201 1075 5

165 1235 187 1280 2.
210 1228 357 1296 [mem
373 1227 424 1295 nh]
439 1235 508 1294 prater
526 1227 661 1278 mmmmm
680 1227 788 1280 tenor.
823 1233 847 1278 8.
865 1238 920 1279 unte
940 1227 1078 1297 [Alssbl'c
1112 1229 1165 1278 uni·

96 1299 407 1350 verm—ratmont
444 1296 741 1348 summiserint}

181 1487 255 1565 Cap.
277 1489 319 1560 11,
344 1488 371 1545 3.
404 1506 518 1563 quorum
532 1490 591 1562 suit
613 1488 677 1546 lmeo
698 1483 843 1568 mentatio)
865 1487 961 1546 Penio
983 1487 1102 1546 brevius
1123 1489 1164 1544 iu·

96 1577 256 1634 stitutionem
277 1573 354 1632 dixit
374 1573 541 1630 universnm
563 1571 688 1631 formem
710 1573 882 1650 disciplinae
898 1580 929 1630 et
939 1572 1164 1648 descriptionem

97 1659 272 1732 institutam,
291 1657 632 1736 quemadmodum§19:
654 1659 689 1716 ab
701 1659 751 1718 hoo
761 1661 874 1734 mn'quo
884 1661 1072 1717 emmennone.
1100 1659 1164 1716 Mu-

96 1747 207 1804 tandum
215 1755 294 1820 pnteo
315 1745 404 1802 etiem
415 1743 493 1819 Spir.
516 1741 558 1822 [B
578 1752 613 1801 ut
632 1741 703 1822 EhJ,
726 1744 791 1802 edd.
803 1743 883 1804 Cret
894 1755 925 1806 et
934 1744 1028 1815 viere
1050 1751 1165 1802 eoteree

95 1832 221 1888 inverse.
248 1831 320 1888 Mox
343 1829 373 1887 in
394 1829 555 1906 archetypo
566 1828 623 1888 iuit
633 1839 694 1888 anm
704 1831 778 1888 doma
799 1829 847 1908 (nt
856 1830 887 1888 in
899 1825 969 1908 ξχψ,
991 1827 1164 1889 Gziiomni·

96 1917 158 1988 bus,
183 1911 267 1996 [Β]);
289 1923 368 1974 reete
389 1922 457 1991 post
477 1915 506 1972 R
527 1915 667 1991 seriptum
683 1915 902 1974 estsMnnutio
914 1925 945 1974 et
954 1915 1060 1974 ceteris
1071 1914 1164 1973 omni·

96 2003 157 2060 bus.
181 2001 317 2060 Alterum
329 2001 358 2058 h.
370 2000 389 2058 l.
408 2000 572 2058 necessario
588 2001 769 2077 superiorem
789 2000 883 2078 ipsine
894 2000 1045 2061 Ciceronis
1055 1999 1164 2058 oratio-

96 2105 160 2145 nem
180 2087 407 2156 demonstrarem
429 2085 483 2144 eir.
504 2085 542 2144 ed
564 2091 579 2156 ξ
603 2087 658 2156 243
681 2089 696 2156 ξ
720 2086 759 2144 73
782 2087 949 2144 oberratum
970 2103 1029 2144 non
1051 2094 1104 2143 est

181 2175 210 2230 4.
238 2171 292 2241 Qut
311 2191 370 2230 oum
391 2173 509 2230 uiderem
524 2169 594 2248 eet)
615 2171 663 2230 Ito
673 2172 749 2229 hono
765 2172 980 2247 expositionem
990 2170 1166 2247 promiserat

97 2259 152 2316 illis
177 2257 290 2316 verbis:
311 2277 425 2332 quonam
440 2259 499 2332 snit
517 2257 581 2314 haee
599 2260 736 2328 intorno,
759 2266 792 2314 ut
813 2266 1019 2334 expectaretur
1039 2256 1165 2314 liberum

97 2343 238 2402 orationis
260 2343 375 2401 initium
397 2341 469 2421 (oum
490 2344 609 2400 erant
630 2341 714 2420 oet);
737 2342 788 2400 sed
810 2359 876 2400 eum
898 2343 1052 2401 interiecto
1067 2349 1167 2400 essent

97 2429 158 2486 illo:
184 2433 211 2486 in
233 2447 289 2504 quo
309 2429 509 2486 arrimacleertoe
530 2437 585 2486 eet
608 2428 794 2504 positumque
817 2430 954 2486 illorum
975 2429 1090 2499 renone,
1118 2427 1165 2484 his

97 2513 200 2574 Cioero
223 2514 316 2590 ipsius
327 2513 521 2589 expositionis
532 2513 821 2588 exordiunrreletivo
832 2514 1004 2591 pronomine
1021 2512 1165 2570 edinnxit

97 2600 148 2658 Est
169 2599 335 2658 heeoillius
346 2599 471 2675 generis,
494 2599 523 2656 in
541 2599 619 2674 quod
635 2597 805 2674 frequenter
815 2599 926 2672 incidit,
948 2608 991 2671 ut,
1014 2598 1164 2674 superiore

97 2694 124 2743 et
144 2685 287 2762 primerio
308 2684 449 2742 orationis
470 2681 565 2741 forme
586 2685 730 2760 neglecte,
752 2685 790 2742 ed
811 2703 860 2756 ee,
894 2703 969 2759 quoe
991 2683 1165 2760 interposito

97 2771 161 2842 sint,
193 2771 308 2845 reliquo
329 2769 536 2833 accommodet,
559 2769 672 2846 speeies
694 2788 754 2828 uno
775 2789 791 2827 e
813 2770 922 2828 multis.
955 2769 1070 2828 Deinde
1093 2787 1165 2843 qno·

98 2857 182 2916 modo
205 2856 296 2914 totius
318 2856 394 2925 eius,
429 2873 503 2930 quoe
531 2854 677 2929 sequitur,
710 2855 824 2931 periodi
851 2855 975 2913 formem
1003 2856 1092 2933 (quae
1121 2853 1164 2910 sio

98 2941 254 3016 procedere
276 2941 415 2998 debebat:
447 2960 507 2998 mem
533 2943 652 2998 moment
679 2943 717 2998 ito
744 2960 792 2998 noe
818 2961 875 2998 eree
901 2951 991 3010 namo,
1019 2949 1049 2996 ut
1075 2950 1100 2996 et
1122 2971 1163 2980 —

97 3032 153 3102 opti
172 3047 299 3097 eorunm,
322 3059 363 3068 -
385 3035 409 3082 rt
430 3045 477 3083 eoo
499 3030 574 3102 ipsae
590 3035 833 3102 -appeterernm
857 3027 1101 3096 tolerernusetiam
1112 3059 1164 3096 —,

98 3123 175 3170 totum
203 3111 273 3187 eet.)
301 3110 405 3171 Gioero
432 3111 591 3168 mutaverit
617 3111 760 3169 dissoluta
786 3111 958 3187 partitione,
987 3110 1096 3168 dietum
1120 3119 1165 3167 eet

98 3198 125 3253 in
147 3216 274 3256 exeursu
296 3197 334 3254 ed
356 3197 381 3266 1,
406 3196 445 3254 23
468 3195 554 3274 (IX).
597 3195 729 3256 Conotur
746 3195 850 3256 Cicero
872 3196 1036 3268 ostendere,
1059 3194 1164 3270 triper-

99 3283 178 3340 titem
209 3282 413 3359 philosophiae
440 3281 629 3354 divisionem,
663 3300 751 3357 quem
774 3281 883 3342 Sextus
905 3282 991 3358 Emp.
1013 3281 1076 3340 VII
1097 3280 1163 3337 edv.

98 3368 188 3426 nath.
214 3371 251 3426 16
275 3367 436 3426 Xenocrati
459 3376 489 3425 et
509 3366 715 3443 Peripateticis
736 3367 840 3424 tribuit
867 3363 951 3447 (nem
969 3365 1164 3442 nequePloto

99 3471 190 3528 neque
213 3453 390 3512 Aristoteles
412 3453 469 3528 ipsi
491 3453 533 3511 ite
555 3451 730 3528 descriptam
753 3452 932 3524 habuerunt,
961 3452 1016 3510 etsi
1038 3452 1068 3510 id
1089 3449 1165 3509 infe·

98 3538 181 3598 rioris
192 3539 298 3597 aetatis
309 3539 466 3615 scriptores
478 3537 596 3613 quidem
609 3538 727 3595 tradunt
738 3546 768 3596 et
777 3537 841 3614 ipse
848 3537 952 3597 Cioero
960 3537 1053 3595 Acori
1066 3538 1091 3609 I,
1102 3533 1164 3616 19),

99 3641 133 3680 ex
154 3625 300 3683 humenoe
321 3633 443 3681 nemroe
465 3623 616 3681 elementis
638 3633 731 3680 ortum
753 3641 827 3681 esse.
859 3623 1003 3700 Physieee
1015 3632 1113 3681 temen
1135 3631 1166 3680 et

100 3709 266 3768 dislsotiooe
299 3709 442 3788 originem
474 3708 657 3785 perbreviter
695 3717 725 3766 et
757 3709 950 3766 communiter
987 3707 1165 3785 significarit

100 3793 209 3864 (holm
229 3799 308 3854 etiam
318 3799 427 3854 mertun
437 3796 576 3868 quondum
586 3795 759 3870 cupiditatem
768 3793 916 3870 scientae),
940 3811 1062 3868 eamque
1074 3791 1164 3869 signi-

100 3880 261 3940 fiootionem
283 3880 409 3938 medinm
431 3880 608 3956 interposuit
628 3879 705 3937 iuter
727 3898 771 3951 eo,
794 3899 870 3954 quoe
892 3879 929 3936 erl
945 3879 1085 3937 moralem
1096 3896 1164 3954 por·

101 3975 155 4023 tem
177 3967 340 4042 pertinent;
368 3984 404 4022 ee
425 3966 502 4022 enim
524 3965 694 4022 societatem
716 3965 832 4042 generis
854 3965 974 4022 humani
995 3963 1164 4040 complecti·

101 4059 152 4108 tnr.
196 4051 331 4112 Virtutes
352 4042 450 4108 eutem
476 4059 632 4128 postquem
660 4050 734 4108 duos
760 4050 937 4122 nominavit,
970 4049 1111 4108 iustitium
1133 4057 1164 4105 et

101 4137 330 4214 temperantiam,
344 4137 427 4194 eddit
436 4146 538 4194 ceterae
549 4137 667 4194 ermom
675 4133 843 4214 penoris(sie
856 4136 933 4192 enim
944 4154 999 4212 pro
1009 4145 1165 4208 ceteraeque

102 4220 190 4280 Gzius
213 4221 301 4280 etiem
324 4241 340 4279 e
363 4221 441 4297 Spir.
463 4218 558 4302 [AB],
581 4220 634 4280 cfr.
658 4219 697 4279 et
721 4229 751 4278 et
771 4222 810 4293 V,
836 4219 903 4296 18),
937 4239 1010 4296 ques
1032 4219 1163 4296 proclive

102 4319 143 4365 est
163 4309 236 4366 dnus
257 4307 386 4382 reliques
407 4326 425 4364 e
447 4315 585 4382 quattuor
607 4306 764 4383 primariis,
791 4306 977 4383 prudentiam
995 4314 1026 4365 et
1045 4305 1164 4365 fortitu·

103 4392 205 4466 (linem,
227 4393 405 4470 intellegere,
428 4403 461 4451 ut
483 4392 576 4452 Grius
598 4391 678 4450 feeit
722 4392 849 4452 Videtur
870 4400 968 4450 temen
990 4391 1061 4450 milti
1083 4391 1163 4449 uliud

909 4509 959 4563 ³1*
