3034 5030
339 375 403 439 362
732 395 777 439 ne
800 395 931 442 sturnus
953 395 1024 441 sos.
1067 367 1071 378 “

340 560 401 624 iam
424 567 515 638 esset,
538 562 565 626 si
586 559 717 642 viveret)
748 568 780 626 et
801 561 949 626 Lucullus
977 563 1050 627 mihi
1078 569 1223 628 versatur
1249 575 1322 628 ante
1344 583 1426 628 ocu-

413 770 435 818 l.
454 773 544 815 etcum
562 764 676 816 Lucrdhoe
696 765 715 814 l.

735 957 765 1014 A
1279 958 1305 1015 B

345 1062 493 1077 ...-
698 1047 1156 1088 —l——uu———q
1179 1049 1410 1086 α-ιόἪ-ι-

369 1091 404 1163 Q.
429 1090 573 1151 Servilius
637 1091 773 1162 Servilia,
796 1110 872 1167 quae
904 1091 1040 1162 Servilia,
1064 1111 1139 1166 quae
1162 1094 1203 1152 M.
1220 1093 1345 1150 Porcius
1364 1093 1425 1152 Ca-

363 1177 484 1251 Caepio,
510 1177 577 1234 trib.
670 1177 770 1252 nupsit
792 1178 833 1235 M.
972 1177 1071 1253 nupsit
1163 1189 1203 1250 to,
1228 1179 1278 1252 qui
1297 1178 1425 1237 Uticen-

342 1262 468 1318 militum
521 1261 599 1319 bello
647 1262 734 1319 Iunio
757 1263 859 1319 Brute.
924 1263 959 1319 L.
983 1263 1116 1319 Lucullo.
1163 1264 1203 1322 sis
1236 1264 1331 1320 dictus
1367 1275 1424 1320 est.

626 1347 882 1356 ,--...--

343 1344 882 1424 81¹⁸rt20i(1’111t·u.1uniuseru
904 1365 967 1442 (ι.)
998 1366 1139 1422 nucuuus

343 1431 600 1508 086ΜΝ)1180
627 1455 684 1520 tirs
715 1451 765 1524 qui
793 1450 883 1506 inter·
966 1447 1078 1530 (puer).

345 1516 511 1592 multopost
524 1537 600 1574 mor
627 1535 695 1591 dum
719 1535 754 1608 Q
772 1536 884 1610 Caepio

342 1613 410 1659 tuus
439 1599 512 1679 (ibd.
539 1597 601 1681 11).
692 1619 806 1676 dicjmr

343 1705 388 1760 De
402 1703 503 1761 Liviae
522 1704 632 1779 nuptiis
649 1705 733 1762 testis
750 1715 795 1762 est
805 1704 1004 1762 Plutarchus
996 1725 1025 1761 m
1038 1705 1102 1764 Cat.
1115 1705 1187 1762 Min.
1200 1722 1224 1761 c.
1237 1707 1250 1760 l
1277 1715 1315 1762 et.
1339 1705 1423 1778 quod

341 1790 379 1846 ad
402 1787 559 1848 Servilium
584 1789 702 1854 attinet
732 1791 792 1846 Dio
814 1789 949 1848 Caeam
966 1789 1070 1866 fragm
1083 1789 1423 1865 Peiresc.p.45Re1m

342 1873 393 1966 [fr.
407 1875 445 1930 96
460 1870 567 1972 Bekh]
590 1873 640 1950 (de
654 1875 694 1932 Μ.
707 1876 806 1932 Druso
829 1875 941 1931 minore
964 1875 1052 1968 etQ
1076 1873 1239 1950 Caepione:
1269 1865 1346 1930 ι”6ιαν
1371 1866 1422 1929 oil-

342 1944 442 2033 lp'locc
465 1952 616 2033 illlpav'
602 1977 631 2014 εκ
653 1953 754 2032 φιλιας
773 1956 883 2033 πολλῆς
906 1948 955 2014 uui
979 1945 1080 2034 γάμων
1104 1953 1268 2034 ἕπαλλαγῆς
1294 1941 1422 2032 ποιησά-

341 2039 448 2120 μενοι)
472 2061 558 2116 quem
571 2043 624 2114 illi,
648 2044 699 2118 qui
721 2044 758 2099 de
770 2044 825 2100 hac
837 2043 1011 2119 cognatione
1022 2052 1145 2118 egerunt
1162 2053 1229 2117 post
1241 2043 1422 2098 Manutiunr.

342 2146 377 2184 eo
401 2128 496 2184 minus
518 2120 673 2204 neglegere
696 2129 875 2197 debuerunt,
909 2130 987 2202 quod
1015 2147 1052 2185 ex
1075 2149 1111 2186 eo
1132 2129 1198 2185 loco
1222 2125 1420 2184 certissimum

342 2221 401 2282 est,
430 2213 495 2286 quis
524 2212 635 2288 Caepio
663 2213 861 2288 intellegatur.
911 2209 1146 2294 (Freinshemius
1169 2213 1188 2269 l.
1213 2231 1237 2269 c.
1261 2213 1421 2268 verborum

341 2297 458 2366 Dionis,
481 2315 518 2354 ex
541 2299 647 2372 quibus
669 2309 802 2374 apparet,
826 2299 956 2356 Drusum
979 2299 1068 2356 etiam
1091 2317 1127 2355 ex
1151 2297 1311 2373 Caepionis
1332 2295 1422 2354 fami·

343 2381 382 2438 lia
404 2400 528 2440 uxorem
550 2383 670 2441 duxisse
693 2393 723 2440 et
745 2384 807 2440 sine
830 2384 920 2440 dubio
948 2402 1078 2441 sororem
1107 2383 1279 2458 Caepionis,
1313 2381 1421 2438 miram

342 2467 614 2542 interpretationem
638 2469 780 2542 sequitur,
804 2487 822 2524 a
844 2467 976 2538 valesio,
998 2469 1049 2542 qui
1060 2468 1092 2525 in
1104 2485 1169 2526 eam
1180 2467 1334 2526 incideret.
1358 2465 1422 2524 lere

342 2553 550 2628 repudiatam.)
593 2554 699 2628 Itaque
727 2553 861 2628 superior
883 2554 999 2610 Drusus
1027 2553 1149 2612 Catonis
1177 2571 1251 2610 avus
1273 2551 1383 2609 dicitur
1405 2571 1423 2607 a

343 2636 485 2696 Cicerone
508 2638 595 2696 huius
617 2639 716 2714 operis
738 2638 804 2696 libr.
827 2639 883 2706 IV,
909 2640 958 2708 66,
982 2639 1078 2696 minor
1100 2640 1163 2696 eius
1179 2637 1344 2694 avunculus
1367 2656 1422 2713 pro

343 2723 406 2778 Mil.
434 2725 481 2790 16,
505 2723 640 2797 idemque
664 2724 749 2781 Bruti
772 2742 894 2800 rnagrrus
922 2724 1085 2780 avunculus
1113 2724 1196 2781 Brut.
1227 2723 1299 2778 222.
1353 2721 1422 2781 Ser-

343 2808 443 2864 viliam
469 2808 644 2865 Plutarchus
667 2809 718 2866 illo
741 2809 806 2865 loco
829 2827 917 2865 unam
940 2807 1021 2878 facit,
1045 2827 1069 2865 c.
1094 2811 1134 2866 24
1159 2807 1314 2884 perspicue
1337 2807 1421 2863 duas.

343 2892 379 2948 Iu
402 2893 486 2950 Brut.
511 2893 528 2949 2
552 2903 582 2951 et
605 2894 622 2949 5
647 2893 731 2950 Bruti
755 2902 862 2964 mater,
885 2893 915 2950 in
938 2893 1003 2952 Cat.
1027 2894 1099 2950 Min.
1124 2895 1164 2950 54
1187 2902 1216 2950 et
1240 2890 1354 2949 Lucull.
1380 2892 1420 2948 38

344 2975 458 3034 Luculli
483 2997 558 3034 uxor
579 2978 622 3035 sic
633 2979 810 3045 nominatur,
832 2989 875 3048 ut,
897 2997 986 3035 unam
998 2996 1036 3035 an
1047 2980 1121 3036 duas
1132 2977 1310 3035 Plutarchus
1327 2987 1421 3051 putet.

344 3081 401 3118 non
424 3063 588 3138 dignosces.
624 3063 682 3122 Sed
706 3063 778 3120 duas
800 3063 902 3134 fuisse,
926 3063 1063 3134 ostendit,
1087 3064 1166 3137 quod
1188 3081 1243 3119 nec
1254 3062 1302 3118 hic
1314 3060 1421 3119 Cicero

342 3147 467 3204 Brutum
496 3148 611 3205 Luculli
645 3149 728 3223 pueri
761 3148 883 3205 fratrem
917 3148 1063 3204 uterinum
1097 3147 1189 3205 fuisse
1216 3147 1364 3223 significat
1393 3155 1421 3202 et

344 3232 473 3308 Philipp.
502 3233 542 3303 X,
568 3235 586 3290 8
615 3241 727 3290 tantum
757 3233 953 3309 propinquum
982 3233 1045 3290 eius
1072 3233 1218 3308 appellem
1252 3229 1420 3288 consobrini

344 3317 433 3392 igitur
456 3331 547 3374 erant.
582 3317 679 3394 (Duas
703 3318 946 3376 Serviliasetiam
958 3317 1321 3375 Drumennusfacitllist.
1334 3317 1420 3372 Rom.

344 3403 388 3458 lV
401 3423 429 3478 p.
445 3403 513 3459 174.
541 3403 648 3460 Altera
660 3413 800 3478 nupserat
812 3403 900 3460 etiam
913 3403 951 3460 D.
965 3402 1085 3472 Silano;
1108 3422 1136 3459 v.
1158 3403 1238 3460 Plut.
1262 3400 1327 3460 Cat.
1347 3401 1420 3458 Min.

345 3487 409 3560 21.)
454 3487 578 3544 Brutum
602 3489 669 3544 inde
693 3487 728 3560 Q.
751 3487 931 3563 Caepionem
955 3488 1136 3563 appellatum
1156 3485 1421 3564 probabilitersta·

343 3580 438 3641 munt,
462 3573 540 3646 quod
562 3573 599 3630 ab
622 3574 769 3629 avunculo
792 3573 827 3646 Q.
851 3573 1000 3648 Caepione
1023 3573 1083 3630 tilio
1106 3579 1281 3630 testamento
1298 3569 1420 3646 adopta-

344 3667 391 3713 tus
414 3657 465 3715 sit.
494 3657 548 3714 etsi
572 3657 603 3714 id
624 3657 733 3714 factum
758 3677 822 3715 esse
850 3676 945 3732 neque
967 3656 1039 3714 alibi
1062 3657 1170 3714 dicitur
1191 3675 1286 3730 neque
1309 3673 1327 3712 a
1350 3654 1420 3712 Plu·

346 3742 447 3812 tarcho
470 3741 550 3820 (Cat.
569 3742 640 3799 Min.
657 3739 725 3822 tl),
760 3743 810 3817 qui
833 3742 993 3818 Caepionis
1016 3743 1208 3800 hereditatem
1230 3742 1308 3798 inter
1330 3740 1418 3796 tiliam

344 3838 374 3882 et
396 3825 548 3896 Catonem,
572 3826 694 3884 fratrem
717 3829 874 3898 uterinum,
899 3827 1023 3885 divisam
1046 3827 1157 3884 scribit.
1201 3827 1265 3883 Iam
1293 3825 1419 3901 primum

344 3912 503 3986 quaeritur,
527 3913 577 3968 ubi
601 3911 705 3971 Cicero
728 3913 799 3970 dicit
825 3915 952 3988 Caepioni
973 3923 1071 3980 nostro,
1095 3925 1202 3982 utrum,
1225 3911 1420 3984 quodManu-

346 3997 404 4054 tius
426 4006 520 4072 putat,
544 3997 667 4055 Catonis
689 3996 792 4096 frater3
814 3997 897 4073 pueri
920 3997 1084 4054 avunculus
1106 3996 1296 4072 intellegatur
1317 4012 1356 4050 an
1380 3995 1419 4051 M.

345 4081 464 4151 Brutus,
488 4083 681 4140 consobrinus
709 4083 808 4158 pueri,
842 4083 921 4156 quod
951 4081 1139 4141 Schuetzium
1167 4091 1296 4140 statuere
1323 4078 1419 4144 video

346 4176 455 4222 motum
478 4165 604 4224 fortasse
627 4186 676 4237 eo,
711 4167 789 4241 quod
817 4179 907 4224 nostro
934 4168 970 4224 de
993 4167 1062 4223 vivo
1086 4166 1266 4224 commodius
1288 4165 1418 4221 additum

345 4249 503 4307 videretur.
548 4251 607 4310 Sed
629 4253 716 4328 longe
739 4261 868 4327 praestat
891 4252 1018 4310 Manutii
1042 4252 1202 4320 sententia;
1225 4267 1319 4324 neque
1343 4250 1419 4306 enim

345 4334 383 4390 ad
405 4335 529 4392 Brutum
552 4337 682 4394 scribens
706 4337 856 4395 Cicero*
833 4357 895 4394 erne
918 4355 1025 4414 magna
1047 4333 1347 4414 ambiguitatisculpa
1363 4333 1419 4391 alio
