3018 5052
373 383 439 446 49⁶2
761 401 806 447 nn
827 399 958 450 munus
979 401 1051 448 aon.

376 569 524 650 captiosis
546 569 838 650 interrogationibus
859 569 1088 636 dissimssitudot
1127 569 1216 648 Quid,
1238 569 1320 650 quod
1340 565 1426 649 pluri·

375 672 436 736 bus
458 671 532 736 locis
553 671 643 753 quasi
665 671 863 750 denuntiant,
896 679 932 736 ut
959 689 1058 753 neque
1085 689 1230 737 sensuum
1253 669 1346 736 iidem
1372 669 1427 733 sinc

377 773 498 838 ratione
530 790 586 838 nec
618 763 746 838 rebonis
779 773 846 838 sine
880 773 1022 839 sensibus
1054 773 1249 855 exquiramus
1281 781 1373 853 atque
1400 776 1427 832 ut

376 893 485 940 eorum
506 875 637 940 altentm
659 875 698 939 ab
720 874 818 940 altero
845 893 883 938 aa
909 877 1110 957 separemus?
1153 875 1258 952 Quid?
1279 892 1329 952 ea,
1361 889 1427 954 quae

339 981 359 1046 5
378 977 528 1042 dialectici
551 994 631 1040 nunc
642 977 771 1041 tradunt
780 983 812 1042 ct
820 977 943 1058 docent,
964 976 1335 1043 nonneabillisinstituta
1347 979 1428 1042 sont?

451 1153 470 1196 1.
485 1146 633 1212 plurimisll
668 1152 691 1196 8.
711 1147 914 1199 socratesne
947 1149 997 1200 aiae
1015 1161 1062 1200 om.
1080 1146 1150 1215 [A]ll
1184 1155 1209 1196 ut
1226 1162 1276 1197 om.
1294 1145 1336 1196 Or.
1370 1153 1393 1192 4.
1407 1158 1429 1190 ιιι

378 1231 427 1267 ont.
446 1229 539 1276 omnes,
558 1215 603 1266 Or.

378 1374 475 1450 ipsum
497 1372 670 1430 concludere
691 1372 762 1430 alibi
774 1373 890 1445 dicitur,
913 1374 964 1431 sed
976 1373 1118 1444 concludi,
1140 1390 1234 1446 nequa
1250 1370 1363 1428 ratione
1373 1387 1429 1426 con-

379 1459 507 1529 eludere‚
530 1458 581 1515 sed
603 1457 746 1515 rationem
769 1459 840 1536 (vid.
864 1460 902 1517 ad
923 1460 948 1532 Ι,
973 1459 1041 1534 30);
1063 1459 1114 1516 sed
1135 1465 1306 1534 argumenta
1327 1453 1430 1514 conclu·

380 1543 479 1602 dentia
501 1541 604 1602 Cicero
627 1541 770 1618 appellat,
805 1563 879 1619 quae
903 1543 1118 1602 conclusionem
1140 1543 1310 1600 contineant
1330 1551 1360 1599 et
1380 1537 1431 1595 effi·

381 1629 474 1698 ciant,
509 1634 609 1685 ratiove
635 1628 730 1701 addit,
765 1639 798 1686 nt
830 1640 908 1687 recte
937 1639 966 1686 et
992 1649 1061 1687 vere
1087 1628 1195 1685 iactam
1228 1627 1429 1685 conclusionem

380 1714 541 1790 distinguat
562 1734 580 1772 a
602 1714 742 1788 captiosa.
770 1715 919 1792 Cogitavit
930 1715 1033 1776 Cicero
1051 1714 1086 1771 da
1097 1713 1267 1772 Aristotelis
1279 1707 1431 1788 Analyticis

381 1811 410 1857 et
432 1799 507 1857 libro
529 1787 594 1872 περὶ
617 1797 793 1873 σοφιστικῶν
814 1795 941 1876 ἐλέγχων.
976 1801 1078 1860 Oratio
1099 1799 1188 1874 paulo
1199 1798 1347 1857 duriorem
1357 1795 1431 1854 omis·

383 1885 493 1942 sionem
516 1883 600 1942 verbi
622 1884 719 1956 babet,
743 1903 808 1942 cum
830 1885 861 1942 in
883 1885 981 1962 priore
1003 1885 1132 1942 membro
1144 1883 1431 1960 magisintellegatun

382 1969 554 2028 varietatem
576 1969 652 2026 hanc
673 1969 822 2028 inventam
833 1971 871 2029 ab
888 1971 947 2029 illis
959 1989 1031 2040 esse,
1054 1971 1084 2027 in
1097 1969 1233 2040 secondo,
1245 1969 1288 2026 ita
1299 1968 1430 2026 traditam·

382 2065 415 2114 ut
436 2055 523 2112 simul
545 2054 751 2113 dissimilitudo
767 2057 972 2133 explicaretur.
1005 2057 1078 2114 Mox
1089 2055 1176 2112 etiarn
1188 2053 1229 2132 [B
1241 2052 1285 2132 et]
1297 2073 1354 2130 mg.
1365 2053 1431 2111 Crat

381 2141 470 2198 habet
488 2143 613 2216 plorabas
635 2141 712 2212 loeis3
734 2142 797 2200 vid.¹
814 2142 852 2199 ad
873 2143 898 2214 Ι,
925 2141 971 2200 15.

467 2245 513 2284 nec
534 2221 657 2307 rationis)
680 2227 820 2286 Mendnm
842 2228 887 2285 ad.
909 2228 1020 2304 primae
1041 2225 1103 2285 fere
1124 2226 1275 2282 ooomnss
1290 2233 1356 2281 ante
1367 2221 1432 2281 (tm-

382 2321 476 2368 terom
498 2321 691 2388 propagatum
708 2322 761 2370 est.
788 2315 819 2371 Is
836 2313 968 2372 correxit.
980 2331 1017 2370 ex
1028 2311 1162 2371 omnibus
1173 2309 1250 2369 Pall.
1272 2309 1351 2388 [Siste
1361 2305 1433 2366 omit

383 2396 420 2454 tit
441 2396 529 2453 etiam
550 2397 591 2467 B3
612 2398 762 2456 exciderat
783 2400 814 2456 in
835 2399 995 2475 archetypo
1010 2406 1130 2474 propter
1149 2395 1329 2473 syllabarum
1344 2389 1433 2452 simili·

382 2481 522 2538 tudinem.
545 2483 789 2542 Denuntiationes
806 2484 872 2542 illas
884 2483 989 2544 Cicero
1005 2484 1067 2540 sine
1079 2482 1169 2540 dubio
1180 2481 1259 2557 apud
1267 2479 1432 2538 Antiochum

384 2566 496 2642 legerat
512 2567 621 2626 similas
637 2566 700 2626 fere
716 2568 762 2640 iis,
781 2589 856 2644 qnae
873 2571 909 2627 de
927 2569 1088 2627 Platonicis
1105 2568 1213 2627 Sextus
1231 2566 1342 2642 Empir.
1358 2564 1433 2622 habet

384 2652 450 2708 adv.
474 2653 612 2709 Matbam.
635 2654 706 2723 vn,
723 2655 781 2712 143
794 2665 824 2712 at
838 2658 907 2726 144,
930 2655 966 2712 de
978 2652 1183 2729 Peripateticis
1196 2653 1256 2709 217
1270 2669 1341 2726 sqq.5
1358 2641 1433 2720 ilii]

469 2747 550 2812 atquc
579 2748 608 2795 ot
634 2758 723 2796 eoram
743 2775 785 2782 —
807 2760 840 2798 ne
866 2737 1033 2817 separantes)
1065 2739 1100 2795 In
1128 2736 1261 2795 codicum
1289 2738 1432 2812 scriptum:

385 2832 466 2896 atquc
495 2833 523 2879 ut
543 2841 633 2880 coa-om
653 2827 767 2882 eliaam
787 2827 822 2882 ab
843 2827 928 2883 abero
948 2843 1101 2900 separemus
1128 2823 1312 2898 apertissime
1334 2829 1433 2880 conut-

384 2907 460 2964 riutn
483 2907 598 2979 dicitnr,
622 2917 710 2984 atque
732 2911 833 2981 dabet;
866 2912 966 2985 iteoua
988 2910 1057 2968 olim
1079 2909 1214 2979 Marsus„
1239 2909 1334 2970 Iunta.
1356 2907 1433 2968 crat.

385 3012 478 3068 nuper
500 2993 607 3056 Gaius.
641 3013 765 3070 sequens
793 2997 985 3072 paucissimos
1014 3004 1045 3053 et
1064 2995 1158 3052 malos
1179 2994 1296 3051 codices
1317 2993 1391 3070 (Pal
1411 2987 1433 3046 3·

386 3079 464 3150 Bas,
488 3079 567 3138 Gud.
593 3079 638 3156 1),
667 3091 696 3138 ut
717 3082 898 3140 sustulerunt
919 3091 1007 3156 atque
1028 3081 1085 3138 hoc
1106 3079 1308 3155 superioribus
1329 3070 1434 3147 adinugi

385 3165 540 3222 voluerunt
567 3165 622 3224 hac
643 3167 802 3224 sententia:
834 3176 922 3242 atque
944 3167 986 3224 sio
1008 3184 1108 3223 eorum
1132 3183 1370 3240 -separemus
1406 3155 1434 3215 Id

385 3249 484 3325 aliquo
507 3251 593 3308 modo
614 3251 686 3309 ferri
707 3261 832 3328 poterat,
855 3253 881 3310 si
898 3252 1032 3328 superior
1042 3251 1136 3308 oratio
1147 3249 1316 3327 negativam
1325 3248 1434 3307 formam

386 3336 509 3394 haberet
530 3335 708 3414 (ἀειιιιιιιὶαιιι,
731 3349 822 3396 mant
843 3371 884 3380 -
905 3336 976 3414 out),
998 3345 1032 3394 ut
1053 3337 1098 3394 vis
1120 3335 1283 3412 particulae
1305 3355 1337 3392 ae
1359 3327 1434 3409 porti·

385 3430 469 3478 naret
489 3422 527 3479 ad
548 3433 643 3498 atquc,
671 3423 727 3480 etsi
748 3423 790 3480 sio
812 3441 929 3497 qnoque
950 3423 1057 3481 Latina
1078 3421 1258 3479 consvetndo
1281 3421 1377 3496 potius
1395 3431 1435 3472 ne·

385 3506 483 3583 gative
505 3507 581 3565 hano
602 3508 850 3566 continuationem
873 3508 992 3585 adiungi
1014 3507 1136 3564 iuberet.
1179 3506 1268 3564 Nunc
1290 3525 1355 3564 cum
1371 3501 1435 3561 affir-

386 3593 526 3651 mativam
548 3592 672 3651 ioamam
695 3595 777 3669 prior
797 3593 1248 3669 sententiahaboatfflamntiaat,
1271 3591 1325 3668 aa),
1347 3584 1435 3647 deinde

386 3679 522 3754 negative
544 3678 693 3737 dividatur
719 3676 816 3757 (neque
845 3713 885 3720 -
913 3678 988 3755 aec),
1022 3696 1142 3755 prorsus
1168 3677 1221 3734 illa
1248 3671 1436 3754 interpretatio

386 3764 535 3822 avertitur.
567 3767 678 3823 Verum
701 3763 775 3821 vidit
785 3764 955 3836 Lambinus,
976 3764 1150 3840 particulam
1171 3765 1339 3839 negativam
1361 3757 1436 3818 verb⁰

386 3849 552 3907 adiunctam
575 3850 727 3908 excidisse.
754 3844 909 3930 (Davisius
931 3869 1014 3924 nepta
1035 3849 1146 3925 eoram.)
1190 3849 1437 3920 Patareaque

386 3935 464 3992 niam
487 3934 606 3993 dicitur:
629 3938 762 4007 denotatio,
789 3945 820 3992 ot
840 3955 872 3993 nc
887 3938 995 4010 sociae,
1023 3953 1097 3992 non:
1119 3945 1148 3991 ut
1163 3955 1214 3991 ιιοιι
1237 3929 1308 4013 (cfr.
1330 3933 1437 4018 Wesenj

387 4020 504 4097 bergius
515 4022 639 4080 Observ.
662 4021 747 4080 Critt
758 4021 796 4078 ad
807 4029 880 4078 orat.
892 4040 945 4097 pro
958 4022 1034 4081 Sest.
1045 4040 1074 4096 p.
1088 4016 1155 4100 36),
1167 4015 1439 4106 scribendumvidetl

386 4107 493 4188 possit:
516 4117 545 4164 ut
560 4127 623 4164 saeve
643 4127 768 4164 sensuam
791 4139 832 4148 —
848 4125 898 4164 nete
919 4110 1039 4164 rationis.
1077 4105 1117 4163 Et
1138 4114 1201 4163 erat
1223 4123 1294 4162 sane
1311 4105 1341 4161 id
1358 4099 1438 4177 legit·

386 4210 480 4260 mum;
503 4201 648 4250 servatam
670 4211 786 4268 semper
807 4210 870 4249 esse
881 4193 1012 4268 regulam
1034 4193 1064 4249 in
1087 4192 1142 4248 hac
1164 4190 1344 4248 diiunctione
1366 4199 1439 4260 negt·
1490 4231 1491 4280 Ῑ

387 4276 484 4348 tionis,
506 4297 564 4335 non
587 4277 680 4336 audeo
703 4276 858 4334 affirmare.
903 4277 998 4355 [Lael.
1022 4278 1072 4346 40,
1095 4275 1153 4336 Off.
1175 4272 1308 4352 11,185.]
1417 4353 1422 4364 .
1490 4285 1491 4370 l

471 4365 591 4421 imtituta
612 4371 692 4421 suat!
714 4361 833 4441 [inventa
855 4361 964 4442 seulfi)
983 4363 1101 4421 Retinui
1124 4381 1188 4419 cnm
1210 4362 1299 4420 Dav..
1323 4357 1398 4434 qnod
1416 4367 1439 4408 1¹¹
1490 4379 1491 4464 )
