2948 5024
331 367 392 432 766
721 387 765 432 us
787 385 919 433 armeus
942 386 1013 432 eos.

328 554 410 620 docti
433 561 464 620 et
484 553 614 632 indocti;
648 556 704 620 sed
733 573 803 620 cum
832 555 1008 620 constiterit
1035 556 1116 620 inter
1143 556 1266 634 doctos,
1303 558 1399 639 quenti

401 746 421 790 1.
440 741 521 792 doctos
539 751 561 792 et
580 741 686 794 sbdoctos
704 741 840 797 LPcstOr.

327 951 390 990 cem
413 932 605 992 Cuiecianum
627 944 657 990 et
679 933 869 992 Huraltinum
887 952 1027 1008 sequens3
1050 934 1164 992 accedit
1185 935 1252 992 Pei.
1267 938 1299 1004 6,
1324 954 1400 1010 quem

328 1037 392 1076 cum
425 1019 543 1096 optimis
566 1019 783 1095 conspirantem
806 1019 962 1078 habuimus
986 1025 999 1089 ξ
1026 1019 1066 1076 58
1089 1021 1212 1098 (samaa
1235 1019 1326 1099 trini),
1361 1021 1400 1081 69.
1455 1015 1456 1056 1

327 1107 367 1163 80
380 1105 546 1180 (lotidem),
560 1105 599 1162 87
612 1097 811 1185 (ἀθαμβίαν),
832 1106 871 1163 88
885 1099 1072 1184 (dubitatum),
1096 1115 1139 1176 et,
1164 1125 1200 1162 ne
1222 1107 1260 1164 de
1286 1107 1400 1164 meliore

325 1189 438 1248 familia
450 1190 575 1260 dubites,
599 1190 660 1248 Erl.
674 1187 719 1268 [et
730 1188 786 1268 B];
809 1209 876 1248 nam
889 1189 993 1262 Gzius,
1017 1191 1112 1248 suiad
1135 1201 1305 1250 extremum
1328 1191 1399 1249 simi-

325 1275 371 1348 lis,
395 1295 431 1332 ne
453 1276 502 1333 hic
524 1275 641 1351 quidem
665 1294 779 1333 summa
800 1276 946 1334 editorum
969 1276 1151 1334 dubitatione
1169 1278 1401 1336 admonitnsest.

324 1371 358 1419 ut
379 1380 445 1418 eum
469 1371 499 1418 et
521 1360 599 1438 Spir.
621 1361 781 1438 inspiceret
803 1373 1094 1420 etcommemoraret.
1128 1362 1296 1436 Sententia,
1320 1363 1400 1420 inus

324 1447 423 1504 verbis
445 1447 641 1524 apertissima,
663 1447 706 1504 sic
727 1449 874 1524 procedit:
897 1448 969 1505 Piso
981 1466 1046 1505 cum
1059 1447 1262 1525 indignatione
1279 1451 1400 1508 interrc

324 1543 388 1610 gat:
412 1535 499 1590 Aliter
521 1567 561 1574 -
579 1543 665 1610 putas
687 1543 827 1608 oporteret
854 1552 966 1610 negans
994 1533 1053 1590 tale
1081 1535 1223 1592 sermonis
1246 1535 1399 1593 discidium

325 1629 354 1675 et
377 1617 520 1676 eiusmodi
543 1619 694 1676 nominum
716 1620 890 1696 praestigias
913 1618 1050 1676 ferendas
1078 1639 1151 1676 esse.
1195 1620 1241 1676 De
1272 1621 1397 1697 ipsarum

323 1715 421 1762 rerum
444 1704 539 1780 pretio
561 1705 603 1762 ait
625 1705 703 1761 inter
724 1704 826 1764 doctos
848 1699 1069 1786 (philosophos)
1091 1717 1121 1762 et
1143 1705 1280 1763 indoctos
1293 1707 1398 1764 dissen-

324 1791 435 1847 sionem
459 1807 532 1862 esse,
556 1809 622 1848 curn
645 1790 823 1868 philosophi,
847 1791 918 1865 quid
940 1791 1059 1860 bonum,
1083 1790 1154 1865 quid
1167 1791 1279 1848 rnelum
1303 1787 1352 1862 s'it,
1372 1799 1396 1846 et

324 1887 466 1951 quantum
489 1876 626 1951 quodque
649 1875 687 1934 sit
709 1877 817 1934 bonum
830 1876 987 1944 malumve,
1011 1885 1186 1950 quaerentes
1197 1877 1305 1952 populi
1317 1877 1396 1934 sesti·
1457 1885 1458 1890 ’

324 1961 483 2019 mationem
506 1962 589 2036 sequi
611 1971 768 2036 nequeant.
802 1961 918 2020 Deinde
946 1961 983 2018 ad
1000 1961 1120 2019 nomina
1142 1961 1213 2020 Piso
1235 1963 1395 2020 orationem

323 2048 476 2104 reflectens
499 2047 652 2105 additurus
676 2057 756 2104 erat:
792 2047 872 2118 ,sed
895 2065 960 2104 cum
983 2047 1061 2104 inter
1081 2047 1275 2123 philosophos
1299 2049 1345 2116 id,
1371 2047 1395 2102 in

323 2151 382 2208 quo
404 2133 442 2189 ab
464 2133 590 2190 indoctis
613 2133 799 2204 dissentiunt,
823 2134 1015 2190 constitutum
1038 2132 1108 2202 erit,
1132 2141 1274 2207 quantum
1296 2135 1395 2206 cuique

323 2217 510 2276 tribuendum
534 2219 581 2290 sit,
604 2219 711 2275 usitate
733 2219 815 2294 loqui
838 2219 996 2289 debebunt,
1019 2225 1053 2276 ut
1074 2237 1118 2282 ea,
1142 2219 1249 2293 quibus
1271 2220 1394 2295 pretinm

321 2303 442 2378 aliquod
465 2303 605 2374 tribuant,
629 2303 707 2360 bona
728 2304 892 2381 appellent,
921 2313 954 2361 ut
976 2303 1080 2371 ceteri,
1108 2323 1167 2361 non
1191 2305 1331 2380 eligenda
1352 2315 1395 2360 ant

322 2389 520 2464 praeposite.“
568 2389 626 2448 Sed
649 2390 737 2446 simul
759 2391 869 2448 mentio
890 2390 934 2446 rei
957 2389 1050 2465 ipsius
1072 2389 1210 2446 definitae
1238 2399 1267 2446 et
1292 2389 1394 2448 consti·

322 2483 402 2531 tutae
424 2474 512 2531 aliam
536 2475 744 2552 cogitationem
767 2475 928 2544 obiciebat;
957 2475 1032 2532 hanc
1060 2483 1163 2532 tenens
1191 2475 1288 2533 lusum
1319 2476 1392 2533 illum

321 2560 481 2630 nominum,
505 2578 592 2635 quem
614 2561 756 2619 hactenus
778 2560 975 2637 reprehendit,
999 2579 1064 2617 eum
1088 2562 1391 2637 contemptuquodam

322 2645 430 2704 Stoicis
452 2646 604 2720 permittit,
628 2645 712 2704 utin
735 2666 770 2703 eo
788 2646 988 2713 seoblectent,
1011 2645 1079 2703 dum
1092 2665 1139 2703 res
1151 2657 1290 2703 maneant
1314 2645 1392 2704 nihil·
1459 2721 1460 2726 ἵ

321 2749 377 2805 que
400 2731 541 2788 interesse
563 2731 759 2808 intellegatur.
804 2733 886 2790 Haec
909 2732 1056 2789 sententia
1076 2732 1230 2807 proximae
1253 2730 1391 2809 superiori

321 2817 511 2874 correctionis
533 2811 599 2875 loco
621 2817 742 2895 adiungi
764 2826 889 2893 poterat,
912 2825 946 2874 ut
967 2818 1062 2874 oratio
1085 2816 1127 2874 sic
1145 2818 1330 2876 decurreret:
1350 2817 1392 2872 aad

320 2921 379 2959 cum
406 2906 565 2971 constiterit,
593 2937 635 2946 -
663 2905 711 2975 sit,
746 2907 842 2960 usitate
864 2905 1017 2978 loquuntur,
1041 2905 1134 2960 sallem
1150 2906 1176 2960 ci
1191 2904 1311 2962 horrubes
1337 2911 1391 2960 aas

320 2989 362 3063 (h.
375 3007 410 3058 e.,
433 3007 491 3047 non
508 3007 629 3064 prorsus
651 2989 850 3047 inhumaniter
872 2989 997 3046 aliorum
1019 2989 1164 3046 rationem
1187 2989 1347 3066 neglegunt
1366 2996 1390 3043 et

320 3075 560 3132 consuetudinem
572 3075 744 3151 spernunt);
767 3077 828 3143 secl,
848 3077 913 3132 dum
923 3085 1112 3144 reserantem,
1136 3075 1331 3148 aerbajinyant
1342 3084 1389 3130 cet.

319 3159 498 3219 Obscuravit
519 3160 653 3218 nonnihil
675 3159 780 3220 Cicero
803 3160 966 3218 sententiae
982 3160 1218 3236 progressionem
1230 3161 1295 3227 hoc,
1319 3157 1389 3235 quod

319 3246 496 3323 adiungitur,
519 3246 660 3321 primario
682 3246 747 3304 loco
770 3265 824 3322 pro
847 3245 969 3322 epodosi
991 3263 1114 3321 ponens,
1139 3245 1213 3302 illud
1235 3255 1389 3303 autemsa-

318 3331 418 3406 perius
441 3332 478 3388 ad
501 3333 664 3390 orationem
687 3340 772 3388 ceute
795 3331 1089 3389 circumscribendam
1109 3331 1283 3389 secundario
1295 3329 1387 3388 interi·

319 3416 414 3486 ciens,
444 3436 482 3474 ex
510 3435 568 3492 quo
597 3418 669 3474 haec
697 3417 828 3474 nascitur
849 3416 959 3474 forma:
993 3419 1042 3474 sed
1062 3437 1122 3474 cnm
1144 3451 1186 3459 —
1208 3437 1252 3474 res
1274 3433 1388 3492 quaeque

318 3505 362 3573 sit,
385 3521 559 3577 quamquam,
583 3508 609 3560 si
629 3505 745 3560 homines
767 3513 861 3574 essent,
884 3506 981 3560 rasitnte
1002 3505 1181 3577 loquerentur.
1205 3513 1308 3572 tomen,
1330 3504 1387 3558 durs

318 3607 360 3644 rea
383 3599 516 3654 nauseant,
538 3589 618 3645 uerba
634 3589 750 3662 finpant.
794 3589 857 3646 Iam
879 3589 910 3646 in
932 3589 988 3647 hoc
1010 3588 1075 3666 ipso
1093 3589 1257 3662 eloquendo
1269 3607 1338 3645 usus
1348 3595 1386 3641 est

318 3671 422 3732 Cicero
445 3692 480 3730 ee
501 3674 644 3732 orationis
666 3675 789 3731 Latinae
812 3673 921 3744 forma,
951 3693 1039 3749 quam
1062 3675 1182 3732 uberius
1204 3674 1275 3731 alibi
1299 3672 1386 3731 decla·

317 3769 412 3816 ratam
435 3759 519 3834 attigi
542 3759 580 3816 ad
601 3761 626 3821 Ι,
653 3761 706 3830 15,
740 3770 773 3816 ut
795 3760 969 3818 sententiam
992 3759 1073 3816 illam
1097 3759 1302 3817 secundariam
1324 3775 1383 3822 non,

316 3855 348 3902 ut
371 3861 448 3901 nunc
469 3844 536 3912 ieci,
559 3845 705 3921 particula
727 3843 920 3924 (quamquam)
943 3854 1072 3903 notatam
1085 3845 1263 3916 intericeret,
1288 3845 1338 3902 sed
1353 3859 1385 3898 ex

317 3949 411 4005 aequo
433 3941 558 4007 poneret
579 3931 635 3988 ita:
658 3935 683 3988 εἰ
704 3933 821 3988 homiues
843 3941 942 3998 essent,
966 3937 1064 3989 raritate
1085 3931 1233 4008 (quidem)
1256 3933 1384 4006 toquere·

317 4026 369 4077 tur.
393 4015 473 4095 (sed)
496 4019 614 4074 duraret
636 4027 774 4083 maneant,
803 4019 884 4074 verba
899 4020 1007 4090 ,loquat
1028 4019 1161 4074 arbitrata
1184 4037 1240 4074 arto.
1285 4015 1384 4073 Decia-

316 4103 381 4158 ravi
404 4103 551 4178 copiosius
573 4121 672 4160 veram
695 4103 783 4160 huius
804 4103 862 4160 loci
884 4104 1038 4175 rationem,
1061 4113 1095 4160 ut
1116 4102 1246 4161 breviori
1268 4101 1339 4159 mihi
1358 4099 1382 4155 in

316 4188 465 4246 erroribus
487 4188 624 4245 notandis
647 4207 710 4246 esse
732 4188 843 4246 liceret.
877 4189 955 4246 Nam
979 4207 1043 4246 cum
1061 4189 1211 4246 edereturt
1233 4191 1308 4262 loqui
1313 4197 1382 4262 putes

316 4267 428 4354 (patos)
450 4283 579 4349 oportere,
602 4282 699 4350 quanti
720 4275 840 4350 quidque
861 4279 916 4332 citt
937 4277 1017 4332 aliter
1038 4275 1314 4332 doctosetirrdoctost
1335 4269 1384 4329 Sed

316 4367 381 4428 cet,
405 4359 456 4433 qui
478 4360 584 4417 Latine
606 4360 747 4425 sciebant,
770 4359 857 4418 facile
880 4361 1060 4431 sentiebant,
1083 4359 1290 4436 pravissimum
1313 4373 1382 4416 esse:
