3018 5052
432 413 476 478 n'r
500 431 579 480 unu.
599 432 662 478 nm
678 433 715 480 m
736 433 809 482 ens.
826 437 863 482 15.
1117 419 1181 486 433

108 601 240 686 gloriae,
268 601 459 680 disiuarum,
492 599 636 666 similium
662 619 781 681 rerum,
813 603 874 672 alia
901 611 1005 670 autem
1028 621 1090 672 non
1113 624 1183 674 esse

184 795 203 842 l.
225 787 280 858 [alii
295 797 372 838 amem
391 787 512 846 cosmedi,
532 803 580 840 om.
600 805 646 838 noa
663 805 722 850 etse,
740 788 775 857 A]

186 991 225 1052 ‚al
244 983 355 1056 pla-iae,
378 981 542 1054 divitiarum,
565 981 688 1038 similium
710 981 813 1058 reum)
847 983 993 1058 Apertum
1016 992 1076 1056 est,
1110 983 1183 1043 hoec

109 1066 247 1144 exempla
269 1062 359 1148 (qnae
382 1073 450 1122 eunt
471 1073 659 1124 externorum
671 1065 898 1140 commodorum,
922 1086 987 1126 cum
1004 1069 1104 1145 priore
1119 1087 1183 1128 eor·

110 1153 193 1230 poris
220 1151 292 1227 mni)
315 1149 419 1210 eodem
446 1151 534 1210 modo
561 1151 747 1229 adiungenda
772 1151 865 1211 inisse
892 1171 926 1210 ae
953 1154 1066 1230 priore:
1100 1165 1128 1213 ut
1155 1159 1183 1214 in

107 1241 198 1313 picria
220 1246 285 1310 cet,
309 1254 364 1296 nee
385 1236 554 1314 genetivum
576 1237 666 1296 ullam
677 1238 821 1296 rationem
832 1239 1052 1316 grammaticam
1064 1239 1182 1313 bebere,
1283 1304 1286 1310 ,

110 1341 207 1399 nequa
239 1323 288 1382 hic
320 1321 483 1384 cretionem
510 1322 706 1400 interruptam
737 1322 847 1384 sensim
879 1324 911 1385 in
942 1324 1031 1384 aliem
1057 1323 1183 1386 formam

110 1408 246 1468 monsire.
280 1407 358 1468 Nam
381 1406 449 1467 Gzii
473 1417 609 1466 conatum
631 1407 728 1466 rideas
749 1427 788 1466 en
815 1409 962 1483 miserere,
985 1411 1109 1484 nescias,
1132 1413 1184 1488 qui

111 1495 180 1566 „Ex
202 1499 441 1570 anteponercriw
467 1493 562 1569 inquit
591 1492 697 1564 „iecile
716 1493 752 1574 (l)
774 1495 918 1572 cogitabis
938 1498 1182 1574 cntepoamdumim

110 1582 249 1649 rationc“;
271 1579 327 1636 hac
338 1577 476 1636 nimirum
488 1578 635 1638 oratione:
657 1583 685 1638 in
706 1581 839 1638 mmullie
860 1581 938 1640 rebus
958 1593 998 1640 eet
1019 1601 1111 1655 cause,
1134 1603 1185 1642 cuer

108 1668 173 1724 aliis
200 1675 409 1740 miteponcntur.
443 1673 473 1722 ut
504 1665 659 1722 divitiarum
690 1668 935 1741 antponmdornm
967 1671 1084 1738 ratium
1117 1670 1183 1744 quie

107 1749 382 1827 interpretationem
410 1747 670 1826 interpretabitur?
718 1753 823 1826 Aeque
851 1751 978 1810 absurda
1000 1751 1081 1814 Otto.
1118 1755 1183 1813 Nec

107 1835 242 1906 serenda,
255 1854 329 1910 quae
341 1834 465 1894 Beierus
476 1835 513 1892 ad
526 1833 584 1896 off.
595 1835 637 1907 II,
653 1837 690 1894 16
703 1856 732 1912 p.
745 1837 783 1894 35
797 1845 900 1910 tentat,
912 1837 985 1896 beee
1001 1837 1183 1898 confundens

108 1941 177 1980 cnm
199 1919 295 1980 foruna
318 1939 376 1980 non
398 1921 516 1998 ignota,
539 1939 598 1996 que
618 1939 703 1982 cauea
724 1924 765 1980 rei
783 1922 892 1982 dicitur
913 1943 966 2000 pro
988 1940 1086 1998 cauea,
1113 1943 1184 2001 quae

109 2013 138 2065 in
156 2010 302 2082 rectique
319 2008 412 2082 posita
433 2009 476 2064 eit.
520 2005 625 2082 Neque
652 2026 736 2066 cauea
764 2025 830 2066 eum
857 2007 917 2068 illie
943 2010 1088 2086 genetiuis
1114 2028 1183 2070 eon·

108 2093 193 2170 iungi
207 2101 312 2168 potest,
336 2091 619 2166 nequesicdicitur:
641 2103 777 2152 caueam
799 2094 878 2154 iuius
899 2098 947 2167 rei,
969 2096 1092 2156 nedum:
1115 2100 1183 2154 saue

109 2189 149 2237 eet
172 2197 270 2236 caueae
292 2178 371 2236 litiae
393 2181 446 2248 rei,
479 2177 584 2238 deinde
612 2178 722 2238 nullius
748 2179 792 2240 rei
820 2197 909 2240 cause
936 2197 974 2238 ex
1001 2181 1097 2258 gloria
1118 2190 1184 2240 orta

109 2263 272 2340 quaeritur.
315 2263 355 2320 Et
377 2271 474 2322 tamen
496 2280 552 2324 nee
573 2264 731 2341 vestigium
753 2273 798 2324 est
819 2265 983 2342 scripturae
1004 2267 1183 2342 depravatae

110 2367 166 2408 nee
188 2367 291 2418 censa,
314 2365 380 2420 cur,
403 2357 455 2406 eut
476 2348 566 2419 ratio,
594 2349 741 2424 quomodo
762 2350 924 2428 depravata
945 2351 998 2424 sit,
1021 2352 1184 2430 excogitari

108 2443 219 2511 potest,
241 2451 295 2492 nee
318 2433 381 2492 ulle
402 2443 447 2492 est
468 2434 609 2494 orationis
631 2435 813 2512 perturbatio
841 2444 958 2512 praeter
983 2456 1072 2496 unam
1099 2437 1181 2498 illam

109 2520 239 2580 subitam
261 2537 347 2578 casus
374 2519 405 2577 in
433 2519 631 2580 enumerando
657 2520 858 2582 mutationem.
906 2521 1066 2582 Manifesto
1094 2523 1185 2600 igitur

110 2615 229 2664 tenetur
250 2604 344 2681 ipsius
366 2604 518 2664 Ciceronis
540 2605 570 2664 in
593 2605 747 2666 scribendo
769 2607 879 2682 lapsus,
901 2625 956 2666 nee
973 2608 1115 2668 orationis
1131 2628 1184 2669 vo·

109 2690 241 2750 lanterio
263 2689 430 2762 declinatio,
458 2690 510 2748 sed
529 2690 641 2750 oblivio
667 2709 726 2750 non
754 2691 935 2762 voluntarie,
968 2712 1035 2752 nem
1057 2713 1124 2754 cum
1146 2695 1184 2754 ad

108 2777 235 2836 alteram
257 2785 371 2852 partem
393 2775 595 2852 exemplorum
617 2776 816 2852 pervenisset,
849 2778 880 2836 in
901 2778 957 2836 hoe
978 2780 1059 2856 ipso,
1087 2789 1125 2838 ut·
1142 2780 1185 2839 ite

109 2863 222 2936 dicam,
234 2861 383 2939 cogitandi
400 2861 557 2920 intervallo
569 2870 599 2921 et
615 2863 699 2937 quusi
716 2862 966 2939 interpunctione,
989 2864 1087 2924 enimc
1109 2866 1184 2924 elien

108 2948 254 3024 imagines
276 2947 498 3023 complectente,
521 2947 662 3010 memorie
682 2966 750 3006 eum
771 2947 878 3009 fefellit
895 2949 1061 3026 obiecitque
1079 2951 1183 3010 obscu-

108 3053 175 3095 ram
197 3033 326 3109 speciem
348 3031 490 3092 orationis
512 3031 598 3092 aliter
620 3043 764 3104 structae,
792 3034 874 3093 velot
895 3035 976 3112 (nam
998 3036 1069 3113 fingi
1091 3037 1184 3096 multa

109 3117 263 3197 possunt):
290 3121 404 3176 nimum
426 3129 529 3176 mlum
549 3137 606 3178 sese
627 3121 796 3192 dipmlctem,
831 3131 859 3177 ut
885 3121 1047 3196 quibudam
1074 3133 1183 3198 autepo-

109 3214 218 3271 mnae,
241 3215 271 3263 at
292 3205 452 3262 uekmdimb
473 3213 528 3262 eet
572 3199 757 3284 (Lambinus,
779 3213 812 3264 ut
834 3205 956 3278 solebet,
979 3207 1132 3266 audacter:
1155 3218 1183 3266 ut

109 3293 136 3347 in
156 3291 254 3366 glorio,
284 3291 392 3360 diuitiis,
415 3291 544 3348 similibus
566 3291 654 3362 relus,
677 3290 753 3348 mele
775 3299 809 3348 ut
830 3291 964 3362 esitieus,
988 3291 1054 3368 quie
1076 3290 1183 3370 negat?

109 3387 140 3434 et
162 3383 272 3446 tamen,
293 3375 319 3434 si
342 3375 379 3432 de
400 3374 557 3451 prudentia
577 3375 704 3436 heminis
726 3393 865 3450 questas,
888 3385 999 3452 quanto
1021 3378 1077 3436 boe
1099 3397 1182 3454 pree·

110 3471 171 3520 stat
192 3460 307 3537 stupori
327 3460 461 3531 illorum,
494 3461 545 3534 qui
573 3461 646 3519 beec
672 3479 731 3519 non
758 3469 792 3520 ut
812 3461 936 3538 scripta,
970 3461 1023 3522 sed
1049 3471 1082 3522 ut
1103 3473 1182 3522 recte

110 3547 222 3624 scripta
243 3543 507 3625 interpretentnri)
541 3544 682 3624 [Prorsus
703 3547 839 3606 similiter
860 3548 1009 3606 aberravit
1030 3557 1060 3606 et
1082 3567 1182 3608 cesum

1 3667 2 3674 κ
109 3632 303 3692 commutavit
324 3631 429 3692 Cicero
451 3631 484 3690 11
506 3630 564 3692 off.
577 3633 631 3690 88:
654 3633 722 3708 [pisa
743 3635 811 3690 inter
828 3653 856 3692 se
872 3633 1182 3714 cmpmils(eommode)

108 3721 148 3777 sic
170 3715 423 3794 (comparantur),
457 3727 486 3774 ui
507 3719 575 3776 bona
596 3719 719 3776 encauto
739 3720 870 3794 voluptati
889 3730 1079 3796 antqionatur,
1112 3723 1183 3780 vibes

109 3806 247 3875 celeritati,
270 3813 489 3862 internorum
515 3813 604 3862 autem
625 3803 827 3881 (obversatum
849 3814 907 3864 est:
940 3809 1104 3882 conparatio
1119 3804 1181 3886 fit),

1 3925 2 3928 =
111 3900 139 3946 ut
168 3891 257 3962 plocio
284 3889 399 3958 diiaftiia
432 3891 571 3963 vectigalia
593 3889 698 3948 arbona
720 3893 835 3948 rusticili-
879 3890 927 3950 Ibi
948 3899 1026 3948 recte
1048 3891 1181 3963 Beierus,

109 3975 188 4032 male
215 3974 391 4050 Heusinger.
440 3973 526 4048 Quod
554 3973 590 4034 0.
613 3974 739 4034 Heinius
761 3976 884 4052 (Annei
906 3976 1053 4053 Philolog.
1075 3976 1182 4037 XCIII

109 4079 137 4136 p.
163 4058 241 4138 246)
269 4057 455 4118 scribendum
489 4069 587 4136 putat:
620 4063 743 4120 similium
775 4081 864 4120 rerum
886 4064 913 4119 in
940 4081 1005 4133 usu,
1039 4062 1184 4122 advocata

110 4164 145 4202 ee
174 4145 319 4204 divisione
347 4145 508 4221 primorum
540 4154 677 4216 neturee,
711 4164 786 4222 qnae
819 4147 897 4224 apud
931 4147 1091 4208 Stobeeum
1118 4147 1181 4206 Eel.

109 4230 179 4289 Eeb.
191 4249 220 4306 p.
235 4231 294 4288 150
306 4230 395 4290 Heer.
407 4230 535 4307 ponitur,
558 4251 652 4306 neque
663 4232 735 4290 ordo
747 4232 904 4292 verberum
916 4232 1126 4293 Ciceronianus
1137 4241 1184 4292 est

1 4354 3 4398 ,
110 4335 206 4392 neque
233 4316 264 4374 in
292 4335 347 4374 ueu
373 4316 485 4393 gloriae
513 4325 543 4374 et
569 4317 738 4378 divitiarum
764 4327 828 4376 erat
855 4335 957 4390 cause,
991 4318 1180 4394 quamobrem

111 4400 135 4460 ie
157 4409 388 4479 anteponeretur
409 4399 491 4480 (nam
514 4421 549 4460 ea
568 4403 715 4466 sententia
726 4402 915 4479 efficeretur),
938 4404 989 4462 sed
1005 4405 1035 4462 in
1047 4403 1142 4482 gloria
1152 4413 1183 4462 et

943 4519 977 4574 28
