3018 5052
251 370 255 378 ⁴
336 391 399 456 472
727 409 923 457 nummus
946 409 1017 456 sou.

338 579 388 643 74.
412 577 473 642 Sed
494 579 556 643 iam
578 577 677 643 sentio
699 597 838 643 measse
860 579 981 660 lougius
1002 582 1196 661 provectum,
1218 595 1310 659 quam
1329 591 1390 656 pro

337 679 441 760 posita
462 680 541 744 ratio
563 679 745 762 postularet.
794 681 912 746 Verum
938 679 1128 746 admirabilis
1155 677 1334 760 compositio
1354 675 1391 739 di·

338 781 485 863 sciplinae
506 781 754 864 incredibilisque
775 801 826 848 mc
847 801 951 849 rerum
973 783 1069 848 traxit
1095 783 1186 860 ordo;
1213 799 1318 863 quem,
1346 796 1392 859 per

339 884 414 948 deos
436 883 634 962 immortales,
655 902 759 949 nonne
779 886 925 951 nuraris?
963 885 1045 964 Quid
1067 883 1148 949 enim
1169 883 1266 948 autin
1284 889 1393 956 natura

300 988 401 1068 iqua
424 984 497 1050 nihil
519 991 567 1050 est
589 986 702 1068 aptius,
724 986 799 1051 nihil
821 987 1016 1070 descrimine,
1038 995 1093 1052 aut
1113 985 1303 1071 inoperibus
1312 1000 1392 1047 manu

338 1086 427 1152 iactis
448 1094 512 1152 tam
534 1089 737 1170 compositum
758 1095 884 1172 tamque
905 1095 1099 1171 compactum
1115 1094 1146 1153 ct
1162 1095 1394 1170 coagmentum

338 1190 469 1254 inveniri
491 1191 616 1271 potest?
649 1191 723 1272 quid
745 1191 902 1272 posterius
923 1192 1020 1273 priori
1051 1211 1111 1256 uon
1138 1190 1301 1256 convenit?
1332 1187 1394 1269 quil

339 1291 488 1373 sequitur,
510 1294 594 1374 quod
616 1311 678 1358 non
700 1294 892 1374 respondeat
910 1293 1085 1375 superiori?
1108 1288 1393 1374 quidnonsiealiud

339 1413 375 1458 ex
398 1393 458 1459 alio
481 1394 621 1473 nectitur,
643 1403 687 1474 ut,
708 1395 734 1459 si
756 1393 850 1459 ullam
861 1395 995 1460 litteram
1017 1391 1395 1472 moveris‚labeutomnia?

281 1503 322 1566 10
339 1496 403 1561 Nec
425 1505 527 1561 tamen
550 1497 719 1578 quidquam
740 1505 798 1576 est,
820 1499 905 1580 quod
926 1497 1042 1562 moveri
1063 1497 1172 1578 possit

407 1739 431 1782 3.
452 1750 486 1783 nae
504 1750 552 1785 om.
575 1733 783 1802 [apcPMcssor.
824 1753 885 1800 quae
900 1753 945 1800 per
961 1734 1080 1786 LPMCR
1119 1741 1143 1787 t.
1162 1738 1223 1785 caira
1241 1733 1263 1783 in
1282 1729 1398 1782 murali
1483 1691 1486 1738 '¹

339 1806 400 1853 enim
417 1813 460 1853 aul
478 1803 547 1853 urum
566 1811 615 1858 nat.
634 1803 656 1854 Ο
691 1809 713 1853 5.
735 1803 809 1872 [quod
824 1820 928 1870 proque
941 1803 988 1872 Eh]
1027 1809 1049 1854 6.
1064 1803 1261 1872 [cocicmentatum
1271 1803 1304 1869 Α]
1323 1815 1398 1864 coaep-

339 1880 463 1922 memorum
473 1871 568 1922 ELPM
605 1877 626 1922 8.
640 1871 715 1939 [quod
723 1873 808 1923 noscit
827 1872 875 1940 uh]
917 1872 1144 1924 alceriodesaliol:
1162 1871 1232 1922 aliud
1247 1867 1398 1922 erudiendi

340 1939 437 1990 LPMR
472 1946 495 1994 9,
514 1942 751 2003 sinceriorum,
771 1941 816 1996 Or.
851 1959 921 1992 mem
939 1941 981 1993 Or.
1021 1947 1058 1992 lo.
1074 1941 1278 2009 panepenna
1302 1937 1398 2005 potertC

342 2150 382 2206 44
405 2149 645 2220 commemoravi,
679 2158 709 2207 et
741 2169 778 2206 ex
807 2151 942 2227 exemplo
970 2168 1036 2207 curn
1064 2149 1127 2208 cod.
1157 2150 1305 2208 Vossiano
1333 2146 1400 2204 ala

340 2234 565 2312 Langermanno
588 2235 705 2304 collato,
728 2235 807 2310 quod
828 2236 898 2294 item
920 2235 951 2293 in
969 2234 1149 2293 bibliotheca
1170 2234 1337 2292 academiae
1357 2251 1401 2288 no·

342 2329 419 2378 strae
442 2330 496 2390 est,
519 2320 579 2377 scio
601 2321 632 2376 iu
654 2321 737 2378 codd.
759 2321 851 2380 Nonii
874 2339 938 2379 esse
959 2325 1016 2378 aree
1036 2319 1207 2399 expiatione]

429 2405 477 2462 74.
501 2407 714 2480 incredibilisque
735 2425 824 2463 rmum
846 2409 929 2464 norit
950 2407 1030 2482 ordo)
1053 2404 1116 2484 [Mc
1136 2415 1204 2463 ante
1221 2425 1311 2462 remen
1333 2417 1401 2460 nunc

343 2490 450 2561 addidi,
473 2491 692 2562 accedentem
715 2490 831 2550 facilius
859 2491 994 2549 excidere
1021 2501 1153 2568 poterat;
1187 2509 1241 2548 nac
1274 2489 1402 2547 librarius

342 2575 393 2632 illo
415 2577 480 2633 loco
501 2577 650 2652 positurus
661 2575 904 2655 fuissevidetur.]
941 2577 1025 2647 Quem
1036 2577 1100 2635 Pal.
1116 2581 1142 2648 1,
1165 2596 1221 2652 mg.
1235 2576 1327 2646 Crat,
1338 2574 1403 2632 liber

346 2662 484 2736 antiquus
506 2663 596 2732 Mam,
623 2659 749 2740 E1.(?),
779 2662 856 2738 Spir.
874 2659 938 2744 [B]‚
967 2663 1046 2722 Gud.
1071 2664 1099 2737 2,
1126 2662 1313 2736 restituitque
1338 2661 1403 2718 Dav.

346 2747 579 2820 Coorrqmenuntum
601 2747 714 2822 aliquot
734 2749 821 2820 Pau..
844 2748 901 2824 Uz,
919 2745 982 2829 [B].

429 2843 467 2905 ui,
490 2837 515 2890 si
536 2836 617 2891 ullum
639 2837 753 2890 litteram
775 2837 894 2904 menois,
918 2829 1118 2915 labentomnia)
1140 2831 1233 2892 codd.
1256 2841 1287 2890 et
1303 2831 1366 2890 edd.
1381 2837 1404 2883 ui

343 2939 403 2988 aar,
426 2922 451 2976 ci
471 2928 526 2976 cet.
570 2921 617 2977 Ita
638 2919 712 2976 haec
734 2920 791 2977 erit
813 2920 967 2992 sententia,
991 2921 1015 2977 si
1037 2919 1099 2977 ulla
1121 2919 1191 2976 erit:
1222 2916 1350 2988 „Omnia
1369 2913 1404 2971 sic

342 3005 402 3061 alia
423 3023 461 3062 ex
483 3005 549 3062 aliis
571 3014 727 3062 nectuntur
749 3001 1104 3081 (quidnousicuectiturl)‚
1127 3012 1169 3076 nt,
1192 3003 1309 3060 etiamsi
1325 3017 1405 3060 unam

343 3091 441 3165 (ulium
462 3090 492 3146 in
515 3091 570 3147 hac
592 3091 738 3166 scriptura
759 3090 831 3150 ferri
853 3091 935 3148 nullo
957 3091 1043 3150 modo
1065 3087 1177 3169 potest)
1200 3089 1329 3146 litteram
1351 3103 1405 3142 mo-

344 3175 432 3246 veris,
455 3195 513 3232 nou
536 3183 634 3232 tamen
662 3177 761 3233 omnia
781 3177 911 3234 labent.“
958 3176 1070 3236 Omitto
1092 3195 1144 3232 aon
1165 3174 1404 3247 incommodcpo·

343 3262 447 3330 situm3
470 3261 582 3328 omitto,
611 3260 636 3318 si
658 3261 701 3318 sic
722 3262 845 3320 firmitas
867 3263 1016 3326 landetur,
1050 3270 1083 3319 ut
1109 3279 1156 3318 res
1183 3271 1262 3319 stare
1290 3261 1405 3322 dicam,

344 3346 458 3404 etiamsi
480 3345 591 3420 aliquid
615 3357 776 3418 moveatur,
799 3349 854 3405 hoc
877 3348 989 3423 aliquid
1010 3365 1068 3406 non
1086 3346 1129 3403 ita
1141 3346 1295 3404 extenuari
1308 3345 1406 3403 debere

344 3434 462 3508 (etiamsi
483 3451 562 3487 recen-m
585 3429 763 3512 litteram),
787 3433 837 3490 scd
860 3433 902 3490 ita
924 3434 1077 3492 dicendum
1095 3451 1175 3490 asse:
1199 3431 1407 3489 etiamsinnam

343 3517 472 3591 aliquam
493 3526 617 3592 partem,
642 3517 697 3575 hoc
719 3518 871 3589 velillum,
895 3519 1029 3576 moveris.
1064 3519 1131 3575 Hoc
1154 3517 1228 3589 dico,
1241 3515 1406 3592 disciplinae

343 3601 507 3659 firmissime
530 3613 699 3678 compactae
722 3611 753 3660 et
773 3613 994 3680 coagmentatae
1016 3623 1075 3661 non
1097 3604 1172 3660 hauc
1188 3602 1339 3678 propriam
1351 3615 1407 3656 esse

343 3687 469 3758 laudern,
492 3689 543 3745 sed
565 3687 656 3758 illam,
679 3688 777 3746 omnia
804 3690 846 3746 sic
875 3690 988 3747 inclusa
1010 3707 1074 3746 csse
1098 3689 1159 3746 suis
1186 3705 1321 3762 quaeque
1343 3683 1408 3742 locis

344 3783 373 3830 et
395 3791 461 3830 cum
483 3774 627 3848 proximis
649 3775 818 3846 coniuncta,
851 3775 925 3832 nihil
946 3784 979 3832 ut
1001 3775 1133 3832 subtrahi
1155 3773 1263 3850 possit,
1292 3791 1350 3848 qno
1371 3769 1408 3836 fir,

344 3869 434 3916 uteo
455 3877 516 3916 rem
539 3859 699 3917 audeamus
710 3860 872 3942 demittere.
895 3869 937 3931 ut,
960 3861 985 3918 si
1008 3879 1097 3918 nuum
1120 3857 1350 3935 ereptumnobis
1367 3855 1409 3912 sit.

344 3945 442 4002 onmia
464 3943 567 4001 cadere
588 3943 742 4002 fateamur.
785 3945 862 4002 Nam
885 3946 1072 4018 confidimus,
1100 3945 1179 4020 quod
1201 3943 1276 4003 Cato
1298 3941 1408 4007 subicit

345 4031 418 4086 nihil
440 4047 512 4090 essa
536 4031 614 4104 quod
637 4031 749 4088 moveri
761 4040 790 4087 et
801 4031 875 4106 oripi
888 4031 989 4106 possit.
1016 4031 1056 4088 Et
1072 4030 1128 4088 hoc
1140 4030 1281 4090 Catonern
1294 4027 1409 4093 uixisse.
1485 4033 1486 4054 ¹

345 4116 559 4190 apertissimum
572 4125 664 4173 estex
675 4117 722 4176 IV
723 4159 731 4188 ,
745 4117 799 4174 53:
822 4117 863 4173 Et
873 4121 923 4181 uis,
947 4121 1035 4174 sirm
1047 4119 1134 4174 littera
1150 4125 1276 4174 omnmotn
1293 4116 1335 4180 sit,
1348 4115 1409 4180 fore,
1485 4133 1486 4160 r

346 4209 399 4257 toto
412 4211 439 4258 ut
450 4203 518 4258 iubet
529 4203 679 4277 disciplina.
708 4201 740 4262 Si
751 4211 830 4259 recte
842 4201 890 4259 hic
901 4203 1047 4280 legeretur
1069 4213 1098 4260 ut
1119 4223 1184 4272 eron,
1207 4201 1248 4258 ibi
1260 4199 1409 4257 dicendum

346 4295 417 4356 orat,
441 4287 521 4344 nulla
534 4305 603 4344 sane
616 4287 774 4346 sententia:
797 4292 924 4362 aorrsore.
948 4290 1027 4346 Vere
1044 4289 1134 4366 igitur
1145 4287 1251 4362 aliquis
1268 4285 1346 4362 apud
1357 4281 1409 4340 Tu.

346 4371 510 4428 Bentleium
530 4373 750 4432 etMatthiaeus
768 4373 830 4430 tolli
849 4395 899 4431 uon
911 4375 1077 4444 voluerunt,
1100 4375 1200 4449 eisque
1217 4387 1353 4429 assensus
1369 4375 1410 4424 esi
1485 4425 1486 4458 ζ
