2948 5024
287 429 328 474 nr
353 429 432 475 sun.
456 429 519 476 ma.
539 431 559 477 v
582 431 655 476 cnr.
678 435 721 478 ao.
992 417 1052 480 771

58 582 121 645 nine
136 579 152 660 t
168 598 236 662 quun
251 579 355 661 aliquid
365 581 471 661 potius
493 601 606 646 novum
620 583 792 664 exquirere,
814 584 938 650 virtutis
949 591 1054 652 autem

108 789 121 832 t.
136 800 190 848 quon
203 785 243 834 sine
257 794 309 835 uota
326 786 410 834 mendi
429 785 472 836 Or.
511 785 626 851 [aliquam
644 785 694 854 nh]
732 787 896 851 acquirendi

41 986 93 1032 tum
111 995 125 1032 a
143 976 239 1034 Davisio
257 985 281 1033 et
297 977 402 1034 ceteris
413 976 591 1036 deteriorum
604 977 737 1035 codicum
749 979 939 1050 auctoritate;
962 979 1053 1059 (Dav.

38 1071 131 1118 tantm]
151 1071 196 1118 tres
215 1062 291 1118 esuis
313 1062 453 1138 appellat,
477 1063 529 1119 sed
540 1063 644 1120 aberat
660 1064 698 1121 ab
711 1063 791 1123 Oxx.
814 1066 959 1138 omnibus,
973 1068 1053 1140 Bas,

35 1147 101 1205 Gud.
115 1151 141 1214 1,
161 1148 225 1204 Mon.
244 1145 381 1205 Gruterus
404 1143 508 1226 tacet).
558 1149 619 1206 Sint
641 1149 667 1206 si
689 1149 794 1208 Cicero
817 1151 936 1227 scripsit
958 1153 1053 1230 (quod

35 1234 104 1302 Dea,
123 1233 381 1304 cendemnatos,
402 1232 490 1292 Grut.
508 1245 570 1291 sunt
581 1234 759 1310 posuissent,
778 1237 930 1294 revocavit
941 1257 956 1294 e
968 1238 1054 1296 Perr.

35 1323 52 1377 l.
66 1319 80 1374 3
93 1318 257 1392 „reliquisque
267 1319 444 1390 codicibus“‚
469 1329 499 1375 et
509 1320 653 1376 accedunt
664 1318 730 1399 [ss‚]
755 1315 825 1398 Εξχ,
838 1321 907 1380 Gzii
924 1319 1051 1405 omnes),

36 1405 86 1460 'iso
104 1404 224 1460 incertum
244 1404 362 1479 relinqui
383 1405 540 1482 significet,
564 1423 710 1480 quaenam
732 1425 767 1464 eo
789 1425 896 1483 genere
919 1426 1051 1485 compre-

38 1489 176 1558 enduntur;
195 1489 256 1546 mihi
275 1490 372 1566 aptius
393 1491 544 1548 videretur
565 1501 635 1548 eunt.
665 1489 817 1568 (Pisonem
830 1493 972 1551 Antiochi
986 1513 1050 1552 sen·

36 1575 123 1631 entiam
142 1575 294 1652 significare,
316 1576 390 1632 haee
412 1576 572 1633 secundum
593 1587 728 1634 naturam
752 1579 962 1651 essedicentis
985 1599 1052 1638 cum

36 1680 68 1716 se
89 1660 162 1717 malit
181 1661 248 1718 bona
267 1661 425 1737 appellare,
449 1660 543 1720 Gaius
565 1671 675 1734 narrat,
699 1663 750 1737 qui
772 1680 811 1720 ex
833 1665 888 1722 hoc
900 1673 962 1723 toto
974 1665 1052 1724 libro

36 1767 41 1798 e
60 1746 88 1802 id
108 1746 213 1820 quidem
234 1745 384 1819 didicerat,
408 1748 481 1804 haec
504 1748 664 1805 secundum
686 1757 821 1806 naturam
839 1749 897 1807 dici
908 1750 946 1806 ab
958 1751 1051 1808 omni-

36 1851 62 1902 u,
85 1831 164 1888 etiem
184 1850 200 1887 a
221 1831 332 1903 Stoicis,
355 1833 434 1890 bona
455 1851 474 1889 a
496 1833 703 1909 Peripateticis
715 1843 745 1890 et
760 1835 912 1892 Antiocho
929 1836 1051 1911 eiusque

36 1927 146 1993 erprete
166 1915 289 1993 Pisone.)

75 2023 119 2060 nec
131 2005 262 2077 fraudare
291 2037 329 2046 —
360 2001 512 2079 ecquirere)
546 2003 630 2061 Haec
661 2004 754 2061 verba
780 2003 942 2079 depravata
975 2025 1049 2080 csse,

36 2107 85 2144 res
106 2089 314 2158 intellexemnt
338 2107 392 2146 nec
414 2099 512 2146 tamen
536 2089 639 2146 vitium
651 2089 769 2164 penitus
780 2089 927 2147 viderunt.
961 2090 1049 2150 Com·

37 2173 105 2241 atio,
129 2193 213 2248 quam
224 2174 381 2250 significari
392 2183 506 2250 putant,
531 2183 583 2232 aut
594 2175 667 2232 haec
679 2185 737 2232 est:
759 2186 784 2232 et
795 2176 898 2233 audebo
915 2179 1049 2251 facere,

35 2263 115 2316 ootr'as
137 2269 219 2316 vetere
240 2263 340 2316 nomene
361 2262 423 2317 illos
445 2280 489 2317 res
511 2280 562 2316 non
578 2263 708 2335 fraudem
731 2279 815 2335 quum
825 2263 932 2336 aliquid
953 2283 1048 2321 novum

35 2349 124 2410 nrum,
148 2353 199 2402 aut
220 2345 306 2402 haec:
329 2355 353 2402 et
375 2347 478 2403 audebo
500 2366 560 2402 non
577 2349 712 2420 facere,
736 2349 810 2420 quod
831 2347 916 2405 Stoica¹
930 2350 1049 2422 saciant,

35 2434 130 2505 potius
152 2432 260 2488 dicendi
279 2441 342 2488 arant
364 2450 406 2488 res
427 2433 490 2488 illos
512 2451 560 2488 suo
581 2441 667 2488 vetere
687 2435 790 2489 omnine
810 2435 950 2506 fraudare
966 2453 1049 2508 quom

35 2519 75 2571 nil
101 2537 198 2572 noevum
228 2519 381 2592 acquiram
412 2525 537 2591 utraque
564 2535 666 2592 prava.
704 2517 783 2574 Nam
810 2518 939 2593 priorem
966 2519 1049 2577 illam

35 2602 156 2672 entiam,
190 2602 223 2658 in
257 2621 317 2676 qua
348 2603 515 2660 necessario
543 2602 729 2659 scribendum
757 2612 835 2662 esset
868 2621 932 2660 cum
960 2604 1048 2662 Lam·

58 2684 103 2766 [et
132 2684 275 2766 Baitero]
303 2689 447 2763 aliquod
478 2707 573 2744 nouum
606 2688 687 2765 (nam
716 2688 752 2744 de
785 2688 903 2746 nomine
933 2699 1048 2748 tantum

55 2783 117 2828 tum
136 2771 266 2851 agitur),
285 2791 351 2830 cum
367 2773 441 2830 illud
458 2773 578 2844 evertit,
602 2773 681 2848 quod
697 2773 727 2829 in
745 2773 800 2830 hac
821 2783 902 2831 recta
918 2775 1049 2832 declara-

65 2859 189 2915 consilii
231 2869 264 2915 et
297 2859 457 2916 voluntatis
490 2858 609 2916 Pisonis
642 2877 701 2916 non
734 2858 889 2916 dicendum
922 2871 987 2918 erat
1018 2869 1049 2918 et

38 2944 239 3019 nrparatione
262 2944 432 3020 ponendum
455 2964 507 3000 non
523 2945 671 3018 fraudare,
694 2945 746 3001 scd
768 2943 944 3002 affirmative
967 2949 1048 3004 relen-

50 3041 130 3086 retus
155 3049 257 3086 nomen
287 3039 340 3087 aut
361 3029 456 3087 simile
479 3029 605 3104 aliquid,
640 3037 701 3086 tum
733 3030 860 3086 maxime
888 3031 1047 3090 verborum

35 3125 66 3170 et
93 3115 297 3185 coniunctim
322 3115 476 3172 dicendum
499 3116 576 3172 enim
599 3123 676 3171 erat:
694 3117 1048 3190 potiusquenonsroadare

35 3201 62 3256 in
91 3219 147 3272 ea,
176 3219 263 3274 quae
289 3219 367 3257 nunc
389 3209 448 3272 est,
477 3201 610 3258 oratione
632 3200 798 3258 necessario
826 3208 939 3258 tantum
961 3205 1046 3276 frou-

37 3287 108 3342 sine
134 3287 328 3362 negatione)
358 3295 388 3343 et
415 3289 554 3361 exquirere
580 3295 796 3362 comparantur.
845 3282 899 3366 [Et
925 3287 1046 3344 omnino

40 3373 211 3447 inpar-atio
226 3372 337 3447 inepta
348 3381 435 3443 asset,
458 3389 524 3428 cum
547 3391 633 3428 nemo
655 3391 674 3428 a
689 3371 799 3430 Pisone
816 3372 989 3448 postularet,
1013 3383 1047 3430 ut

36 3477 137 3514 ovum
164 3476 293 3514 nomen
317 3455 511 3534 exquireret]
543 3457 732 3531 Relinquitur
753 3457 844 3533 igitur
865 3456 959 3514 altera
979 3477 1046 3514 sen·

49 3544 84 3599 in
114 3562 187 3617 qua
214 3561 286 3599 non
305 3543 435 3600 delectus
453 3543 643 3618 significatur,
666 3552 764 3599 utrum
776 3543 848 3600 Piso
870 3541 970 3615 faciat,
993 3543 1046 3601 scd

36 3650 51 3698 ·‚
70 3648 152 3684 eum
168 3627 349 3700 facturum,
360 3629 439 3703 quod
447 3629 498 3685 alii
511 3628 629 3703 quidam
641 3627 762 3699 faciant,
779 3629 867 3703 idque
879 3629 978 3704 potius
989 3629 1047 3686 hoc

37 3715 113 3770 llud
143 3732 226 3771 esse
255 3714 377 3770 dicitur.
413 3713 472 3774 Sed
494 3715 524 3770 in
546 3715 602 3770 hac
624 3733 741 3788 quoque
754 3715 973 3789 comparatione
985 3734 1044 3772 non

35 3821 48 3856 1
80 3798 320 3856 offensionem
342 3800 441 3870 habet,
465 3800 544 3873 quod
566 3799 689 3856 alterum
712 3796 938 3878 (aliquidnouum
950 3803 1044 3874 ecqui-

37 3905 144 3942 enum
176 3894 237 3942 est
265 3895 301 3942 et
322 3903 453 3942 seorsum
466 3885 582 3956 dicitur,
605 3885 730 3942 alterum
748 3881 810 3964 (nec
815 3887 954 3959 fraudare
973 3883 1044 3964 cet.)

36 3970 222 4042 rioribus,
254 3990 338 4046 quae
360 3971 398 4027 ad
420 3971 670 4046 comparationem
692 3989 750 4027 non
767 3970 915 4045 pertinent
937 3967 1043 4048 (appel-

42 4077 137 4113 xum
169 4066 244 4128 est,
277 4057 418 4131 quoniam
440 4057 509 4113 inde
531 4056 650 4114 auditur
671 4056 857 4112 accusativus
868 4055 952 4112 verbi
956 4058 1042 4130 fraa-

40 4143 249 4216 mninoque
288 4161 426 4218 perverse
455 4161 520 4199 cum
552 4161 601 4212 eo,
641 4141 721 4215 quod
741 4141 814 4198 Piso
842 4159 966 4198 ausurus
993 4142 1041 4213 sit,

36 4229 110 4285 ndo
142 4227 383 4304 coniungitur,
406 4228 485 4302 quod
498 4227 590 4286 Stoici
613 4245 672 4284 non
694 4225 813 4284 faciant.
857 4227 1045 4303 Haecigitur

36 4314 109 4370 ntia
141 4314 314 4371 obscura
335 4323 365 4372 et
387 4332 480 4389 prava
502 4323 584 4383 sunt;
617 4312 648 4368 in
671 4313 804 4369 oratione
827 4313 894 4387 quis
909 4323 975 4369 non
996 4313 1042 4370 in·

38 4421 148 4474 pesam
157 4403 293 4475 potius
316 4397 413 4478 [quom
435 4401 542 4474 aliquid
556 4396 663 4476 potius]
693 4417 747 4474 pro
764 4399 857 4474 potius
878 4417 961 4474 quom
982 4417 1042 4456 uon

784 4514 835 4568 49*
