2956 5028
387 399 431 445 un
454 397 535 445 usu
552 398 615 454 um.
632 397 657 444 u
679 398 755 446 cnr.
778 401 818 446 ne.
1085 381 1146 446 247

94 566 254 632 lutinomm
274 567 429 645 irruebat,
452 565 569 647 siquid
590 567 631 631 de
651 565 862 647 voluptatibus
884 567 950 632 suis
972 566 1147 648 cogitabat?

95 667 143 731 tui
161 675 193 733 ut
211 686 276 733 eum
298 675 426 749 caperet
446 674 501 734 aut
521 668 661 750 quando,
689 686 759 733 cum
780 668 875 734 sciret
895 665 1057 734 confestim
1078 686 1148 734 csse

151 875 170 920 1.
183 873 307 988 poneius
325 870 346 920 L
416 875 440 919 2.
466 869 516 938 [ubi
535 880 578 920 out
600 870 647 938 Δΐ]
672 887 726 920 num
748 872 790 920 nbi
810 871 868 936 (pro
889 871 930 922 uli
945 881 978 934 ott
1002 870 1146 923 Lucam.

93 939 167 989 sitiat

93 1121 119 1167 ut
136 1130 197 1170 mox
218 1112 322 1183 dicam,
343 1123 462 1182 votum,
485 1111 537 1168 sed
557 1110 704 1168 reslacta.
747 1111 788 1168 Et
809 1112 875 1188 quis
896 1111 1015 1191 ignorat
1036 1111 1093 1170 hoc
1103 1113 1148 1190 ip·

93 1215 153 1266 sum,
173 1197 201 1254 in
223 1217 256 1256 eo
279 1216 355 1268 esse,
374 1187 603 1272 utaliquidfiat,
620 1196 721 1254 addito
737 1215 807 1268 cunt,
830 1197 1149 1255 minimeconiuuctivo

93 1281 240 1357 significari,
262 1283 316 1341 sed
337 1283 433 1339 inesse
455 1281 486 1339 in
508 1281 574 1359 ipsa
595 1281 760 1358 imperfecti
778 1281 898 1340 notione
915 1282 995 1359 apud
1005 1279 1148 1340 Latinos?

92 1367 198 1424 Accedit
218 1367 254 1425 ad
278 1367 358 1426 modi
379 1367 603 1442 perversitatem
625 1367 776 1442 temporis.
819 1366 925 1444 Neque
948 1367 1041 1438 onim,
1070 1367 1149 1442 quod

93 1449 171 1509 Guus
190 1463 217 1509 et
238 1452 376 1512 Handins
398 1451 547 1527 ceterique
568 1460 684 1527 putant,
707 1461 769 1508 tum
791 1451 908 1510 demum
928 1452 1094 1511 devovebat
1106 1470 1147 1524 se,

92 1553 136 1592 nec
154 1537 266 1596 devotio
288 1547 353 1594 erat
376 1538 406 1594 iu
428 1547 537 1608 morte,
565 1537 632 1608 sed,
666 1545 700 1594 ut
721 1537 862 1595 Davisius
890 1556 907 1594 a
929 1537 995 1595 Liv.
1018 1537 1107 1608 vm,
1128 1537 1145 1594 9

91 1621 226 1694 intellexit,
249 1633 315 1680 erut
338 1622 396 1679 iam
420 1622 544 1680 devotus
566 1620 715 1698 pontificis
737 1621 867 1680 carmine
885 1631 916 1680 et
927 1622 1062 1680 sollemni
1073 1623 1147 1692 ritu3

91 1723 171 1780 neque
190 1707 274 1766 aliter
296 1706 470 1768 Ciceronem
491 1707 574 1782 loqui
596 1715 647 1764 aut
668 1707 750 1766 notio
772 1707 864 1764 enimi
880 1715 932 1766 ant
942 1725 1013 1765 usus
1024 1707 1149 1766 sinebat.

91 1789 147 1848 Non
166 1793 269 1864 nescio,
292 1811 388 1868 nuper
409 1792 439 1848 in
461 1791 614 1852 Ciceronis
636 1791 769 1850 oratioue
791 1811 845 1868 pro
867 1792 955 1851 Rosa
992 1794 1148 1851 Amendl

90 1875 184 1934 editum
203 1897 267 1936 esse
289 1887 321 1934 et
342 1876 509 1934 defensum:
536 1895 596 1935 mem
617 1896 702 1952 eaeque
722 1897 816 1934 emus
837 1880 980 1954 quisquam
1004 1881 1148 1954 reperie-

91 1960 275 2039 interneque
297 1964 372 2028 liber,
394 1965 434 2020 ud
453 1982 533 2037 quem
554 1981 586 2020 eu
607 1965 725 2038 euspicio
731 1966 885 2038 pertineret,
908 1965 939 2022 id
954 1966 1148 2022 &muscetum

91 2047 135 2102 duo
147 2049 196 2121 filii
214 2081 257 2090 —
279 2050 452 2119 dicerent,
475 2047 636 2106 indicativo
658 2047 747 2104 etiam
769 2057 838 2124 post
858 2067 917 2105 oum
938 2048 970 2105 in
993 2047 1150 2106 manifeste

91 2147 180 2190 caune
202 2133 420 2210 significatione
441 2133 553 2210 poeit03
592 2132 749 2208 probatum
777 2133 882 2204 etiem,
921 2133 1000 2208 quod
1029 2133 1148 2192 mendo·

91 2233 142 2273 sum
162 2237 220 2276 esse
242 2218 445 2289 ostenderam,
478 2217 538 2275 ibd.
562 2218 617 2274 81:
640 2221 689 2292 qui
714 2237 765 2274 nou
787 2219 865 2274 modo
887 2218 990 2275 Rornae
1010 2237 1062 2276 none
1080 2221 1147 2293 suit,

90 2303 129 2358 sal
147 2307 241 2362 metu
265 2335 305 2346 -
329 2306 447 2360 moret.
492 2302 552 2362 Sed
578 2302 616 2359 ed
644 2321 690 2359 me
717 2301 791 2359 nihil
818 2303 885 2360 illas
907 2302 1148 2361 soloecismorum

90 2385 256 2446 defensiones
278 2389 428 2465 pertinere
449 2397 531 2463 puto.
575 2385 650 2466 [Pro
674 2387 791 2462 Quinct.
810 2389 850 2445 60
878 2406 961 2445 suem
990 2389 1080 2446 hebet
1100 2407 1148 2446 ra·

92 2471 185 2530 tionem
204 2483 329 2550 propter
349 2473 505 2531 interiecta
525 2483 593 2549 poet
609 2473 754 2530 delebetur
763 2473 832 2530 illa:
854 2483 880 2530 et
900 2476 1050 2532 umumme
1071 2475 1148 2532 debe·

90 2567 159 2614 retur.
196 2559 344 2618 Varronis
366 2559 448 2616 locos
460 2557 622 2616 Muellerus
644 2558 682 2614 ad
704 2558 739 2615 L.
751 2558 785 2615 L.
808 2558 864 2628 Vl,
888 2557 928 2616 82
942 2555 987 2636 (p.
1000 2557 1147 2638 73Bip.),

89 2653 190 2715 preater
208 2644 293 2702 illum
316 2644 422 2721 ipsum,
444 2643 504 2701 alio
526 2661 633 2720 genere
655 2642 794 2701 vitiosum
818 2639 883 2722 (qui
904 2644 1008 2712 labent,
1031 2648 1148 2718 quinon

14 2715 18 2740 '
91 2725 209 2810 utum),
232 2729 309 2788 elios
331 2737 392 2786 tres
414 2727 534 2804 collegit
544 2728 701 2785 admodum
713 2727 854 2798 infirmos,
877 2727 991 2804 siquis
1014 2728 1146 2786 codicum

90 2809 113 2866 in
141 2813 188 2871 illo
218 2833 309 2890 opere
342 2812 544 2872 condicionem
578 2813 752 2870 considerat
801 2813 880 2871 Illud
901 2832 1024 2889 prorsus
1047 2814 1146 2886 miror,

90 2899 261 2957 memorabsse
289 2899 384 2958 videri
401 2898 556 2970 Mnellcro,
584 2901 596 2956 i
620 2907 650 2956 et
676 2919 694 2956 u
723 2899 834 2976 (urunt)
861 2899 953 2956 semel
981 2917 998 2956 a
1026 2898 1147 2958 librario

89 2995 236 3054 pannutate
269 2982 359 3062 esse.]
409 2984 446 3041 ld
478 2983 526 3040 hic
553 2983 637 3041 locus
664 3001 722 3040 non
751 2984 910 3059 permittit,
945 2992 978 3040 ut
1000 2984 1035 3041 de
1061 2985 1147 3042 modo

89 3067 158 3124 verbi
178 3071 207 3127 in
229 3070 267 3128 iis
289 3069 443 3127 sententiis
464 3087 532 3126 cum
554 3069 613 3126 levi
642 3067 865 3145 significationis
883 3069 1073 3128 inclinatione
1097 3088 1147 3126 ve-

89 3151 152 3210 risto
171 3155 281 3227 dicem,
316 3173 392 3230 quae
425 3154 551 3230 repetita
577 3153 783 3211 coniunctione
816 3163 869 3211 aut
897 3155 956 3211 alio
989 3154 1077 3212 modo
1110 3173 1148 3212 ex

89 3253 169 3311 aequo
194 3249 355 3316 ponantur,
395 3249 428 3296 ut
461 3239 527 3297 Liv.
555 3239 745 3308 XXXVlII,
776 3239 830 3309 36,
859 3240 879 3295 4
913 3240 1001 3314 (quod
1028 3239 1149 3298 tenebrae

88 3323 180 3381 outae
204 3327 319 3398 sumunt
341 3357 382 3366 -
405 3325 479 3400 quod
500 3324 644 3400 pluisset),
677 3324 766 3381 etiam
789 3323 819 3380 in
841 3343 900 3381 cum
923 3325 1148 3400 temporalibis

88 3409 178 3479 posito.
226 3409 288 3488 [De
321 3409 446 3468 artificio
481 3427 619 3485 perverse
652 3409 834 3486 excogitato,
874 3419 906 3466 nt
939 3419 1006 3485 post
1033 3429 1091 3468 curn
1120 3431 1149 3468 ee

88 3493 208 3552 demeret
238 3495 395 3553 interiecta
426 3503 546 3570 putetur
578 3513 632 3571 per
659 3504 685 3551 et
715 3493 901 3570 parenthesis
934 3504 964 3551 et
996 3513 1031 3552 ea
1057 3497 1149 3554 verbe

88 3577 123 3632 sic
146 3579 366 3658 intellegantur:
403 3590 428 3636 et
461 3590 568 3638 tamen
601 3582 628 3636 in
666 3589 765 3637 certam
792 3589 900 3637 mortem
928 3581 1022 3637 medat
1049 3580 1148 3656 (quasi

88 3659 111 3718 id
135 3665 257 3723 notabile
286 3665 325 3723 sit
351 3665 382 3722 in
410 3683 463 3736 eo,
504 3663 555 3738 qui
582 3682 614 3722 ee
642 3663 824 3739 devoverit),
858 3682 916 3722 nou
949 3673 1022 3740 puto
1049 3665 1148 3723 dicen·

87 3745 153 3806 dum.
174 3751 311 3809 Baiterus
322 3751 354 3808 in
364 3750 410 3807 cd
433 3750 546 3808 minore
562 3749 654 3808 verba
676 3769 704 3808 se
725 3751 862 3808 devocem
875 3759 900 3807 ct
921 3749 1006 3808 unde
1027 3752 1147 3827 saepsit,

87 3830 235 3894 denotionis
257 3836 436 3894 mentionem
458 3853 516 3892 non
539 3833 636 3892 minus
658 3835 695 3891 ab
717 3836 774 3893 hoc
795 3835 861 3892 loco
878 3834 1003 3892 elienam
1016 3834 1149 3894 indicens

87 3935 162 3990 imm
181 3939 199 3978 e
220 3920 374 3998 persimili,
397 3921 487 3979 Tusc.
509 3919 551 3991 11,
575 3921 625 3977 59.
636 3918 743 3989 Video,
765 3920 807 3978 ibi
829 3939 888 3978 non
910 3919 1040 3979 additam
1069 3939 1149 3993 esse;
1240 3939 1246 3954 ·

86 4003 145 4074 qnid
170 4005 207 4064 sit
228 4007 329 4076 alieni,
352 4024 411 4064 non
433 4005 534 4076 video,
558 4013 588 4062 et
609 4023 728 4080 quaero,
752 4005 830 4080 quod
853 4005 948 4074 soleo,
982 4007 1049 4081 quis
1075 4007 1149 4065 hoec

86 4085 128 4227 {3⁰
141 4089 210 4187 ‘loco
237 4091 466 4168 interposituros
493 4099 524 4147 et
552 4107 618 4146 cum
645 4091 760 4165 reliqua
782 4090 916 4149 oratione
939 4091 1148 4150 coniuncturus

112 4173 214 4319 mig&
234 4271 263 4318 ut
285 4281 343 4318 mm
364 4265 483 4336 cuperet)
522 4259 572 4321 Sic
594 4261 683 4318 etiam
705 4260 770 4318 Pel.
796 4264 828 4332 l,
856 4255 899 4330 Εξ
922 4271 951 4318 et
973 4261 1035 4319 sine
1058 4261 1148 4321 dubio

87 4341 152 4417 Spir.
162 4343 227 4424 [B]
260 4345 426 4406 SedGzius
449 4345 553 4404 maluit
578 4346 699 4416 scribas,
723 4357 756 4403 ut
766 4347 851 4416 solet,
874 4345 1027 4422 increpare
1050 4365 1148 4422 quam,
