2948 5024
320 367 381 430 W
710 381 998 428 mfflmm

320 553 371 618 tiis
395 552 510 618 uostris
532 570 590 632 pro
613 551 678 618 suis
701 559 872 630 uterentur,
895 551 1018 616 nomina
1040 559 1198 634 tamquam
1220 569 1382 616 remmno-

392 745 413 788 l.
431 756 507 788 reram
526 745 607 788 nostra
626 737 646 786 1.

298 931 424 995 'suissa
447 929 524 1004 quod
548 946 636 1003 quam
658 948 676 985 a
698 929 908 986 consvetudine
921 929 1126 1000 huiusaetatis
1137 940 1280 988 remotum
1292 929 1382 986 fuerit.

321 1035 336 1072 e
349 1017 377 1073 V
379 1015 493 1072 arronis
515 1015 793 1072 commemoratione
816 1015 852 1072 de
866 1017 898 1072 L.
907 1015 940 1072 L.
952 1015 1014 1073 l'II
1026 1035 1054 1090 p.
1069 1017 1108 1072 98
1131 1015 1264 1091 intellegi
1284 1027 1383 1090 potest.

322 1101 468 1176 quodque,
492 1101 516 1157 si
540 1100 685 1158 Varronis
708 1118 723 1156 e
747 1100 846 1172 satira,
871 1101 900 1157 in
923 1119 982 1174 quo
1004 1119 1111 1178 genere
1129 1101 1176 1157 vel
1189 1101 1383 1158 maximerer·

320 1189 424 1244 borum
446 1185 651 1260 antiquitatem
675 1194 802 1242 sectatus
824 1195 883 1253 est,
905 1186 1002 1243 locum
1025 1187 1178 1261 exceperis
1200 1186 1292 1262 (apud
1313 1185 1383 1242 Non.

321 1294 349 1350 p.
364 1267 427 1352 20),
451 1272 543 1330 solam
567 1279 719 1346 poetarum
738 1271 942 1346 antiquorum,
964 1272 1052 1330 Attii.
1075 1271 1182 1330 Lucilii
1194 1273 1382 1348 priorumque.
1464 1277 1465 1282 ’

320 1357 524 1416 auctoritatem
547 1357 644 1414 halret.
689 1357 795 1433 (Apud
816 1359 981 1415 Varronem
1001 1358 1036 1414 R.
1049 1358 1083 1414 R.
1103 1359 1143 1426 ll,
1159 1359 1186 1420 9,
1206 1359 1223 1416 6
1249 1357 1310 1415 sine
1331 1356 1383 1412 ulla

321 1443 537 1522 probabilitatis
562 1443 659 1518 specie
682 1445 860 1518 trcneclepere
890 1439 1033 1522 fingitur.)
1082 1443 1160 1500 Nam
1182 1444 1262 1518 quod
1292 1459 1384 1499 ornnes

320 1547 397 1588 nuuc
420 1529 548 1588 tradunt.
571 1529 670 1586 Nonio
686 1537 760 1586 teste
777 1526 819 1607 (p.
837 1527 902 1604 20),
923 1528 1094 1586 Ciceronem
1112 1529 1200 1586 etiam
1218 1530 1249 1585 in
1261 1529 1334 1585 libro
1345 1527 1383 1584 ll'

321 1616 357 1674 de
380 1615 414 1673 R.
437 1615 472 1672 P.
494 1613 661 1690 scripsisse:
694 1633 745 1670 non
766 1615 844 1670 nwdo
866 1625 894 1670 ut
924 1613 1056 1690 Spartae,
1090 1633 1186 1690 rupere
1207 1615 1255 1670 ubi
1271 1616 1347 1689 pueri
1363 1623 1383 1667 et

320 1704 421 1776 cleptore
442 1701 556 1769 discunt,
580 1699 643 1774 ipse
665 1699 821 1756 verborum
833 1699 905 1756 ordo
918 1701 1058 1776 (epraeter,
1071 1719 1166 1775 rapere
1177 1699 1235 1778 reba)
1259 1698 1383 1757 ostendit

321 1787 397 1845 idem
420 1785 467 1842 hic
489 1785 588 1843 Nonio
610 1784 766 1856 accidisse,
798 1785 877 1859 quod
900 1785 928 1842 in
958 1786 1093 1860 proximo
1121 1785 1274 1861 exemplo,
1300 1803 1316 1840 e
1342 1781 1384 1840 ΠΙ

321 1874 357 1930 de
373 1873 413 1930 N.
429 1873 466 1928 D.
481 1872 530 1938 68,
558 1867 596 1950 [si
620 1879 717 1928 tamen
734 1870 808 1926 illud
830 1871 868 1927 ab
891 1871 955 1946 ipso
988 1871 1116 1946 positum
1145 1869 1204 1948 est]
1233 1870 1336 1928 accidit
1360 1880 1382 1923 et

321 1958 392 2016 alibi
411 1975 637 2032 saepenumero,
661 1965 692 2012 ut
711 1975 765 2030 pro
784 1955 985 2014 Ciceronianis
1007 1955 1128 2014 haberet
1158 1957 1269 2014 veteris
1290 1962 1383 2031 poetae

320 2044 411 2101 verba
433 2061 450 2099 a
473 2041 614 2101 Cicerone
637 2041 742 2116 posita.
788 2041 904 2098 Deinde
927 2043 977 2098 vix
1001 2041 1121 2098 dubium
1144 2053 1203 2100 est.
1227 2042 1298 2117 quin
1319 2059 1383 2098 sem·

321 2148 374 2206 per
384 2128 494 2185 dictum
511 2126 550 2184 ait
561 2129 650 2201 clapsi,
668 2145 726 2184 non
738 2129 813 2202 clepa,
843 2127 921 2202 quod
938 2135 1055 2204 praeter
1064 2127 1141 2198 illos,
1164 2146 1240 2202 quos
1257 2127 1327 2194 dixi,
1341 2123 1383 2181 alii

321 2232 437 2290 quoque
459 2213 586 2290 probant
612 2211 681 2270 inde
707 2231 727 2269 a
749 2211 899 2288 Scaligero
927 2211 978 2290 (ad
1001 2213 1088 2270 Varr.
1110 2213 1146 2270 de
1168 2213 1204 2270 R.
1228 2213 1264 2270 R.
1286 2213 1326 2272 11.
1348 2206 1383 2287 9).

321 2299 469 2374 Analogia
491 2297 616 2374 priorem
640 2296 765 2356 formam
788 2298 880 2373 magis
902 2298 1101 2356 commendari
1118 2307 1252 2374 apparet,
1276 2297 1383 2371 etaipe·

322 2385 475 2442 steriorem
508 2403 524 2440 e
557 2383 691 2458 proximo
719 2391 818 2441 tuetur
846 2384 928 2459 sealt,
957 2383 1303 2460 tumelonginquoalia3
1324 2397 1382 2438 auc·

322 2470 469 2528 toritatem
492 2477 589 2526 autem
613 2469 637 2526 si
660 2469 837 2543 quaerimus,
860 2469 985 2544 primum
1003 2469 1082 2544 apud
1093 2471 1258 2528 Varronem
1269 2469 1305 2526 de
1316 2465 1381 2524 Li„

322 2576 350 2631 p.
364 2557 413 2626 98,
442 2555 491 2612 ubi
520 2554 556 2612 de
572 2555 679 2612 Lucilii
702 2573 788 2612 versu
816 2555 891 2631 agit,
925 2555 971 2612 bis
996 2555 1233 2614 constantissime
1257 2552 1383 2612 scribitur

322 2645 451 2718 clepsere,
475 2659 509 2698 ao
531 2641 667 2716 graviore
695 2641 878 2709 testimonio,
913 2641 991 2716 quod
1019 2639 1127 2698 ibidem
1159 2640 1204 2698 bis
1233 2639 1382 2697 inlinitims

321 2731 422 2803 clepere
443 2726 570 2802 ponitur.
614 2725 729 2782 Deinde
757 2726 787 2782 in
814 2725 893 2784 Attii
920 2727 1088 2802 anapaestis
1115 2726 1192 2801 apud
1221 2725 1381 2785 Ciceronem

323 2813 352 2870 in
375 2812 516 2882 Tuaen,
530 2811 569 2868 23
593 2811 666 2868 adeo
688 2821 857 2869 constanter
879 2811 994 2869 codices
1017 2821 1069 2868 aut
1089 2812 1186 2886 ipsum
1202 2813 1326 2887 clepetbsr
1345 2825 1382 2863 re·
1463 2857 1464 2882 2

322 2899 425 2968 tinent,
448 2907 482 2954 ut
502 2897 614 2973 optimi,
638 2908 690 2954 aut
701 2897 806 2954 leviter
827 2898 958 2972 corrupti
980 2906 1077 2954 tamen
1099 2917 1113 2954 a
1136 2897 1264 2954 litteram
1286 2895 1381 2952 habent
1463 2923 1464 2942 .

322 2979 510 3065 (danpsieee),
538 2993 572 3041 ut
592 2982 679 3059 plane
702 2983 791 3040 mirer
812 2982 962 3040 libidinem
986 3001 1101 3054 eorum,
1136 2983 1185 3057 qui
1214 2981 1381 3040 substituunt

323 3073 440 3145 cleplase.
484 3069 576 3145 Apud
598 3069 752 3126 Manilium
776 3087 893 3143 quoque
915 3069 940 3138 1,
960 3069 998 3125 27
1023 3086 1124 3126 omnes
1147 3067 1263 3125 codices
1285 3067 1381 3124 habere

323 3156 472 3214 dicuntur:
494 3157 630 3238 clepeiaaet
639 3155 866 3228 surtomandum,
889 3173 942 3230 pro
965 3173 1023 3228 que
1035 3172 1092 3210 nen
1111 3163 1191 3214 recte
1203 3154 1382 3211 substitutum

323 3251 368 3298 est
389 3243 508 3316 cepisset.
553 3239 608 3297 llis
637 3258 695 3296 non
723 3239 795 3298 satis
822 3247 886 3296 tuto
910 3239 1069 3314 opponitur
1090 3241 1168 3314 clepit
1190 3239 1286 3314 prima
1307 3238 1383 3309 longa

324 3346 360 3384 ex
383 3325 507 3384 Pacuvii
530 3325 709 3382 Hermionae
738 3343 826 3382 versu
854 3325 1021 3401 septenario
1049 3325 1128 3400 apud
1149 3325 1296 3382 Nonium:
1328 3321 1383 3378 Ser·

323 3431 423 3470 erronem
445 3413 487 3468 bic
508 3420 627 3468 nostrum
649 3431 682 3466 er
704 3414 803 3468 occulto
825 3413 911 3486 clepit,
934 3421 1063 3484 precntum
1085 3413 1218 3484 intellepm
1242 3409 1291 3466 ubi
1313 3407 1382 3465 Mer-

323 3497 418 3554 cerius
441 3499 533 3571 clepsit
555 3495 691 3552 malebat.
735 3497 804 3554 Non
827 3506 894 3554 utor
916 3495 1084 3552 testimonio
1102 3496 1211 3553 veteris
1234 3491 1383 3572 rogationis

324 3582 525 3658 apudLivium
533 3581 638 3650 XXII,
655 3582 702 3652 10,
712 3581 740 3653 5,
751 3581 802 3638 ubi
814 3591 873 3638 est:
891 3584 987 3656 siquis
998 3583 1099 3656 clepsit,
1112 3581 1263 3655 quoniam,
1280 3573 1381 3637 etiamsi

325 3665 486 3744 perfectum
509 3676 586 3724 esset
608 3669 684 3742 clepi,
708 3667 800 3725 nihilo
824 3667 919 3724 minus
941 3666 1071 3724 futurum
1094 3665 1168 3723 illud
1191 3675 1277 3723 vetus
1298 3667 1381 3738 atqie.

322 3757 428 3830 cleptim
452 3763 539 3824 esset,
562 3762 595 3810 ut
616 3773 679 3823 aco,
701 3772 792 3828 capso,
816 3771 929 3828 recepto,
952 3755 1053 3826 effaris,
1076 3756 1197 3826 remeate
1220 3761 1290 3818 cet,
1312 3747 1382 3806 cuius

323 3841 435 3897 formae
457 3839 600 3896 rationem
623 3838 747 3914 exposui
769 3837 799 3894 in
821 3838 962 3913 disputat.
984 3837 1020 3894 de
1044 3855 1098 3894 usu
1110 3845 1140 3895 et
1150 3847 1210 3894 nat.
1226 3835 1312 3894 form.
1322 3849 1382 3908 qua·

323 3925 446 3982 rundam
469 3925 552 3982 verbi
575 3925 639 3981 Lat.
662 3925 692 3981 in
716 3923 824 4000 Opusc.
846 3923 941 3981 Acad.
958 3923 998 3980 ll.
1043 3921 1155 3982 Contra
1177 3941 1223 3980 me
1246 3921 1381 3998 proferent

325 4011 386 4070 Cic.
409 4011 444 4068 dc
467 4011 557 4086 Legg.
570 4011 611 4080 11,
626 4011 680 4066 22:
703 4012 809 4084 clepert't
832 4013 978 4084 rapuitque.
1019 4009 1131 4066 Verum
1154 4009 1292 4083 quoniam
1314 4003 1382 4062 nulla
1462 3991 1463 4052 Ϊ

324 4115 413 4153 causa
436 4095 597 4172 excogitari
620 4105 725 4171 potest.
749 4114 802 4152 cur
823 4095 927 4154 Cicero
950 4095 979 4150 in
1002 4094 1097 4151 altero
1120 4095 1210 4150 verbo
1233 4091 1381 4151 recentiore
1462 4101 1463 4164 t

324 4180 428 4253 ferma,
451 4183 481 4239 in
504 4182 597 4239 altero
620 4181 741 4255 antiqua
764 4182 873 4256 (repsit,
897 4199 954 4236 non
973 4175 1108 4257 rapuerit)
1130 4180 1173 4236 uti
1185 4179 1319 4238 voluerit,
1339 4191 1380 4248 ap

325 4279 417 4340 paret,
440 4268 602 4324 rectissime
625 4267 799 4324 Lambinum
823 4267 987 4341 scripsisse:
1010 4268 1103 4340 clepsit
1129 4269 1256 4340 rcpmtce.
