2920 5012
373 397 416 443 nu
439 396 519 444 uin.
535 396 598 444 nm.
615 397 626 444 1
649 396 721 444 ene.
740 401 814 444 n-u.
1091 380 1131 446 19

92 565 208 646 timeae,
229 565 340 632 iisdem
360 567 401 632 de
423 565 516 631 rebus
538 565 600 630 alie
621 565 742 635 ratione
764 565 956 648 compositis,
978 567 1132 649 quidest

91 686 133 732 an
149 670 239 734 nostri
259 687 280 734 e
301 669 416 734 nostris
438 686 501 733 non
522 667 686 749 legentum?

123 753 146 814 s
155 771 205 836 III.
248 773 277 836 7.
310 772 521 853 Quamquam,
554 771 580 835 si
611 770 705 852 plane
732 769 776 836 sie
798 777 951 836 verterem
971 771 1133 838 Platonem

90 880 131 938 unt
147 873 351 953 Aristotelem,
368 871 419 937 'ut
439 877 601 938 verteumt
622 872 721 938 nostri
742 879 856 955 poetae
876 872 1009 952 fabum,
1042 874 1132 954 mole,

91 976 172 1052 nuo,
191 993 325 1042 mererer
351 977 391 1042 oe
417 976 495 1040 meis
522 975 702 1055 erunmsr
729 976 769 1040 au
796 957 903 1058 eruin
929 976 1171 1058 agnuonemu

90 1077 172 1141 diuina
191 1077 241 1142 ille
261 1078 385 1159 ingenie
407 1076 618 1142 transferrem
669 1076 730 1142 Sed
762 1077 794 1142 id
821 1095 923 1160 neque
948 1077 1006 1144 feci
1033 1077 1134 1144 adhuc

90 1197 133 1243 nec
159 1179 228 1244 mihi
260 1189 377 1259 temen,
415 1197 455 1245 ne
492 1178 616 1260 faciam,
653 1179 852 1245 interdictum
883 1185 969 1261 puto.
1033 1180 1132 1246 Locos

140 1353 160 1399 d.
174 1349 244 1414 plone
260 1368 286 1400 re
302 1349 378 1400 m'cE
422 1357 444 1399 4.
462 1349 561 1400 mauu
605 1355 627 1402 5.
647 1350 788 1401 mereturE
824 1354 846 1399 e.
865 1352 1019 1415 madesmei
1040 1348 1134 1416 ὸιραιῐα

87 1416 222 1483 Μίύηωίω
239 1419 269 1478 E)
316 1423 338 1471 7.
357 1435 430 1484 neque
455 1428 533 1469 torum
560 1419 617 1470 milri
640 1419 662 1468 L
697 1427 722 1468 ut
745 1419 874 1480 sucrumC
900 1419 956 1486 [uec
977 1418 1067 1482 [oetam
1085 1418 1131 1485 Al]

87 1485 210 1536 hundium
223 1497 280 1552 puto
298 1504 326 1538 ue
335 1489 432 1552 sucrum
451 1489 471 1536 P

154 1646 239 1702 uidem
262 1647 296 1701 de
318 1645 397 1702 redae
410 1679 448 1686 —
465 1645 628 1722 compositis)
651 1645 734 1702 Haec
755 1646 847 1702 verbe
858 1645 887 1702 in
900 1643 988 1722 Spin,
1012 1642 1090 1704 Gud.
1104 1645 1133 1717 2,

86 1726 177 1786 meu
209 1731 383 1788 exciderunt
404 1729 476 1808 (vid.
498 1730 537 1787 ad
559 1735 574 1801 5
598 1731 665 1803 27),
689 1731 752 1788 eine
774 1731 880 1806 quibus
903 1730 1048 1788 sententie
1074 1749 1133 1787 non

85 1825 193 1884 murum,
220 1835 295 1890 quae
318 1816 442 1874 vertitur
464 1816 494 1872 in
524 1815 597 1874 illie:
619 1818 713 1874 iisdem
735 1819 768 1874 de
790 1817 876 1874 redae.
920 1816 993 1874 Alia
1019 1816 1133 1873 ratione

85 1900 225 1974 compositu
246 1909 326 1958 recte
338 1901 483 1972 dicuntur,
507 1920 583 1976 quoe
605 1901 664 1960 elio
687 1903 789 1960 ordine
812 1901 1016 1976 scribendique
1038 1899 1134 1960 forme

84 1994 192 2061 tracum
209 1997 300 2044 erant

152 2070 294 2148 CepllI,
318 2073 347 2129 7.
369 2073 445 2141 vrak,
468 2074 557 2144 credo,
580 2071 708 2149 mererer)
732 2072 865 2150 Scaliger
884 2073 940 2144 „ed
962 2090 1043 2128 orem
1065 2070 1134 2128 libri

83 2155 145 2217 mitt
164 2155 208 2214 El.
231 2159 259 2229 2,
283 2157 328 2215 ed
351 2157 386 2215 P.
408 2157 514 2214 Marsi:
537 2177 587 2214 noa
609 2161 685 2215 male.
730 2161 846 2234 Aperta
867 2169 912 2215 est
932 2157 1036 2215 ironia.
1075 2156 1134 2216 Sed

82 2243 229 2299 annotanda
239 2253 284 2302 eet
294 2242 404 2319 duplex
417 2243 562 2300 sententia
574 2243 784 2300 condicionalis
800 2243 850 2300 uni
868 2243 1035 2320 primariae,
1058 2260 1133 2317 quae

82 2327 161 2383 medie
170 2328 321 2386 interiectu
332 2339 387 2400 est,
404 2328 591 2398 circumdate,
604 2329 683 2403 quod
694 2330 727 2386 fit
737 2329 805 2386 item
818 2330 964 2386 interdum
977 2329 1007 2385 in
1019 2337 1134 2386 senten·

80 2411 119 2467 tiis
138 2413 298 2472 censalibus
320 2415 376 2484 ite,
400 2423 433 2470 ut
453 2415 600 2490 posterior
622 2415 778 2490 specialius
800 2415 910 2488 aliquid
934 2415 1083 2471 contineat
1105 2421 1134 2470 et

81 2497 108 2552 ud
135 2517 206 2571 rem,
240 2500 275 2558 de
304 2519 362 2574 qua
389 2510 507 2575 egetur,
540 2501 661 2576 propius
684 2501 848 2577 pertinens,
882 2501 960 2574 qnod
983 2501 1013 2556 in
1035 2499 1133 2575 priore

80 2584 149 2654 quui
169 2584 331 2642 involutum
353 2584 452 2642 lateat.
497 2583 613 2645 Citutur
635 2586 671 2642 ab
695 2585 804 2644 Ottone
826 2587 911 2644 Verr.
934 2586 994 2657 IV,
1018 2585 1073 2642 43:
1101 2583 1136 2641 Si

81 2686 177 2733 maer,
199 2673 267 2746 quid
287 2681 360 2733 erut.
384 2673 457 2746 quod
477 2671 664 2745 confirmarit,
687 2691 715 2728 ee
737 2673 786 2728 ohe
809 2681 832 2728 te
853 2682 992 2745 arpentum
1014 2690 1070 2728 eece
1091 2689 1133 2727 re-

77 2757 216 2825 prulurum.
251 2759 276 2813 ei
307 2757 337 2813 id
370 2757 417 2813 o'oi
447 2777 499 2813 eeu
525 2759 658 2814 voluatote
689 2759 864 2814 vendiderat?
907 2757 1019 2814 Eodem
1047 2755 1133 2813 modo

80 2840 199 2897 scribitur
220 2841 341 2900 Tnecul.
362 2843 401 2912 V,
437 2843 477 2899 24
511 2841 701 2920 (quemquern
729 2843 770 2899 ibi
804 2842 928 2899 alterum
951 2863 1010 2900 cum
1040 2841 1133 2918 magis

80 2940 232 3000 comper-are
256 2927 433 2986 contrarium
456 2946 544 3002 quum
567 2946 685 2986 censam
719 2927 884 3004 significare
917 2927 1062 3002 videtur),
1098 2927 1134 2983 de

80 3007 162 3066 Dirin.
183 3014 232 3084 11,
259 3014 300 3078 ‘57
310 3055 318 3084 ‚
341 3013 378 3070 ud
400 3013 492 3070 Attio.
515 3013 545 3082 Ι,
570 3014 598 3082 5,
623 3015 641 3070 4
665 3014 738 3091 (carn
762 3015 857 3070 multoe
879 3015 936 3070 dieu
958 3033 1039 3070 auree
1061 3031 1135 3068 meae

81 3097 177 3155 damino
198 3101 339 3156 dedroeem.
362 3119 412 3155 nou
435 3100 502 3156 mili
518 3119 602 3173 praue
624 3101 760 3156 durieeem
782 3100 896 3156 scru'bcre
917 3101 956 3156 ad
972 3110 995 3156 te
1014 3101 1047 3155 de
1063 3099 1135 3154 illiue

81 3185 242 3252 permonita
265 3204 324 3241 cum
346 3203 392 3241 cae
413 3187 522 3243 otrdire.
542 3185 615 3258 quod
636 3195 693 3241 erat
710 3185 888 3254 eubodiosuru,
912 3181 1133 3260 leoeputueeem).

80 3265 143 3322 odd
172 3288 228 3346 pro
261 3269 362 3327 Tullio
405 3270 456 3330 12.
490 3271 541 3327 ubi
570 3270 668 3346 attigit
694 3271 750 3327 hoc
782 3288 875 3347 genus
902 3269 991 3327 Beier
1026 3289 1055 3345 p.
1080 3269 1134 3338 21;

81 3351 176 3410 flixerat
204 3355 318 3430 aliquid
345 3355 534 3412 Heindorfiue
566 3355 632 3413 laco
660 3373 718 3412 non
747 3363 816 3432 apto
843 3356 881 3412 ed
904 3354 965 3413 Cic.
986 3355 1026 3413 N.
1048 3355 1086 3411 D.
1108 3354 1134 3425 1,

81 3435 110 3492 li
130 3442 205 3512 (nam
230 3440 256 3497 is
278 3441 375 3510 locus,
408 3440 438 3496 in
461 3459 519 3515 quo
541 3441 622 3517 prior
644 3441 790 3498 sententia
812 3459 876 3498 curn
899 3441 993 3498 altere
1014 3449 1135 3517 pugnat,

78 3525 188 3593 puriter
210 3525 369 3584 mendosus
388 3525 460 3602 est);
483 3527 518 3583 de
541 3526 642 3583 eedem
656 3524 838 3585 Graecorum
860 3525 956 3584 forme
978 3525 1034 3602 (sic
1057 3525 1135 3582 euim

79 3619 163 3680 monte
184 3613 332 3682 nescitur,
355 3622 389 3668 ut
410 3612 487 3688 apud
506 3631 556 3670 eos
578 3631 694 3686 quoque
707 3611 758 3688 eit)
782 3632 809 3669 v.
821 3612 1001 3670 Matthiaeus
1013 3610 1066 3670 Gr.
1080 3609 1134 3670 Gr.

80 3695 171 3768 5636,
194 3697 222 3754 2.
279 3696 356 3755 Sunt
377 3697 453 3754 aliae
475 3708 617 3774 cognatae
638 3696 765 3768 formae,
799 3698 829 3755 in
858 3698 964 3773 quibus
986 3706 1053 3773 post
1075 3696 1134 3772 pri-

79 3782 181 3839 mariam
214 3783 391 3840 sententiam
425 3783 589 3840 distinctius
623 3783 802 3859 explicetur,
836 3784 914 3858 quod
947 3793 1014 3840 ante
1047 3800 1135 3859 gene·

78 3863 152 3924 relius
183 3879 213 3926 et
246 3868 366 3925 brevius
396 3867 504 3926 dictum
532 3878 591 3940 eet,
625 3869 707 3926 velut
733 3869 763 3926 in
793 3869 915 3926 coneilio
943 3867 1134 3944 significando

78 3949 139 4014 (lie.
159 3973 211 4029 pro
235 3953 323 4011 Rosc.
345 3953 448 4010 Amer.
474 3956 513 4011 14
534 3954 634 4029 ibique
657 3953 787 4030 Meum),
810 3955 840 4011 in
863 3953 1060 4030 comparando
1083 3952 1135 4029 (ad

77 4033 104 4108 Q.
122 4037 213 4096 Fretr.
238 4040 279 4108 ΙΙ,
306 4039 374 4096 152
397 4037 483 4118 [13]:
507 4039 554 4096 loc
570 4043 691 4114 Jbrtaose
713 4043 835 4114 efficiam,
859 4043 933 4115 quod
953 4058 1034 4114 saepe
1055 4038 1134 4115 etc).

77 4120 185 4181 Diversa
207 4135 255 4182 eet
277 4143 312 4181 eu
335 4125 579 4182 condicionalium
602 4127 811 4183 sententiarum
825 4125 909 4196 ratio,
934 4125 969 4183 de
986 4125 1135 4200 quadice-

78 4215 114 4262 tnr
132 4209 165 4266 ed
187 4209 230 4269 11.
257 4211 328 4267 112.

145 4307 168 4352 et
188 4299 306 4354 maxime
327 4296 361 4351 ab
383 4295 429 4372 iis)
452 4295 502 4354 Ao
512 4297 641 4369 Att.V1‚
666 4295 694 4368 2,
714 4297 746 4353 3:
769 4297 858 4372 Atque
879 4299 960 4353 iotam
981 4315 1027 4371 eya
1050 4297 1135 4353 locum

77 4381 164 4437 erilem
185 4383 274 4440 cerdic
296 4401 315 4438 a
337 4381 506 4440 Dicaearcho
528 4385 660 4440 trarmlali.
717 4383 796 4440 Male
830 4382 920 4460 igitur
947 4381 977 4439 in
1001 4380 1134 4442 Suetonii

928 4497 960 4546 2*
