2928 5012
385 381 430 427 nr
452 379 533 428 usn.
555 380 647 428 mnr
669 380 742 428 cnr.
761 383 785 428 e.
1087 361 1128 430 15

81 548 216 628 limento,
247 555 307 638 ut,
328 566 399 614 cum
432 547 601 631 Sophocles
628 549 678 614 vel
706 548 823 631 optime
850 549 1012 632 scripserit
1036 549 1126 616 Elec·

79 657 159 730 tam,
184 657 283 726 tamen
304 651 386 728 mele
412 669 595 718 conversam
616 649 704 717 Atilii
724 651 800 716 mihi
820 652 984 734 legendam
1004 657 1127 733 putem;

79 751 110 816 le
128 769 179 834 qno
197 752 356 833 licinius„
376 751 543 820 ferreum
576 753 823 836 scriptorem;
856 772 974 834 vemm,
1007 754 1128 836 opinor,

135 927 153 971 1.
170 921 282 973 Electrum
300 938 348 973 om.
368 923 390 972 1.
426 928 449 976 2.
467 923 544 974 Aestii
560 923 582 974 E
600 922 670 974 Aelii
684 923 783 974 LMPR

78 1078 223 1138 luentim
254 1081 304 1138 hic
337 1098 397 1138 non
430 1080 577 1154 numero).
629 1080 707 1138 Nam
740 1080 771 1137 in
794 1080 899 1138 ceteris
921 1080 994 1138 locis
1016 1083 1130 1138 multum

77 1175 182 1223 nonest
200 1186 252 1242 pro
275 1167 367 1234 ualde,
402 1176 435 1224 ut
463 1185 528 1224 cum
552 1165 674 1224 dicitur:
701 1169 812 1224 multum
833 1186 934 1224 nucum
955 1169 1128 1242 municipales

79 1250 174 1308 lautius
189 1254 330 1327 loqrmutur
342 1251 393 1330 (ad
404 1253 470 1310 Art.
482 1252 570 1322 VIII,
592 1252 639 1322 13,
664 1247 710 1332 2),
732 1252 763 1310 id
786 1261 840 1322 est,
863 1270 956 1328 euep03
980 1250 1128 1310 cimBrut.

77 1333 138 1402 tto,
168 1356 249 1411 quern
281 1338 379 1394 locum
402 1337 520 1394 mallem
542 1337 678 1394 Handius
701 1337 750 1395 III
776 1357 805 1414 p.
830 1338 890 1396 668
926 1336 1129 1395 coniunxisset

75 1439 128 1476 mm
148 1423 193 1494 iis,
225 1441 300 1496 quos
321 1443 350 1499 p.
375 1421 436 1480 670
458 1441 487 1479 n.
511 1423 529 1482 7
558 1423 665 1498 posuit.
709 1423 775 1480 Nec
804 1423 841 1480 ab
869 1422 929 1480 alie
950 1441 1040 1480 conso
1062 1425 1128 1498 pluo

74 1523 122 1561 non
153 1526 214 1565 raro
244 1527 300 1584 pro
322 1511 408 1582 mopia
440 1507 548 1566 dicitnr
570 1507 701 1584 (Zumpt.
724 1507 761 1565 ad
782 1509 869 1568 Verr.
891 1509 939 1579 Il,
974 1508 1028 1578 21;
1062 1507 1129 1565 odd.
1185 1499 1191 1512 ’

74 1591 105 1646 N.
124 1593 158 1650 D.
178 1595 206 1664 1,
229 1593 280 1666 72,
314 1593 436 1650 Tuscnl.
458 1594 522 1664 111,
546 1593 602 1664 72,
625 1593 717 1670 Legg.
739 1594 786 1664 II,
811 1594 844 1665 3,
867 1593 975 1651 Perud.
999 1593 1033 1664 2,
1056 1593 1129 1650 Phi-

74 1675 132 1753 lipp
152 1679 194 1748 H,
228 1679 291 1755 38).
347 1677 435 1752 Quod
466 1679 514 1736 hic
546 1689 615 1755 post
641 1679 808 1738 Manutium
840 1687 871 1737 et
902 1679 1077 1736 Lambinum
1111 1697 1130 1735 a

72 1763 263 1821 recentioribus
286 1764 396 1821 editum
414 1773 459 1822 est
475 1773 506 1822 et
516 1772 666 1839 tamquam
678 1773 780 1822 contra
791 1773 948 1823 novatores
966 1763 1128 1835 defensum,

72 1857 123 1909 rom
143 1849 248 1906 nullom
270 1849 328 1907 nisi
351 1849 463 1926 primae
486 1849 625 1908 editionis
647 1850 852 1908 auctoritatem
875 1851 1151 1920 haberevidetur3.

72 1931 96 1988 in
116 1935 191 1992 codd.
212 1935 384 1993 Davisienis
407 1953 460 1993 sex
482 1943 547 1992 eret
569 1944 680 1992 tuntum

143 2019 226 2096 Atilii)
259 2019 326 2100 [Sic
348 2018 403 2098 A.]
435 2020 534 2078 Etiam
569 2021 632 2078 eod.
666 2021 745 2078 Vict.
768 2019 850 2078 Antii.
900 2020 1003 2092 Atilii,
1033 2029 1129 2096 potum

71 2104 199 2176 dorimini,
220 2125 323 2164 versus
346 2125 384 2163 ex
407 2106 568 2176 comoedia,
591 2115 625 2163 ut
646 2105 772 2176 videtur,
795 2106 1027 2163 citaturadnu.
1039 2107 1128 2176 XIV,

73 2189 114 2251 io.
138 2191 168 2261 33
190 2191 307 2249 Electra
330 2191 393 2249 eius
415 2192 494 2268 opud
517 2191 666 2252 Suetlul.
685 2193 734 2249 84.
767 2193 850 2250 Inter
866 2191 993 2250 comicos
1011 2190 1131 2267 ponitur

72 2273 94 2329 iu
124 2276 251 2335 rensibus
273 2275 399 2354 Sedigiti
432 2277 510 2354 apud
538 2271 618 2336 Ge'll.
640 2279 712 2349 XV,
747 2278 802 2348 24,
836 2295 890 2334 nec
913 2278 1050 2334 oberrare
1078 2294 1129 2342 eos

71 2360 158 2432 medo,
181 2364 228 2436 qui
251 2363 375 2420 eundem
399 2381 418 2418 a
439 2364 575 2420 Varrone
598 2363 633 2419 de
656 2363 690 2420 L.
713 2363 748 2421 L.
770 2363 830 2434 VI,
854 2383 883 2438 p.
907 2362 945 2420 75
970 2362 1033 2438 Bip.
1060 2373 1089 2418 et
1110 2380 1130 2418 a

71 2442 156 2504 Gellio
187 2448 248 2520 ΠΙ,
284 2449 303 2505 3
337 2448 519 2506 nominatum
552 2456 666 2524 putent.
721 2448 798 2506 Mire
825 2448 872 2505 vir
905 2448 1129 2517 eruditissimus,
1170 2487 1173 2496 .

69 2532 101 2586 t.
118 2533 315 2604 Weiehertus,
349 2533 381 2590 in
414 2541 601 2591 commentat.
629 2534 665 2591 de
694 2534 810 2592 Licinio
843 2533 936 2592 Calvo
970 2534 1012 2610 (p.
1045 2531 1128 2608 139),

70 2617 135 2688 quoti
155 2619 264 2677 Atilius
297 2627 366 2695 post
387 2618 515 2678 Statium
543 2627 574 2676 et
594 2619 768 2676 Terentium
800 2619 983 2688 nominatur,
1018 2618 1128 2675 comice

69 2701 99 2756 ab
109 2721 140 2760 eo
151 2703 295 2762 Electram
308 2723 481 2762 conversam
492 2713 586 2781 putat,
609 2723 687 2762 novo
698 2723 806 2782 genere
818 2704 967 2776 vertendi,
991 2703 1070 2778 qnod
1092 2722 1128 2760 ne

70 2803 134 2843 nono
142 2789 256 2863 quidem
268 2791 299 2847 in
310 2791 367 2847 hac
379 2790 508 2847 omniurn
520 2789 685 2848 litterarum
697 2790 900 2848 communione
912 2799 1062 2865 receptum
1075 2797 1128 2859 est,

69 2871 283 2944 otGermonica,
307 2876 389 2932 verbi
402 2893 500 2946 cause,
523 2875 646 2952 perodio
657 2875 804 2933 scribatur
814 2875 984 2952 tragoediae
1005 2874 1129 2931 alicuius

69 2955 201 3028 Gallicam
222 2980 277 3019 nec
288 2979 360 3018 sene
371 2970 434 3018 tum
450 2961 538 3019 Atilii
549 2961 669 3018 Electra
691 2961 793 3019 eadem
816 2968 903 3032 esset,
926 2979 1001 3035 quae
1013 2959 1129 3019 Graece

70 3041 206 3117 legeretur.
250 3047 324 3105 Post
350 3047 444 3104 bonos
471 3054 575 3122 poetas
602 3045 730 3123 tragicos
758 3055 788 3104 et
810 3046 938 3104 comicos
960 3045 1054 3102 malus
1076 3063 1129 3101 no·

69 3129 181 3188 minatur
201 3131 265 3190 sine
287 3132 404 3208 generis
427 3131 604 3190 discrimine.

137 3219 169 3275 de
189 3238 243 3294 quo
265 3216 403 3292 Licinius)
425 3217 499 3291 Quis
522 3218 574 3289 sit,
602 3218 747 3275 incertum
780 3225 833 3274 est.
887 3215 1129 3275 Vetustissimum

69 3307 168 3372 peretum
189 3304 345 3372 cornicum,
367 3302 514 3361 Licinium
536 3303 705 3374 Imbricem,
727 3301 853 3360 fortasse
870 3301 967 3360 Atilio
989 3301 1128 3378 priorem,

69 3389 182 3456 queml.
206 3387 246 3448 G.
267 3388 396 3446 Vossius
418 3397 449 3446 et
475 3388 526 3446 ulii
553 3389 743 3465 intellegunt,
772 3405 924 3445 censuram
953 3387 1128 3463 scriptorum

68 3473 182 3532 remmus
215 3475 400 3546 exercuisse,
433 3493 554 3550 prorsus
587 3473 781 3550 improbabile
815 3482 874 3544 est3
907 3493 925 3531 a
956 3472 1072 3530 Lucilio
1100 3480 1130 3529 et

68 3555 138 3615 Attio
157 3560 213 3618 hoc
236 3559 336 3636 coepit
357 3558 425 3637 (cfr.
448 3559 558 3635 Opusc.
580 3571 682 3618 nostra
703 3558 846 3618 Academ.
868 3559 884 3616 I
906 3579 935 3636 p.
961 3557 1050 3633 106);
1073 3575 1128 3615 nec

68 3643 209 3704 torminum
232 3645 378 3704 leviorum
407 3653 437 3703 et
464 3645 594 3703 iocorum
618 3645 744 3722 scriptor
767 3644 801 3703 C.
824 3643 950 3713 Calvus,
985 3643 1128 3703 Cicerone

67 3729 139 3798 puolo
159 3741 257 3787 aetate
281 3731 392 3802 minor,
425 3730 558 3808 intellegi
585 3739 692 3808 potest.
736 3730 892 3806 Superest,
924 3749 1011 3804 quem
1039 3729 1128 3786 etiam

66 3811 236 3874 Veichertus
258 3817 290 3890 (l.
313 3816 353 3893 c)
381 3815 540 3894 intellegit,
574 3817 699 3874 Porcius
721 3816 868 3886 Licinius,
897 3815 947 3891 qui
970 3816 1006 3872 de
1033 3815 1129 3890 poetis

66 3896 161 3972 aliquid
180 3902 317 3960 versibus
339 3901 460 3978 scripsit
471 3903 572 3978 (Varr.
582 3903 618 3960 L.
629 3897 663 3960 L.
675 3904 714 3974 V,
737 3922 766 3978 p.
779 3903 819 3959 45
832 3902 908 3978 sip,
933 3901 1011 3959 Gell.
1023 3901 1127 3971 XVII,

67 3981 110 4052 21,
137 3986 217 4046 Suet.
251 3987 303 4045 vit.
336 3987 472 4059 Terent,
507 3987 616 4065 Opusc.
649 3997 740 4046 nostr.
774 3988 790 4045 Ι
829 4007 858 4063 p.
890 3985 979 4062 107);
1012 3986 1129 4042 videtur

65 4070 127 4128 enim
150 4073 174 4131 is
196 4071 342 4133 Cicerone
370 4073 523 4147 eliquanto
556 4073 706 4148 antiquior
737 4071 844 4144 fuisse,
878 4071 1006 4130 fortasse
1039 4071 1128 4128 etiam

64 4157 137 4225 penio
149 4158 184 4232 Q.
194 4159 328 4229 Lutatio,
352 4176 412 4216 cos.
429 4177 456 4215 a.
471 4160 529 4216 102
543 4159 634 4232 (Gell.
645 4159 741 4230 XIX,
767 4158 809 4235 9).
842 4155 996 4236 [Ceterum
1018 4157 1043 4214 is
1064 4175 1128 4214 rec·

64 4239 111 4298 tius
130 4243 250 4302 Licinus
273 4244 419 4320 appellari
442 4244 566 4316 videt-ur,
600 4253 648 4316 ut,
682 4245 707 4303 si
739 4244 788 4302 hic
815 4243 1006 4320 intelligitur,
1028 4243 1129 4300 littera

64 4322 228 4387 detrimentis
267 4327 331 4408 sit]
386 4329 473 4404 Quod
506 4337 574 4407 post
605 4330 746 4388 Vossinm
780 4329 880 4402 multi,
919 4347 1014 4406 nuper
1046 4327 1128 4386 Wei-
1228 4371 1230 4378 ,

63 4409 178 4485 ebertus,
212 4415 314 4472 omnia
342 4433 434 4490 usque
466 4416 505 4474 ad
533 4417 658 4490 lepardus
686 4419 721 4474 eit
742 4415 858 4473 Licinio
890 4414 1025 4473 tribuunt
1045 4423 1076 4472 et
1097 4413 1127 4470 in
1246 4489 1249 4496 Ι
