2920 5012
342 395 403 459 108
731 411 776 456 on
798 410 928 458 ursinus
952 409 1022 456 son.

340 580 538 659 successerit3
561 599 660 662 eoque
681 579 816 660 intellegi
838 587 956 661 potest,
979 587 1097 660 quanta
1119 579 1263 662 voluptas
1286 581 1327 644 sit
1351 599 1411 644 nou

340 683 454 748 dolere.
498 683 549 748 57.
583 683 643 748 Sed
671 690 707 748 ut
736 681 776 746 iis
798 681 887 746 bonis
909 681 1071 762 erigimur,
1100 700 1178 764 quae
1207 691 1415 764 expectamus

341 783 385 850 sic
406 783 558 849 luctemur
579 785 630 863 iis,
663 802 744 866 quae
767 784 975 850 recordamur.
1021 783 1114 848 Stulti
1135 791 1240 848 autern
1261 785 1415 866 malorrun

341 886 490 952 memoria
511 892 710 969 torquentum
745 886 901 967 sapientes
928 885 1010 950 bons
1042 885 1213 967 praeterita
1244 895 1338 968 grata
1366 906 1415 952 re

202 1054 205 1060 ,
303 988 522 1058 ocordstione
553 995 702 1055 renovate
729 988 890 1054 delectent
944 988 1002 1052 Est
1022 999 1127 1053 eutem
1149 989 1242 1054 situm
1262 989 1294 1054 in
1317 989 1415 1066 nobis,

341 1099 376 1156 ut
408 1098 440 1156 et
471 1092 606 1156 adversa
638 1091 729 1173 quasi
761 1099 915 1172 perpetua
942 1089 1095 1156 oblivione
1122 1090 1289 1156 obruamus
1311 1099 1345 1156 et
1367 1109 1416 1154 se-

341 1195 442 1260 cunda
474 1179 607 1258 iucunde
639 1211 676 1258 ao
709 1192 844 1256 suaviter
877 1192 1115 1258 meminerimus
1171 1194 1233 1258 Sed
1265 1212 1336 1258 cum
1370 1211 1416 1270 ea,

341 1314 422 1377 quae
448 1295 692 1378 praeterierunt,
725 1294 789 1360 acri
821 1295 925 1374 animo
948 1303 980 1360 et
1001 1303 1119 1360 attento
1146 1295 1316 1390 intuemur,
1351 1301 1417 1358 turn

413 1488 432 1533 1.
451 1500 478 1533 eo
497 1482 600 1548 intelleqr'
615 1483 637 1534 C
680 1499 727 1532 non
745 1481 871 1532 doloresit
889 1483 1009 1534 LMPCR
1053 1489 1075 1532 4.
1095 1501 1173 1533 renos.
1189 1491 1263 1548 proto
1285 1483 1378 1532 record.
1396 1483 1417 1533 C

342 1551 624 1618 e.n(prtus)0m.1t
651 1551 749 1602 soeculo
768 1553 824 1616 (pro
841 1551 999 1616 secando)E
1036 1559 1058 1602 8.
1079 1552 1165 1602 intento
1183 1553 1246 1603 sor.
1282 1552 1379 1602 tuncC

426 1729 461 1784 sit
482 1747 534 1783 reon
555 1725 657 1801 more)
681 1725 733 1786 Sic
754 1725 843 1784 etiam
866 1725 954 1802 Spin,
978 1726 1168 1802 edideretque
1190 1727 1248 1784 iarn
1267 1725 1416 1785 Gruterus

356 1831 393 1869 ex
415 1810 470 1889 A].

340 1809 355 1892 [
428 1899 476 1955 57.
520 1898 576 1954 Est
597 1907 686 1954 antem
707 1901 787 1954 situm
809 1899 835 1953 in
858 1895 947 1971 raetis)
975 1895 1103 1954 Enarrat
1125 1895 1233 1956 Gzius:
1267 1897 1293 1952 A
1317 1907 1417 1953 riotrrro

341 1984 482 2055 debemus,
517 1991 547 2041 et
573 1983 683 2059 repetit
703 1982 785 2042 Otto.
828 1983 909 2058 Ergo
937 1983 1026 2039 etium
1049 1982 1132 2040 stulti
1154 1983 1210 2040 hoc
1231 1981 1358 2051 socient,
1393 1981 1416 2038 si

340 2070 406 2146 ipsa
427 2079 533 2128 natura
554 2069 584 2126 id
607 2068 707 2126 efficit.
751 2068 856 2129 Cicero
883 2067 913 2124 in
947 2077 1048 2126 nostra
1069 2077 1216 2144 potestate
1239 2085 1304 2126 esse
1327 2067 1417 2144 signi·

340 2155 423 2225 ficat;
456 2155 516 2212 vid.
538 2174 592 2232 pro
614 2155 706 2212 Arch.
733 2158 765 2224 1,
789 2153 881 2212 Acad.
905 2154 952 2224 11,
978 2154 1032 2210 ³9:
1071 2154 1126 2211 Ubi
1151 2158 1231 2226 ἱρέων
1257 2156 1360 2224 virtue,
1394 2154 1418 2210 si

340 2242 407 2298 nint
428 2244 508 2298 eitum
528 2251 567 2297 est
588 2243 615 2297 in
638 2243 704 2315 rpn's
727 2238 820 2296 nobie?
864 2237 938 2317 [Hic
954 2239 996 2311 ΙΙ,
1017 2240 1067 2306 89.
1090 2240 1128 2310 V,
1155 2237 1218 2318 12]
1262 2237 1416 2308 Ostendit,

341 2326 412 2401 quid
434 2346 472 2384 ex
494 2345 529 2382 eo
546 2334 695 2400 sequetur,
719 2327 877 2400 quatiente
894 2325 1042 2400 exposuit,
1065 2325 1091 2382 si
1113 2325 1187 2382 nulli
1208 2325 1252 2383 rei
1273 2324 1417 2382 essentia-

341 2431 416 2483 mur,
439 2411 512 2468 nihil
534 2409 636 2468 forcia
653 2421 746 2468 rsostra
763 2421 903 2486 potestate.
937 2410 996 2470 Sed
1019 2428 1070 2467 cur
1087 2421 1146 2468 tem
1169 2411 1324 2486 imperitos
1346 2419 1416 2486 puto
1452 2419 1453 2426 ’

341 2498 466 2556 lectores
487 2495 562 2568 fore,
585 2516 673 2572 quarn
696 2497 824 2555 editores
846 2496 975 2568 fuerunt,
999 2514 1064 2553 curn
1076 2497 1250 2571 praesertim
1269 2495 1416 2554 inlexieis

341 2582 389 2639 hic
411 2583 474 2658 ipse
497 2583 579 2640 locus
601 2591 681 2640 rect'e
704 2579 888 2640 declaretur?
943 2582 1017 2638 Rern
1039 2581 1134 2657 ipsam
1162 2581 1293 2658 explicet
1312 2582 1415 2641 Cicero

269 2697 271 2704 v
341 2667 429 2726 Taso.
452 2669 510 2739 111,
535 2669 584 2724 33.
629 2668 712 2726 Nihil
734 2668 881 2744 Epicurus
904 2667 1042 2724 subtilius
1064 2667 1100 2724 de
1128 2667 1184 2724 hac
1211 2667 1302 2725 animi
1324 2665 1416 2724 nostri

340 2763 486 2828 potestate
520 2753 686 2830 disputasse
719 2753 849 2823 videtur,
884 2751 935 2810 sed
968 2761 1122 2810 contentus
1150 2752 1242 2811 fuisse
1270 2751 1415 2810 communi

341 2839 489 2914 opinione,
512 2841 636 2898 multum
659 2840 688 2896 in
710 2838 766 2895 hec
787 2857 819 2896 re
842 2838 941 2896 valere
962 2838 1161 2910 ¹uoluntatem,
1195 2839 1320 2896 alterum
1345 2837 1415 2896 omi-

342 2923 429 2988 sisse.
463 2941 522 2982 non
556 2925 655 2982 omnis
687 2943 752 2982 eam
784 2943 880 3000 posse.
925 2921 1012 2996 Quod
1045 2923 1150 2982 deinde
1178 2944 1198 2982 a
1224 2923 1415 2982 Doederlinio

341 3010 412 3084 poni
435 3009 522 3067 video
545 3011 633 3067 stab
656 3009 766 3069 Ottoue
788 3010 825 3066 ad
847 3009 925 3066 hunc
948 3010 1044 3067 locum
1073 3010 1196 3082 ascribi,
1230 3012 1346 3067 ineundo
1371 3027 1415 3064 re·

341 3093 413 3154 ferri
436 3096 474 3152 ed
497 3095 641 3166 oninium,
664 3098 781 3152 evociter
802 3095 840 3152 sd
862 3113 983 3171 corpus,
1007 3095 1063 3152 hoc
1086 3096 1204 3170 quidem
1227 3096 1293 3153 loco
1315 3103 1416 3171 aperte

342 3189 498 3254 utrumque
522 3181 629 3238 dicitur
651 3181 686 3238 de
708 3180 799 3236 animi
821 3180 988 3256 voluptate,
1018 3200 1093 3255 quse
1117 3201 1155 3238 ex
1177 3181 1320 3238 memoris
1341 3179 1416 3238 oris·

341 3274 407 3336 tur,
442 3266 593 3324 simultis
615 3266 687 3324 locis
711 3265 815 3324 Cicero
837 3266 867 3322 in
890 3266 1043 3341 voluptate
1066 3266 1231 3323 definiendo
1258 3265 1415 3324 iucundum

343 3360 453 3408 motum
476 3369 579 3410 sensus
601 3361 652 3409 aut
674 3351 805 3428 corporis
828 3352 917 3422 dixin
941 3361 1097 3427 utrumque
1120 3352 1274 3410 coniunxit
1295 3353 1337 3422 Π,
1364 3351 1414 3408 13:

342 3439 536 3494 contractionem
562 3457 667 3493 evocem
695 3439 867 3495 irrcnndr'totie
900 3441 927 3494 in
954 3457 1077 3513 corpore3
1112 3437 1164 3495 cfr.
1188 3438 1223 3494 de
1253 3438 1336 3496 Orat.
1359 3435 1414 3501 ΠΙ,

343 3523 393 3580 56.
437 3523 578 3580 Incundm
605 3524 771 3599 generalius
801 3532 860 3589 est,
894 3527 984 3580 soorn's
1011 3523 1104 3600 magis
1126 3523 1164 3579 ad
1186 3524 1305 3580 mollem
1328 3541 1415 3597 quen·

341 3608 408 3666 darn
432 3607 570 3666 affectum
592 3619 713 3684 spectet.
758 3608 854 3685 Saepe
877 3608 933 3666 viri
956 3609 1035 3667 docti
1057 3627 1220 3685 synonyme
1242 3609 1294 3666 tali
1317 3607 1416 3684 regula

343 3693 540 3770 distinguunt,
575 3703 608 3750 ut
638 3713 744 3752 vocum
777 3695 871 3752 flexus
900 3705 929 3752 et
956 3694 986 3751 in
1014 3695 1131 3752 eosdem
1160 3695 1232 3750 fines
1260 3713 1279 3751 o
1301 3694 1415 3750 diverse

342 3789 426 3856 parte
448 3779 631 3837 incursiones
652 3798 709 3838 non
733 3780 978 3850 animadvertant,
1002 3798 1068 3836 curu
1090 3780 1143 3838 tali
1165 3780 1292 3854 quodem
1316 3777 1415 3836 discri-

342 3865 430 3936 mine,
454 3865 533 3940 quod
555 3883 614 3922 non
636 3865 745 3938 ubique
768 3877 919 3940 appareat.

428 3960 453 4006 et
473 3951 584 4024 attento)
608 3950 702 4020 „Tres
724 3951 848 4025 optinri“
873 3951 942 4010 Gzii
965 3954 1074 4020 intento,
1104 3959 1136 4008 ut
1168 3970 1223 4028 pro
1245 3950 1353 4008 Flacco
1377 3949 1411 4004 26

343 4034 448 4094 Cicero
481 4036 571 4094 dixit:
604 4039 708 4092 nitentis
736 4039 819 4093 ocutis
841 4040 968 4094 acerrime
989 4039 1175 4112 connnrpluri,
1199 4045 1229 4094 et
1250 4037 1340 4094 'Iirsc
1362 4035 1413 4102 tv,

344 4121 399 4176 38:
431 4140 520 4180 ocrem
542 4123 794 4192 ariminensem,
818 4142 894 4197 quae
916 4123 988 4180 citat
1009 4121 1117 4192 Gzius3
1152 4122 1312 4180 contrade
1336 4121 1413 4180 Orat.

342 4205 401 4277 ΠΙ,
428 4207 481 4264 17:
503 4211 661 4264 acerrimom
683 4217 767 4282 otqrre
787 4212 988 4266 austerissimam
1010 4211 1199 4280 capitationem.
1240 4205 1414 4286 [Revocavit

343 4310 390 4350 me
411 4289 466 4368 A.]
520 4293 636 4350 Deinde
658 4303 715 4350 tum
736 4313 790 4370 pro
812 4304 874 4352 tnnc
896 4294 987 4369 (quod
1010 4303 1078 4368 post
1099 4313 1158 4352 cam
1181 4294 1320 4352 vitiosum
1342 4289 1412 4364 erat)

342 4377 495 4435 revocavit
517 4377 609 4436 Gnius
632 4397 648 4434 a
671 4379 765 4436 tribus
788 4379 865 4450 suis,
889 4379 968 4438 Oxx.
990 4377 1059 4458 Εξχ.
