3034 5030
336 431 400 496 314
728 451 773 498 nn
796 451 926 499 munus
949 452 1021 499 nou.

336 619 434 683 serint
456 617 549 696 milis,
571 625 607 681 ut
628 617 764 683 omnium
787 619 923 684 siderum
946 621 1064 700 eodeni
1087 623 1169 687 unde
1190 622 1411 704 proiectasint,

336 718 454 784 fiatad
475 737 571 784 unum
592 729 716 802 tempus
739 722 885 786 reversio.
919 723 1031 788 Nullus
1053 733 1103 788 est
1123 725 1219 806 igitur
1229 725 1411 807 cuiusquam

336 821 404 888 dies
427 821 548 887 natalis.
595 824 656 894 „At
677 822 837 888 habetur.“
883 823 924 888 Et
944 843 1002 906 ego
1029 825 1063 889 id
1085 826 1201 891 scilicet
1222 827 1412 892 nesciebam!

337 923 399 989 Sed
420 934 456 987 ut
477 923 526 1002 sit,
549 923 682 988 etiamne
703 931 930 1006 postmortem
952 926 1091 991 soletur?
1112 927 1205 1010 idque
1226 934 1412 993 testamento

298 1025 458 1092 eoavebit
483 1025 525 1104 is,
558 1025 611 1108 qui
640 1026 728 1091 nobis
761 1027 852 1109 quasi
879 1028 1036 1092 oraculum
1064 1029 1210 1108 ediderit,
1245 1029 1321 1094 nihil
1341 1035 1414 1112 post

336 1133 467 1192 mortem
489 1128 530 1192 ad
552 1146 609 1193 nos
631 1127 809 1209 pertinere?
854 1128 940 1194 Haec
968 1149 1029 1194 non
1060 1139 1150 1195 erent
1176 1131 1256 1210 eius,
1290 1132 1344 1213 qui
1364 1131 1413 1195 in-

336 1229 541 1296 numerabiles
559 1230 692 1295 mundos
706 1228 907 1312 infinitasque
918 1231 1069 1312 reglones,
1091 1250 1224 1314 quarum
1235 1233 1321 1297 nulla
1331 1241 1416 1298 esset

336 1349 401 1411 ora,
425 1333 509 1396 nulla
530 1331 725 1410 extremitas
746 1340 849 1397 mente
875 1333 1114 1414 peragravisset
1149 1334 1231 1398 Num
1255 1335 1330 1416 quid
1350 1334 1415 1400 tale

336 1433 553 1500 Democritus?
597 1434 641 1499 Ut
667 1433 745 1498 alios
773 1435 925 1513 omittam,
959 1434 1041 1500 hunc
1067 1435 1207 1517 appello,
1240 1455 1332 1518 quem
1362 1435 1415 1500 ille

409 1642 429 1688 l.
448 1645 470 1686 et
487 1637 617 1688 omniumC
653 1635 812 1686 2.uulliue1⁴]
853 1641 875 1686 8.
896 1647 918 1686 et
935 1636 993 1702 (pro
1010 1639 1087 1699 aaa
1123 1637 1205 1704 [labet
1227 1639 1278 1705 ah]
1316 1637 1416 1705 [sedicet

338 1721 388 1758 om.
407 1705 453 1773 Al]
475 1723 516 1771 eqo
533 1705 623 1756 scilicet
641 1705 669 1756 td
686 1705 827 1756 LPmaor.
845 1704 896 1755 acri.
915 1722 956 1771 eqo
975 1705 1040 1756 idC
1073 1711 1097 1760 t.
1116 1707 1221 1756 vetuli
1244 1715 1416 1773 postmortem

337 1783 502 1840 tranoppoet
515 1779 635 1840 pertinere
661 1772 763 1843 [A](PJ‚
781 1783 840 1839 poet
856 1791 899 1823 nor
917 1776 940 1823 R
976 1779 998 1822 8.
1021 1772 1090 1842 [lora
1108 1773 1142 1842 A]
1193 1776 1416 1840 mineorum

337 1852 410 1894 mente
428 1843 513 1892 nouL
548 1843 689 1908 uumquod
706 1845 724 1894 E
760 1841 856 1894 talneC
891 1848 915 1892 9.
934 1843 1067 1893 utcmli

336 2015 433 2074 forma
452 2017 618 2075 necessario
630 2016 785 2093 significat,
809 2016 947 2088 dubitari,
959 2034 997 2073 an
1009 2035 1168 2091 numquam
1179 2017 1211 2075 id
1222 2016 1354 2075 futurum
1367 2018 1415 2075 ait.

337 2100 399 2160 Cfr.
421 2101 459 2158 ad
482 2105 496 2172 ξ
521 2103 570 2160 74.
614 2104 760 2178 Apparet,
783 2101 941 2177 significari
959 2121 1097 2178 magnum
1119 2101 1203 2159 illum
1225 2121 1334 2160 annum
1352 2104 1416 2160 sire

337 2186 526 2255 mundanum,
545 2205 632 2262 quam
654 2195 770 2245 veteres
786 2187 905 2261 quidam
923 2197 1083 2262 praeeunte
1094 2187 1221 2245 Platone
1232 2183 1324 2268 (Tim
1337 2209 1366 2265 p.
1374 2188 1414 2245 39

338 2273 376 2342 D,
389 2271 451 2331 cie.
463 2272 499 2329 de
511 2272 601 2331 Univ.
614 2290 638 2330 c.
652 2271 684 2351 9)
707 2273 865 2330 commenti
877 2280 971 2344 erant,
989 2271 1143 2329 duodecim
1155 2273 1238 2335 nmilia
1251 2283 1417 2350 nongentos

337 2357 551 2434 quinquaginta
578 2367 719 2432 quattuor
744 2375 838 2414 annos
859 2359 972 2415 solares
993 2357 1251 2432 complectentem,
1278 2359 1330 2433 qni
1353 2369 1417 2416 tum

337 2441 415 2500 effici
437 2443 606 2519 putabatur,
630 2461 695 2501 cum
718 2443 789 2500 solis
817 2451 847 2500 et
878 2443 966 2500 lunae
989 2451 1019 2500 et
1041 2443 1170 2517 quinque
1194 2444 1354 2500 errantium
1378 2443 1417 2500 ed

338 2528 460 2586 eandem
483 2528 560 2585 inter
581 2548 612 2587 se
635 2529 884 2605 comparationem
907 2526 1034 2607 (idest,
1069 2528 1106 2585 ad
1134 2529 1256 2586 eandem
1283 2529 1417 2586 interae

338 2614 469 2671 locorum
493 2623 523 2670 et
543 2614 765 2672 intervallorum
789 2609 948 2691 rationem)
976 2611 1118 2670 coniectis
1152 2614 1282 2671 omnium
1311 2615 1417 2690 spatiis

338 2708 416 2757 esset
437 2697 517 2756 iacta
540 2699 708 2768 conversim
737 2694 813 2779 (Cic.
836 2699 875 2756 N.
898 2699 936 2756 D.
958 2700 1001 2771 II,
1025 2699 1080 2769 513
1114 2699 1181 2755 add.
1209 2697 1315 2776 fragm.
1339 2701 1418 2758 Hor-

338 2784 426 2842 tensii
448 2784 527 2860 apud
549 2785 723 2861 scriptorem
746 2784 856 2860 dialogi
880 2785 915 2841 de
944 2793 1053 2842 orator.
1076 2801 1100 2841 e.
1121 2785 1158 2842 16
1180 2793 1210 2841 et
1231 2803 1324 2842 somn.
1355 2785 1417 2844 Sci·

338 2869 418 2946 pion.
441 2873 455 2940 §
480 2870 520 2926 at
544 2869 595 2929 Or.
639 2871 775 2928 Aliorum
805 2869 982 2945 scriptorum
1010 2869 1092 2926 locos
1114 2869 1354 2946 Lindenbrogius
1381 2869 1419 2926 ad

338 2955 492 3014 Censorio.
515 2971 540 3012 c.
567 2957 604 3012 18
627 2953 769 3033 collegit).
813 2955 862 3012 Aa
882 2975 964 3011 urium
987 2965 1090 3030 tempus
1112 2963 1173 3012 est:
1206 2974 1258 3011 ano
1279 2966 1305 3011 et
1326 2957 1418 3012 eodem

338 3044 462 3117 temporis
481 3051 589 3116 perrocio.

422 3127 453 3183 id
473 3128 571 3182 scilicet
592 3127 749 3197 nesciebam)
778 3123 839 3184 Cur
866 3125 956 3201 igitur
982 3123 1073 3182 tantis
1099 3124 1239 3202 physicae
1266 3124 1420 3182 doctrinae

337 3211 510 3287 ambagibus
533 3211 693 3286 Epicurum
720 3211 758 3266 ad
786 3228 969 3268 communem
999 3229 1110 3268 morem
1138 3219 1168 3267 et
1195 3209 1367 3285 opinionem
1389 3228 1419 3267 se

338 3287 607 3354 accommodantem
630 3295 795 3371 impugnas,
818 3313 854 3352 ac
876 3314 935 3353 non
956 3295 987 3352 id
1009 3295 1073 3372 agia
1091 3295 1203 3371 paucis,
1227 3294 1307 3370 quod
1328 3313 1419 3371 agen·

337 3382 406 3439 dum
429 3391 488 3452 est,
511 3382 547 3438 de
571 3381 702 3438 vanitate
714 3379 861 3438 hominia?
883 3378 1044 3458 [ldaer'lr'cet
1065 3380 1154 3437 etiarn
1172 3381 1219 3438 Al
1235 3380 1302 3437 etB
1319 3381 1419 3438 edide-

336 3479 440 3542 ratqne
463 3466 611 3526 Gruterus
633 3466 781 3540 ceterique
804 3475 872 3523 ante
895 3463 1028 3543 Guium]

422 3555 472 3627 qui
491 3551 579 3626 roobia)
602 3551 755 3610 Manutius
777 3561 807 3609 et
828 3551 967 3627 deinceps
990 3551 1042 3608 elii
1059 3548 1307 3628 quidam(Grut.)
1330 3551 1420 3608 tacite

336 3639 409 3697 robis
432 3638 626 3714 scripserunt,
649 3637 775 3694 alterum
797 3636 939 3694 Davisius
956 3655 972 3694 e
989 3637 1085 3694 tribus
1100 3636 1196 3708 Pam,
1214 3635 1302 3706 Ball,
1319 3635 1420 3694 Mean

337 3719 464 3800 (Εξχψ),
488 3722 581 3781 Gaius
603 3741 620 3779 e
645 3723 768 3792 „trinis“
793 3721 854 3780 suis
876 3721 1078 3779 restituerunt.
1122 3719 1266 3780 Codicum
1277 3721 1419 3798 exiguum

336 3809 366 3866 iu
390 3809 445 3866 hac
466 3827 499 3865 re
522 3818 700 3866 momentum
723 3817 777 3865 est.
812 3807 872 3866 Sed
895 3807 1000 3866 Cicero
1011 3807 1173 3882 Epicurum
1194 3805 1322 3863 irridens
1340 3824 1421 3865 com·

337 3894 453 3952 modius
475 3893 518 3952 sic
541 3894 685 3968 loquitur,
718 3903 868 3968 tamquam
897 3893 953 3950 hoc
975 3892 1026 3949 ille
1048 3892 1198 3950 oraculum
1223 3891 1303 3949 omni
1324 3891 1422 3950 homi·

337 3999 406 4037 num
429 3979 531 4056 generi
554 3979 688 4036 ediderit.
712 3975 796 4058 (Post
807 3988 915 4036 mortem
926 3981 966 4036 ad
987 3987 1122 4053 raspert.
1146 3976 1217 4036 Gzii
1232 3994 1335 4034 omnes
1349 3975 1421 4056 [B];

337 4075 368 4122 ut
381 4066 417 4136 R,
441 4064 506 4121 edd.
524 4063 638 4139 aliquot
649 4073 717 4122 ente
729 4063 832 4134 Grut3
855 4065 880 4122 is
893 4063 996 4120 tacite:
1019 4064 1086 4120 uidit
1107 4063 1147 4119 ad
1162 4083 1188 4118 u.
1203 4071 1273 4137 pert.
1283 4081 1314 4137 p.
1325 4060 1421 4141 maort.)

422 4161 505 4207 menta
522 4147 739 4227 peregrum'aeet)
756 4149 879 4225 Opinor,
893 4148 1030 4208 Ciceroni
1041 4149 1229 4206 obversatum
1246 4157 1298 4204 aut
1309 4145 1422 4206 Graeci

337 4234 489 4310 scriptoris
513 4234 609 4292 locum
632 4235 757 4293 similem
780 4233 951 4291 Lucretiani
972 4234 1002 4290 in
1026 4233 1121 4291 libr.I
1137 4251 1165 4289 v.
1186 4233 1225 4291 74
1244 4249 1308 4307 sqq.
1330 4233 1422 4309 (omae

337 4323 528 4376 irrrmeueum
552 4323 759 4396 peragravit
786 4330 891 4376 mente
918 4318 1111 4395 animoque)
1134 4328 1186 4375 aut
1211 4317 1290 4374 hunc
1321 4317 1420 4393 ipsum

337 4404 556 4478 Lucretianum,
579 4425 666 4480 quern
689 4406 802 4482 legerat
824 4404 875 4483 (ad
899 4403 956 4478 Qu.
978 4405 1028 4462 Fr.
1050 4404 1094 4472 Π,
1120 4407 1168 4475 11,
1192 4400 1235 4478 3).
