<?xml version="1.0" encoding="UTF-8"?>
<!DOCTYPE html PUBLIC "-//W3C//DTD XHTML 1.0 Transitional//EN"
    "http://www.w3.org/TR/xhtml1/DTD/xhtml1-transitional.dtd">
<html xmlns="http://www.w3.org/1999/xhtml" xml:lang="en" lang="en">
 <head>
  <title>
</title>
<meta http-equiv="Content-Type" content="text/html;charset=utf-8" />
  <meta name='ocr-system' content='tesseract 3.04.00' />
  <meta name='ocr-capabilities' content='ocr_page ocr_carea ocr_par ocr_line ocrx_word'/>
</head>
<body>
  <div class='ocr_page' id='page_1' title='image "./definibusbonoru04cicegoog_0429.png"; bbox 0 0 3034 5030; ppageno 0'>
   <div class='ocr_carea' id='block_1_1' title="bbox 451 425 1196 490">
    <p class='ocr_par' dir='ltr' id='par_1_1' title="bbox 451 425 1196 490">
     <span class='ocr_line' id='line_1_1' title="bbox 451 425 1196 490; baseline 0.008 -6"><span class='ocrx_word' id='word_1_1' title='bbox 451 439 872 488; x_wconf 70' lang='lat' dir='ltr'>musunmmcsm</span> <span class='ocrx_word' id='word_1_2' title='bbox 1131 425 1196 490; x_wconf 79' lang='lat'>353</span> 
     </span>
    </p>
   </div>
   <div class='ocr_carea' id='block_1_2' title="bbox 1 587 1195 686">
    <p class='ocr_par' dir='ltr' id='par_1_2' title="bbox 1 587 1195 686">
     <span class='ocr_line' id='line_1_2' title="bbox 1 587 1195 686; baseline 0.003 -15"><span class='ocrx_word' id='word_1_3' title='bbox 1 587 2 594; x_wconf 7' lang='grc' dir='ltr'>ἵ</span> <span class='ocrx_word' id='word_1_4' title='bbox 111 608 180 686; x_wconf 89' lang='lat' dir='ltr'>los,</span> <span class='ocrx_word' id='word_1_5' title='bbox 206 608 255 672; x_wconf 84' lang='lat' dir='ltr'>vir</span> <span class='ocrx_word' id='word_1_6' title='bbox 275 626 345 672; x_wconf 89' lang='lat' dir='ltr'>eum</span> <span class='ocrx_word' id='word_1_7' title='bbox 367 608 510 672; x_wconf 81' lang='lat' dir='ltr'>omuibus</span> <span class='ocrx_word' id='word_1_8' title='bbox 531 607 697 686; x_wconf 74' lang='lat' dir='ltr'>exuensne,</span> <span class='ocrx_word' id='word_1_9' title='bbox 725 617 791 674; x_wconf 87' lang='lat' dir='ltr'>tum</span> <span class='ocrx_word' id='word_1_10' title='bbox 813 627 932 674; x_wconf 79' lang='lat' dir='ltr'>mentm</span> <span class='ocrx_word' id='word_1_11' title='bbox 954 621 986 674; x_wconf 85' lang='lat' dir='ltr'>et</span> <span class='ocrx_word' id='word_1_12' title='bbox 1007 610 1142 675; x_wconf 81' lang='lat' dir='ltr'>amintia</span> <span class='ocrx_word' id='word_1_13' title='bbox 1164 621 1195 675; x_wconf 86' lang='lat' dir='ltr'>et</span> 
     </span>
    </p>
   </div>
   <div class='ocr_carea' id='block_1_3' title="bbox 189 795 398 845">
    <p class='ocr_par' dir='ltr' id='par_1_3' title="bbox 189 795 398 845">
     <span class='ocr_line' id='line_1_3' title="bbox 189 795 398 845; baseline 0.005 -1"><span class='ocrx_word' id='word_1_14' title='bbox 189 795 398 845; x_wconf 49' lang='lat' dir='ltr'>lavalle</span> 
     </span>
    </p>
   </div>
   <div class='ocr_carea' id='block_1_4' title="bbox 1 985 1195 1063">
    <p class='ocr_par' dir='ltr' id='par_1_4' title="bbox 1 985 1195 1063">
     <span class='ocr_line' id='line_1_4' title="bbox 1 985 1195 1063; baseline 0.003 -21"><span class='ocrx_word' id='word_1_15' title='bbox 1 1033 2 1048; x_wconf 67' lang='lat'>,</span> <span class='ocrx_word' id='word_1_16' title='bbox 111 1005 187 1042; x_wconf 88' lang='lat' dir='ltr'>eum</span> <span class='ocrx_word' id='word_1_17' title='bbox 206 985 349 1055; x_wconf 88' lang='lat' dir='ltr'>hocloco,</span> <span class='ocrx_word' id='word_1_18' title='bbox 366 995 567 1062; x_wconf 86' lang='lat' dir='ltr'>atqnesupre,</span> <span class='ocrx_word' id='word_1_19' title='bbox 590 985 708 1043; x_wconf 85' lang='lat' dir='ltr'>nomine</span> <span class='ocrx_word' id='word_1_20' title='bbox 719 985 922 1062; x_wconf 83' lang='lat' dir='ltr'>significasset,</span> <span class='ocrx_word' id='word_1_21' title='bbox 944 1005 1011 1044; x_wconf 89' lang='lat' dir='ltr'>cum</span> <span class='ocrx_word' id='word_1_22' title='bbox 1022 987 1195 1063; x_wconf 85' lang='lat' dir='ltr'>praesertim</span> 
     </span>
    </p>
   </div>
   <div class='ocr_carea' id='block_1_5' title="bbox 112 1069 1195 1147">
    <p class='ocr_par' dir='ltr' id='par_1_5' title="bbox 112 1069 1195 1147">
     <span class='ocr_line' id='line_1_5' title="bbox 112 1069 1195 1147; baseline 0.002 -19"><span class='ocrx_word' id='word_1_23' title='bbox 112 1089 187 1128; x_wconf 87' lang='lat' dir='ltr'>mox</span> <span class='ocrx_word' id='word_1_24' title='bbox 199 1069 380 1147; x_wconf 81' lang='lat' dir='ltr'>Caepionem</span> <span class='ocrx_word' id='word_1_25' title='bbox 401 1071 492 1128; x_wconf 87' lang='lat' dir='ltr'>alium</span> <span class='ocrx_word' id='word_1_26' title='bbox 514 1070 679 1130; x_wconf 87' lang='lat' dir='ltr'>nominaret</span> <span class='ocrx_word' id='word_1_27' title='bbox 702 1090 756 1127; x_wconf 91' lang='lat' dir='ltr'>nec</span> <span class='ocrx_word' id='word_1_28' title='bbox 772 1071 863 1128; x_wconf 91' lang='lat' dir='ltr'>ullam</span> <span class='ocrx_word' id='word_1_29' title='bbox 879 1071 974 1130; x_wconf 88' lang='lat' dir='ltr'>altero</span> <span class='ocrx_word' id='word_1_30' title='bbox 985 1083 1051 1130; x_wconf 82' lang='lat' dir='ltr'>unu</span> <span class='ocrx_word' id='word_1_31' title='bbox 1068 1071 1134 1130; x_wconf 80' lang='lat' dir='ltr'>locu</span> <span class='ocrx_word' id='word_1_32' title='bbox 1152 1073 1195 1130; x_wconf 92' lang='lat' dir='ltr'>di·</span> 
     </span>
    </p>
   </div>
   <div class='ocr_carea' id='block_1_6' title="bbox 1 1155 1196 1234">
    <p class='ocr_par' dir='ltr' id='par_1_6' title="bbox 1 1155 1196 1234">
     <span class='ocr_line' id='line_1_6' title="bbox 1 1155 1196 1234; baseline 0.002 -20"><span class='ocrx_word' id='word_1_33' title='bbox 1 1231 2 1234; x_wconf 8' lang='lat'><em>*</em></span> <span class='ocrx_word' id='word_1_34' title='bbox 112 1157 284 1232; x_wconf 79' lang='lat' dir='ltr'>stingvendi</span> <span class='ocrx_word' id='word_1_35' title='bbox 311 1165 412 1213; x_wconf 89' lang='lat' dir='ltr'>notam</span> <span class='ocrx_word' id='word_1_36' title='bbox 439 1156 570 1213; x_wconf 76' lang='lat' dir='ltr'>adderet.</span> <span class='ocrx_word' id='word_1_37' title='bbox 614 1155 667 1219; x_wconf 84' lang='lat' dir='ltr'>Et,</span> <span class='ocrx_word' id='word_1_38' title='bbox 696 1155 754 1213; x_wconf 86' lang='lat' dir='ltr'>nisi</span> <span class='ocrx_word' id='word_1_39' title='bbox 783 1156 889 1216; x_wconf 81' lang='lat' dir='ltr'>Cicero</span> <span class='ocrx_word' id='word_1_40' title='bbox 916 1157 1073 1215; x_wconf 75' lang='lat' dir='ltr'>admodum</span> <span class='ocrx_word' id='word_1_41' title='bbox 1101 1159 1196 1216; x_wconf 90' lang='lat' dir='ltr'>Bruto</span> 
     </span>
    </p>
   </div>
   <div class='ocr_carea' id='block_1_7' title="bbox 110 1241 1197 2856">
    <p class='ocr_par' dir='ltr' id='par_1_7' title="bbox 110 1241 1197 2856">
     <span class='ocr_line' id='line_1_7' title="bbox 113 1241 1194 1317; baseline 0.002 -19"><span class='ocrx_word' id='word_1_42' title='bbox 113 1241 278 1303; x_wconf 74' lang='lat' dir='ltr'>blanditur.</span> <span class='ocrx_word' id='word_1_43' title='bbox 300 1260 361 1316; x_wconf 90' lang='lat' dir='ltr'>quo</span> <span class='ocrx_word' id='word_1_44' title='bbox 382 1251 515 1317; x_wconf 87' lang='lat' dir='ltr'>tempore</span> <span class='ocrx_word' id='word_1_45' title='bbox 537 1242 585 1298; x_wconf 87' lang='lat' dir='ltr'>hic</span> <span class='ocrx_word' id='word_1_46' title='bbox 607 1260 705 1299; x_wconf 89' lang='lat' dir='ltr'>sermo</span> <span class='ocrx_word' id='word_1_47' title='bbox 726 1243 805 1299; x_wconf 89' lang='lat' dir='ltr'>inter</span> <span class='ocrx_word' id='word_1_48' title='bbox 815 1241 988 1302; x_wconf 87' lang='lat' dir='ltr'>Ciceronem</span> <span class='ocrx_word' id='word_1_49' title='bbox 1010 1253 1041 1300; x_wconf 88' lang='lat' dir='ltr'>et</span> <span class='ocrx_word' id='word_1_50' title='bbox 1052 1242 1194 1302; x_wconf 89' lang='lat' dir='ltr'>Catonem</span> 
     </span>
     <span class='ocr_line' id='line_1_8' title="bbox 113 1327 1195 1405; baseline 0.001 -21"><span class='ocrx_word' id='word_1_51' title='bbox 113 1327 237 1384; x_wconf 76' lang='lat' dir='ltr'>babitus</span> <span class='ocrx_word' id='word_1_52' title='bbox 258 1327 389 1405; x_wconf 78' lang='lat' dir='ltr'>fingitur,</span> <span class='ocrx_word' id='word_1_53' title='bbox 412 1327 542 1385; x_wconf 89' lang='lat' dir='ltr'>nondum</span> <span class='ocrx_word' id='word_1_54' title='bbox 564 1337 682 1402; x_wconf 85' lang='lat' dir='ltr'>poterat</span> <span class='ocrx_word' id='word_1_55' title='bbox 701 1327 813 1386; x_wconf 86' lang='lat' dir='ltr'>Brutus</span> <span class='ocrx_word' id='word_1_56' title='bbox 834 1329 913 1386; x_wconf 86' lang='lat' dir='ltr'>inter</span> <span class='ocrx_word' id='word_1_57' title='bbox 923 1328 1080 1386; x_wconf 89' lang='lat' dir='ltr'>Lucullum</span> <span class='ocrx_word' id='word_1_58' title='bbox 1091 1339 1121 1385; x_wconf 86' lang='lat' dir='ltr'>et</span> <span class='ocrx_word' id='word_1_59' title='bbox 1138 1328 1195 1388; x_wconf 86' lang='lat' dir='ltr'>Ca·</span> 
     </span>
     <span class='ocr_line' id='line_1_9' title="bbox 112 1413 1196 1492; baseline 0 -22"><span class='ocrx_word' id='word_1_60' title='bbox 112 1423 216 1470; x_wconf 87' lang='lat' dir='ltr'>touem</span> <span class='ocrx_word' id='word_1_61' title='bbox 238 1413 309 1488; x_wconf 89' lang='lat' dir='ltr'>poni</span> <span class='ocrx_word' id='word_1_62' title='bbox 331 1413 446 1475; x_wconf 74' lang='lat' dir='ltr'>tertius,</span> <span class='ocrx_word' id='word_1_63' title='bbox 469 1413 516 1470; x_wconf 89' lang='lat' dir='ltr'>cui</span> <span class='ocrx_word' id='word_1_64' title='bbox 538 1431 613 1488; x_wconf 90' lang='lat' dir='ltr'>puer</span> <span class='ocrx_word' id='word_1_65' title='bbox 634 1413 813 1488; x_wconf 87' lang='lat' dir='ltr'>respondere</span> <span class='ocrx_word' id='word_1_66' title='bbox 834 1413 964 1472; x_wconf 88' lang='lat' dir='ltr'>deberet.</span> <span class='ocrx_word' id='word_1_67' title='bbox 1008 1413 1068 1474; x_wconf 86' lang='lat' dir='ltr'>Sed</span> <span class='ocrx_word' id='word_1_68' title='bbox 1090 1432 1196 1492; x_wconf 81' lang='lat' dir='ltr'>magne</span> 
     </span>
     <span class='ocr_line' id='line_1_10' title="bbox 113 1497 1195 1572; baseline 0.003 -18"><span class='ocrx_word' id='word_1_69' title='bbox 113 1497 276 1555; x_wconf 75' lang='lat' dir='ltr'>difficultas</span> <span class='ocrx_word' id='word_1_70' title='bbox 299 1507 345 1556; x_wconf 84' lang='lat' dir='ltr'>est</span> <span class='ocrx_word' id='word_1_71' title='bbox 366 1498 466 1569; x_wconf 91' lang='lat' dir='ltr'>iniis,</span> <span class='ocrx_word' id='word_1_72' title='bbox 489 1516 565 1572; x_wconf 86' lang='lat' dir='ltr'>quae</span> <span class='ocrx_word' id='word_1_73' title='bbox 588 1507 767 1572; x_wconf 86' lang='lat' dir='ltr'>sequuntur:</span> <span class='ocrx_word' id='word_1_74' title='bbox 794 1502 841 1555; x_wconf 57' lang='grc' dir='ltr'>(τιν’</span> <span class='ocrx_word' id='word_1_75' title='bbox 861 1503 985 1556; x_wconf 66' lang='lat' dir='ltr'>menone</span> <span class='ocrx_word' id='word_1_76' title='bbox 1007 1519 1127 1566; x_wconf 68' lang='lat' dir='ltr'>neonem,-</span> <span class='ocrx_word' id='word_1_77' title='bbox 1149 1519 1195 1557; x_wconf 80' lang='lat' dir='ltr'>uec</span> 
     </span>
     <span class='ocr_line' id='line_1_11' title="bbox 112 1583 1195 1662; baseline 0.001 -21"><span class='ocrx_word' id='word_1_78' title='bbox 112 1587 185 1641; x_wconf 69' lang='lat' dir='ltr'>men</span> <span class='ocrx_word' id='word_1_79' title='bbox 207 1587 324 1657; x_wconf 58' lang='lat' dir='ltr'>proma,</span> <span class='ocrx_word' id='word_1_80' title='bbox 347 1587 444 1658; x_wconf 78' lang='lat' dir='ltr'>quurztr&#39;</span> <span class='ocrx_word' id='word_1_81' title='bbox 457 1585 570 1658; x_wconf 64' lang='lat' dir='ltr'>saccum</span> <span class='ocrx_word' id='word_1_82' title='bbox 596 1583 762 1660; x_wconf 81' lang='lat' dir='ltr'>Caepionem.</span> <span class='ocrx_word' id='word_1_83' title='bbox 786 1593 815 1640; x_wconf 92' lang='lat' dir='ltr'>et</span> <span class='ocrx_word' id='word_1_84' title='bbox 837 1584 917 1658; x_wconf 90' lang='lat' dir='ltr'>quod</span> <span class='ocrx_word' id='word_1_85' title='bbox 929 1583 1004 1643; x_wconf 88' lang='lat' dir='ltr'>Cato</span> <span class='ocrx_word' id='word_1_86' title='bbox 1018 1603 1088 1642; x_wconf 84' lang='lat' dir='ltr'>mox</span> <span class='ocrx_word' id='word_1_87' title='bbox 1105 1585 1195 1662; x_wconf 88' lang='lat' dir='ltr'>signi·</span> 
     </span>
     <span class='ocr_line' id='line_1_12' title="bbox 113 1668 1194 1740; baseline 0.002 -15"><span class='ocrx_word' id='word_1_88' title='bbox 113 1669 196 1735; x_wconf 79' lang='lat' dir='ltr'>ficut,</span> <span class='ocrx_word' id='word_1_89' title='bbox 208 1669 286 1726; x_wconf 88' lang='lat' dir='ltr'>hunc</span> <span class='ocrx_word' id='word_1_90' title='bbox 308 1679 485 1726; x_wconf 85' lang='lat' dir='ltr'>testamento</span> <span class='ocrx_word' id='word_1_91' title='bbox 495 1669 605 1726; x_wconf 85' lang='lat' dir='ltr'>liberos</span> <span class='ocrx_word' id='word_1_92' title='bbox 617 1686 686 1726; x_wconf 91' lang='lat' dir='ltr'>snos</span> <span class='ocrx_word' id='word_1_93' title='bbox 698 1668 834 1727; x_wconf 82' lang='lat' dir='ltr'><strong>Ciceroni</strong></span> <span class='ocrx_word' id='word_1_94' title='bbox 850 1669 1079 1726; x_wconf 86' lang='lat' dir='ltr'>commendasse.</span> <span class='ocrx_word' id='word_1_95' title='bbox 1106 1670 1194 1740; x_wconf 83' lang='lat' dir='ltr'>Nam,</span> 
     </span>
     <span class='ocr_line' id='line_1_13' title="bbox 113 1753 1195 1833; baseline 0 -21"><span class='ocrx_word' id='word_1_96' title='bbox 113 1755 169 1829; x_wconf 89' lang='lat' dir='ltr'>qui</span> <span class='ocrx_word' id='word_1_97' title='bbox 191 1773 217 1810; x_wconf 82' lang='lat' dir='ltr'>a</span> <span class='ocrx_word' id='word_1_98' title='bbox 236 1755 276 1812; x_wconf 86' lang='grc'>90</span> <span class='ocrx_word' id='word_1_99' title='bbox 298 1753 388 1830; x_wconf 89' lang='lat' dir='ltr'>periit</span> <span class='ocrx_word' id='word_1_100' title='bbox 409 1754 524 1832; x_wconf 84' lang='lat' dir='ltr'>legatus</span> <span class='ocrx_word' id='word_1_101' title='bbox 546 1753 676 1811; x_wconf 88' lang='lat' dir='ltr'>consulis</span> <span class='ocrx_word' id='word_1_102' title='bbox 693 1765 723 1810; x_wconf 90' lang='lat' dir='ltr'>et</span> <span class='ocrx_word' id='word_1_103' title='bbox 744 1755 805 1812; x_wconf 86' lang='lat' dir='ltr'>dux</span> <span class='ocrx_word' id='word_1_104' title='bbox 827 1755 985 1816; x_wconf 82' lang='lat' dir='ltr'>exercitus.</span> <span class='ocrx_word' id='word_1_105' title='bbox 1007 1773 1195 1833; x_wconf 84' lang='lat' dir='ltr'>nequemag-</span> 
     </span>
     <span class='ocr_line' id='line_1_14' title="bbox 113 1838 1196 1910; baseline 0.002 -14"><span class='ocrx_word' id='word_1_106' title='bbox 113 1859 188 1896; x_wconf 89' lang='lat' dir='ltr'>unm</span> <span class='ocrx_word' id='word_1_107' title='bbox 210 1857 275 1897; x_wconf 87' lang='lat' dir='ltr'>cum</span> <span class='ocrx_word' id='word_1_108' title='bbox 288 1839 441 1910; x_wconf 77' lang='lat' dir='ltr'>Cicerone,</span> <span class='ocrx_word' id='word_1_109' title='bbox 464 1849 526 1896; x_wconf 87' lang='lat' dir='ltr'>tum</span> <span class='ocrx_word' id='word_1_110' title='bbox 549 1839 600 1896; x_wconf 82' lang='lat' dir='ltr'>vix</span> <span class='ocrx_word' id='word_1_111' title='bbox 622 1838 749 1896; x_wconf 75' lang='lat' dir='ltr'>sedecim</span> <span class='ocrx_word' id='word_1_112' title='bbox 772 1859 865 1897; x_wconf 88' lang='lat' dir='ltr'>annos</span> <span class='ocrx_word' id='word_1_113' title='bbox 882 1850 961 1910; x_wconf 87' lang='lat' dir='ltr'>nato,</span> <span class='ocrx_word' id='word_1_114' title='bbox 984 1858 1069 1898; x_wconf 88' lang='lat' dir='ltr'>usum</span> <span class='ocrx_word' id='word_1_115' title='bbox 1086 1840 1196 1898; x_wconf 88' lang='lat' dir='ltr'>habere</span> 
     </span>
     <span class='ocr_line' id='line_1_15' title="bbox 113 1924 1195 2001; baseline 0.001 -19"><span class='ocrx_word' id='word_1_116' title='bbox 113 1944 213 2000; x_wconf 89' lang='lat' dir='ltr'>neque</span> <span class='ocrx_word' id='word_1_117' title='bbox 234 1925 263 1982; x_wconf 87' lang='lat' dir='ltr'>ei</span> <span class='ocrx_word' id='word_1_118' title='bbox 283 1925 395 1982; x_wconf 88' lang='lat' dir='ltr'>liberos</span> <span class='ocrx_word' id='word_1_119' title='bbox 417 1924 621 1982; x_wconf 83' lang='lat' dir='ltr'>commendare</span> <span class='ocrx_word' id='word_1_120' title='bbox 650 1926 756 2000; x_wconf 90' lang='lat' dir='ltr'>potuit.</span> <span class='ocrx_word' id='word_1_121' title='bbox 799 1925 852 1996; x_wconf 89' lang='lat' dir='ltr'>Et,</span> <span class='ocrx_word' id='word_1_122' title='bbox 886 1935 918 1982; x_wconf 88' lang='lat' dir='ltr'>ut</span> <span class='ocrx_word' id='word_1_123' title='bbox 946 1936 1082 2001; x_wconf 88' lang='lat' dir='ltr'>putemus</span> <span class='ocrx_word' id='word_1_124' title='bbox 1104 1925 1195 1983; x_wconf 89' lang='lat' dir='ltr'>alium</span> 
     </span>
     <span class='ocr_line' id='line_1_16' title="bbox 113 2009 1196 2087; baseline 0.001 -20"><span class='ocrx_word' id='word_1_125' title='bbox 113 2010 201 2068; x_wconf 87' lang='lat' dir='ltr'>illum</span> <span class='ocrx_word' id='word_1_126' title='bbox 223 2010 354 2087; x_wconf 86' lang='lat' dir='ltr'>legatum</span> <span class='ocrx_word' id='word_1_127' title='bbox 375 2009 482 2082; x_wconf 81' lang='lat' dir='ltr'>inisse,</span> <span class='ocrx_word' id='word_1_128' title='bbox 512 2010 616 2067; x_wconf 83' lang='lat' dir='ltr'>Liviae</span> <span class='ocrx_word' id='word_1_129' title='bbox 639 2010 776 2068; x_wconf 84' lang='lat' dir='ltr'>maritum</span> <span class='ocrx_word' id='word_1_130' title='bbox 788 2010 905 2087; x_wconf 83' lang='lat' dir='ltr'>longius</span> <span class='ocrx_word' id='word_1_131' title='bbox 916 2011 1009 2068; x_wconf 82' lang='lat' dir='ltr'>vitam</span> <span class='ocrx_word' id='word_1_132' title='bbox 1020 2010 1196 2086; x_wconf 88' lang='lat' dir='ltr'>produxisse</span> 
     </span>
     <span class='ocr_line' id='line_1_17' title="bbox 114 2093 1196 2173; baseline 0.001 -20"><span class='ocrx_word' id='word_1_133' title='bbox 114 2093 311 2173; x_wconf 84' lang='lat' dir='ltr'>(quamquam</span> <span class='ocrx_word' id='word_1_134' title='bbox 331 2113 428 2170; x_wconf 87' lang='lat' dir='ltr'>neque</span> <span class='ocrx_word' id='word_1_135' title='bbox 449 2095 498 2154; x_wconf 90' lang='lat' dir='ltr'>hic</span> <span class='ocrx_word' id='word_1_136' title='bbox 520 2095 556 2169; x_wconf 80' lang='lat' dir='ltr'>Q.</span> <span class='ocrx_word' id='word_1_137' title='bbox 569 2093 682 2171; x_wconf 89' lang='lat' dir='ltr'>Caepio</span> <span class='ocrx_word' id='word_1_138' title='bbox 703 2105 808 2172; x_wconf 84' lang='lat' dir='ltr'>postea</span> <span class='ocrx_word' id='word_1_139' title='bbox 829 2096 998 2153; x_wconf 84' lang='lat' dir='ltr'>nominatur</span> <span class='ocrx_word' id='word_1_140' title='bbox 1012 2096 1196 2171; x_wconf 87' lang='lat' dir='ltr'>nequealius</span> 
     </span>
     <span class='ocr_line' id='line_1_18' title="bbox 115 2179 1195 2260; baseline 0 -22"><span class='ocrx_word' id='word_1_141' title='bbox 115 2181 157 2238; x_wconf 86' lang='lat' dir='ltr'>ad</span> <span class='ocrx_word' id='word_1_142' title='bbox 177 2181 260 2238; x_wconf 88' lang='lat' dir='ltr'>illam</span> <span class='ocrx_word' id='word_1_143' title='bbox 281 2181 460 2258; x_wconf 72' lang='lat' dir='ltr'>legationem</span> <span class='ocrx_word' id='word_1_144' title='bbox 482 2191 570 2257; x_wconf 87' lang='lat' dir='ltr'>aptus</span> <span class='ocrx_word' id='word_1_145' title='bbox 591 2179 767 2260; x_wconf 80' lang='lat' dir='ltr'>reperitur),</span> <span class='ocrx_word' id='word_1_146' title='bbox 801 2191 899 2238; x_wconf 85' lang='lat' dir='ltr'>tamen</span> <span class='ocrx_word' id='word_1_147' title='bbox 928 2183 1001 2238; x_wconf 89' lang='lat' dir='ltr'>haec</span> <span class='ocrx_word' id='word_1_148' title='bbox 1028 2183 1135 2239; x_wconf 84' lang='lat' dir='ltr'>verba:</span> <span class='ocrx_word' id='word_1_149' title='bbox 1168 2187 1195 2240; x_wconf 80' lang='lat' dir='ltr'>in</span> 
     </span>
     <span class='ocr_line' id='line_1_19' title="bbox 110 2265 1196 2343; baseline 0.003 -20"><span class='ocrx_word' id='word_1_150' title='bbox 110 2268 281 2343; x_wconf 60' lang='lat' dir='ltr'>prosapiem</span> <span class='ocrx_word' id='word_1_151' title='bbox 303 2269 368 2324; x_wconf 81' lang='lat' dir='ltr'>ium</span> <span class='ocrx_word' id='word_1_152' title='bbox 390 2277 472 2337; x_wconf 73' lang='lat' dir='ltr'>asu,</span> <span class='ocrx_word' id='word_1_153' title='bbox 500 2269 526 2323; x_wconf 83' lang='lat' dir='ltr'>si</span> <span class='ocrx_word' id='word_1_154' title='bbox 546 2269 657 2336; x_wconf 68' lang='lat' dir='ltr'>ciunt,</span> <span class='ocrx_word' id='word_1_155' title='bbox 681 2265 952 2324; x_wconf 79' lang='lat' dir='ltr'>manifestissimum</span> <span class='ocrx_word' id='word_1_156' title='bbox 974 2277 1034 2327; x_wconf 84' lang='lat' dir='ltr'>est.</span> <span class='ocrx_word' id='word_1_157' title='bbox 1068 2267 1106 2324; x_wconf 86' lang='lat' dir='ltr'>ad</span> <span class='ocrx_word' id='word_1_158' title='bbox 1128 2287 1196 2326; x_wconf 88' lang='lat' dir='ltr'>eum</span> 
     </span>
     <span class='ocr_line' id='line_1_20' title="bbox 115 2352 1195 2430; baseline 0.002 -22"><span class='ocrx_word' id='word_1_159' title='bbox 115 2370 177 2410; x_wconf 91' lang='lat' dir='ltr'>non</span> <span class='ocrx_word' id='word_1_160' title='bbox 199 2353 357 2428; x_wconf 85' lang='lat' dir='ltr'>pertinere,</span> <span class='ocrx_word' id='word_1_161' title='bbox 380 2353 431 2426; x_wconf 85' lang='lat' dir='ltr'>qui</span> <span class='ocrx_word' id='word_1_162' title='bbox 452 2352 512 2410; x_wconf 88' lang='lat' dir='ltr'>iam</span> <span class='ocrx_word' id='word_1_163' title='bbox 534 2371 600 2410; x_wconf 90' lang='lat' dir='ltr'>cum</span> <span class='ocrx_word' id='word_1_164' title='bbox 623 2353 1000 2430; x_wconf 84' lang='lat' dir='ltr'>Drusocertansmagnum</span> <span class='ocrx_word' id='word_1_165' title='bbox 1022 2353 1053 2410; x_wconf 93' lang='lat' dir='ltr'>iu</span> <span class='ocrx_word' id='word_1_166' title='bbox 1070 2372 1102 2410; x_wconf 88' lang='lat' dir='ltr'>re</span> <span class='ocrx_word' id='word_1_167' title='bbox 1114 2353 1195 2429; x_wconf 90' lang='lat' dir='ltr'>publ.</span> 
     </span>
     <span class='ocr_line' id='line_1_21' title="bbox 115 2435 1196 2514; baseline 0.002 -20"><span class='ocrx_word' id='word_1_168' title='bbox 115 2447 297 2495; x_wconf 86' lang='lat' dir='ltr'>momentum</span> <span class='ocrx_word' id='word_1_169' title='bbox 320 2437 456 2495; x_wconf 87' lang='lat' dir='ltr'>babuerit</span> <span class='ocrx_word' id='word_1_170' title='bbox 478 2437 596 2512; x_wconf 84' lang='lat' dir='ltr'>etqui,</span> <span class='ocrx_word' id='word_1_171' title='bbox 619 2438 644 2494; x_wconf 86' lang='lat' dir='ltr'>si</span> <span class='ocrx_word' id='word_1_172' title='bbox 673 2456 751 2496; x_wconf 90' lang='lat' dir='ltr'>nunc</span> <span class='ocrx_word' id='word_1_173' title='bbox 778 2435 981 2514; x_wconf 73' lang='lat' dir='ltr'>superfuisset,</span> <span class='ocrx_word' id='word_1_174' title='bbox 1010 2457 1101 2496; x_wconf 84' lang='lat' dir='ltr'>senex</span> <span class='ocrx_word' id='word_1_175' title='bbox 1128 2439 1196 2514; x_wconf 89' lang='lat' dir='ltr'>plus</span> 
     </span>
     <span class='ocr_line' id='line_1_22' title="bbox 114 2522 1196 2600; baseline 0.001 -20"><span class='ocrx_word' id='word_1_176' title='bbox 114 2541 207 2597; x_wconf 86' lang='lat' dir='ltr'>quam</span> <span class='ocrx_word' id='word_1_177' title='bbox 227 2523 470 2600; x_wconf 76' lang='lat' dir='ltr'>septuagenarius</span> <span class='ocrx_word' id='word_1_178' title='bbox 497 2523 615 2581; x_wconf 81' lang='lat' dir='ltr'>iuturus</span> <span class='ocrx_word' id='word_1_179' title='bbox 637 2522 741 2591; x_wconf 84' lang='lat' dir='ltr'>luerit,</span> <span class='ocrx_word' id='word_1_180' title='bbox 775 2524 801 2580; x_wconf 88' lang='lat' dir='ltr'>si</span> <span class='ocrx_word' id='word_1_181' title='bbox 823 2533 937 2581; x_wconf 87' lang='lat' dir='ltr'>tantum</span> <span class='ocrx_word' id='word_1_182' title='bbox 960 2524 1082 2600; x_wconf 85' lang='lat' dir='ltr'>triginta</span> <span class='ocrx_word' id='word_1_183' title='bbox 1103 2541 1196 2582; x_wconf 87' lang='lat' dir='ltr'>annos</span> 
     </span>
     <span class='ocr_line' id='line_1_23' title="bbox 115 2609 1197 2685; baseline 0.002 -20"><span class='ocrx_word' id='word_1_184' title='bbox 115 2617 220 2666; x_wconf 87' lang='lat' dir='ltr'>uatum</span> <span class='ocrx_word' id='word_1_185' title='bbox 252 2627 319 2666; x_wconf 88' lang='lat' dir='ltr'>cnm</span> <span class='ocrx_word' id='word_1_186' title='bbox 352 2610 452 2667; x_wconf 90' lang='lat' dir='ltr'>Druso</span> <span class='ocrx_word' id='word_1_187' title='bbox 479 2609 648 2666; x_wconf 88' lang='lat' dir='ltr'>inimicitias</span> <span class='ocrx_word' id='word_1_188' title='bbox 676 2609 804 2685; x_wconf 84' lang='lat' dir='ltr'>gessisse</span> <span class='ocrx_word' id='word_1_189' title='bbox 839 2609 1009 2678; x_wconf 87' lang='lat' dir='ltr'>statuimus;</span> <span class='ocrx_word' id='word_1_190' title='bbox 1048 2609 1100 2666; x_wconf 88' lang='lat' dir='ltr'>sed</span> <span class='ocrx_word' id='word_1_191' title='bbox 1132 2619 1197 2667; x_wconf 87' lang='lat' dir='ltr'>erat</span> 
     </span>
     <span class='ocr_line' id='line_1_24' title="bbox 115 2690 1196 2774; baseline 0.001 -23"><span class='ocrx_word' id='word_1_192' title='bbox 115 2694 212 2752; x_wconf 87' lang='lat' dir='ltr'>multo</span> <span class='ocrx_word' id='word_1_193' title='bbox 232 2694 336 2766; x_wconf 89' lang='lat' dir='ltr'>maior,</span> <span class='ocrx_word' id='word_1_194' title='bbox 364 2703 396 2751; x_wconf 89' lang='lat' dir='ltr'>ut</span> <span class='ocrx_word' id='word_1_195' title='bbox 419 2694 470 2770; x_wconf 89' lang='lat' dir='ltr'>qui</span> <span class='ocrx_word' id='word_1_196' title='bbox 491 2695 595 2752; x_wconf 58' lang='lat'>2100</span> <span class='ocrx_word' id='word_1_197' title='bbox 618 2703 758 2770; x_wconf 88' lang='lat' dir='ltr'>quaestor</span> <span class='ocrx_word' id='word_1_198' title='bbox 768 2693 874 2752; x_wconf 79' lang='lat' dir='ltr'>fuisset</span> <span class='ocrx_word' id='word_1_199' title='bbox 886 2690 940 2774; x_wconf 91' lang='lat' dir='ltr'>(ad</span> <span class='ocrx_word' id='word_1_200' title='bbox 951 2695 1081 2752; x_wconf 88' lang='lat' dir='ltr'>Herenn.</span> <span class='ocrx_word' id='word_1_201' title='bbox 1093 2695 1118 2759; x_wconf 84' lang='grc' dir='ltr'>Ι,</span> <span class='ocrx_word' id='word_1_202' title='bbox 1132 2694 1196 2771; x_wconf 77' lang='lat'>21).</span> 
     </span>
     <span class='ocr_line' id='line_1_25' title="bbox 114 2779 1196 2856; baseline 0 -18"><span class='ocrx_word' id='word_1_203' title='bbox 114 2779 307 2856; x_wconf 81' lang='lat' dir='ltr'>Significatnr</span> <span class='ocrx_word' id='word_1_204' title='bbox 327 2788 430 2856; x_wconf 84' lang='lat' dir='ltr'>aperte</span> <span class='ocrx_word' id='word_1_205' title='bbox 451 2781 549 2851; x_wconf 91' lang='lat' dir='ltr'>homo,</span> <span class='ocrx_word' id='word_1_206' title='bbox 572 2779 632 2854; x_wconf 89' lang='lat' dir='ltr'>qui,</span> <span class='ocrx_word' id='word_1_207' title='bbox 656 2780 680 2836; x_wconf 89' lang='lat' dir='ltr'>si</span> <span class='ocrx_word' id='word_1_208' title='bbox 703 2779 837 2850; x_wconf 85' lang='lat' dir='ltr'>vixisset,</span> <span class='ocrx_word' id='word_1_209' title='bbox 860 2781 1059 2856; x_wconf 88' lang='lat' dir='ltr'>hoctempore</span> <span class='ocrx_word' id='word_1_210' title='bbox 1082 2779 1112 2836; x_wconf 91' lang='lat' dir='ltr'>in</span> <span class='ocrx_word' id='word_1_211' title='bbox 1124 2780 1196 2838; x_wconf 86' lang='lat' dir='ltr'>flore</span> 
     </span>
    </p>
   </div>
   <div class='ocr_carea' id='block_1_8' title="bbox 1 2864 1196 2956">
    <p class='ocr_par' dir='ltr' id='par_1_8' title="bbox 1 2864 1196 2956">
     <span class='ocr_line' id='line_1_26' title="bbox 1 2864 1196 2956; baseline 0 -34"><span class='ocrx_word' id='word_1_212' title='bbox 1 2945 2 2956; x_wconf 10' lang='grc' dir='ltr'>ἵ</span> <span class='ocrx_word' id='word_1_213' title='bbox 113 2864 225 2922; x_wconf 83' lang='lat' dir='ltr'>aetatis</span> <span class='ocrx_word' id='word_1_214' title='bbox 256 2875 287 2922; x_wconf 84' lang='lat' dir='ltr'>et</span> <span class='ocrx_word' id='word_1_215' title='bbox 312 2865 498 2924; x_wconf 72' lang='lat' dir='ltr'>auctoritatis</span> <span class='ocrx_word' id='word_1_216' title='bbox 530 2864 647 2923; x_wconf 82' lang='lat' dir='ltr'>futurus</span> <span class='ocrx_word' id='word_1_217' title='bbox 674 2864 779 2936; x_wconf 76' lang='lat' dir='ltr'>fuer-it,</span> <span class='ocrx_word' id='word_1_218' title='bbox 813 2865 866 2923; x_wconf 87' lang='lat' dir='ltr'>sed</span> <span class='ocrx_word' id='word_1_219' title='bbox 893 2883 980 2939; x_wconf 91' lang='lat' dir='ltr'>quem</span> <span class='ocrx_word' id='word_1_220' title='bbox 1008 2873 1196 2941; x_wconf 84' lang='lat' dir='ltr'>praematura</span> 
     </span>
    </p>
   </div>
   <div class='ocr_carea' id='block_1_9' title="bbox 115 2949 1196 3026">
    <p class='ocr_par' dir='ltr' id='par_1_9' title="bbox 115 2949 1196 3026">
     <span class='ocr_line' id='line_1_27' title="bbox 115 2949 1196 3026; baseline 0 -19"><span class='ocrx_word' id='word_1_221' title='bbox 115 2967 200 3008; x_wconf 88' lang='lat' dir='ltr'>mors</span> <span class='ocrx_word' id='word_1_222' title='bbox 221 2951 391 3022; x_wconf 75' lang='lat' dir='ltr'>extinxerit,</span> <span class='ocrx_word' id='word_1_223' title='bbox 416 2950 539 3010; x_wconf 86' lang='lat' dir='ltr'>Catonis</span> <span class='ocrx_word' id='word_1_224' title='bbox 561 2949 624 3008; x_wconf 88' lang='lat' dir='ltr'>fere</span> <span class='ocrx_word' id='word_1_225' title='bbox 646 2950 789 3026; x_wconf 88' lang='lat' dir='ltr'>aequalis,</span> <span class='ocrx_word' id='word_1_226' title='bbox 812 2951 841 3008; x_wconf 93' lang='lat' dir='ltr'>id</span> <span class='ocrx_word' id='word_1_227' title='bbox 864 2961 919 3020; x_wconf 82' lang='lat' dir='ltr'>est,</span> <span class='ocrx_word' id='word_1_228' title='bbox 943 2949 979 3024; x_wconf 85' lang='lat' dir='ltr'>Q.</span> <span class='ocrx_word' id='word_1_229' title='bbox 992 2949 1113 3026; x_wconf 79' lang='lat' dir='ltr'>Caepio,</span> <span class='ocrx_word' id='word_1_230' title='bbox 1139 2951 1196 3010; x_wconf 86' lang='lat' dir='ltr'>Ca·</span> 
     </span>
    </p>
   </div>
   <div class='ocr_carea' id='block_1_10' title="bbox 1 3035 1197 3208">
    <p class='ocr_par' dir='ltr' id='par_1_10' title="bbox 1 3035 1197 3208">
     <span class='ocr_line' id='line_1_28' title="bbox 1 3035 1196 3112; baseline -0.001 -18"><span class='ocrx_word' id='word_1_231' title='bbox 1 3061 2 3072; x_wconf 52' lang='lat'>¹</span> <span class='ocrx_word' id='word_1_232' title='bbox 113 3035 199 3094; x_wconf 85' lang='lat' dir='ltr'>tonis</span> <span class='ocrx_word' id='word_1_233' title='bbox 218 3035 310 3094; x_wconf 86' lang='lat' dir='ltr'>frater</span> <span class='ocrx_word' id='word_1_234' title='bbox 331 3037 473 3094; x_wconf 87' lang='lat' dir='ltr'>uterinus.</span> <span class='ocrx_word' id='word_1_235' title='bbox 516 3037 547 3095; x_wconf 93' lang='lat' dir='ltr'>Is</span> <span class='ocrx_word' id='word_1_236' title='bbox 571 3045 689 3112; x_wconf 89' lang='lat' dir='ltr'>poterat</span> <span class='ocrx_word' id='word_1_237' title='bbox 711 3036 839 3094; x_wconf 87' lang='lat' dir='ltr'>moriens</span> <span class='ocrx_word' id='word_1_238' title='bbox 860 3037 950 3093; x_wconf 84' lang='lat' dir='ltr'>liliam</span> <span class='ocrx_word' id='word_1_239' title='bbox 974 3035 1110 3095; x_wconf 85' lang='lat' dir='ltr'>Ciceroni</span> <span class='ocrx_word' id='word_1_240' title='bbox 1133 3035 1196 3094; x_wconf 81' lang='lat' dir='ltr'>iere</span> 
     </span>
     <span class='ocr_line' id='line_1_29' title="bbox 1 3120 1197 3208; baseline 0.001 -30"><span class='ocrx_word' id='word_1_241' title='bbox 1 3170 2 3208; x_wconf 72' lang='lat'>,</span> <span class='ocrx_word' id='word_1_242' title='bbox 113 3121 237 3196; x_wconf 87' lang='lat' dir='ltr'>aequali</span> <span class='ocrx_word' id='word_1_243' title='bbox 248 3123 467 3192; x_wconf 66' lang='lat' dir='ltr'>commendam</span> <span class='ocrx_word' id='word_1_244' title='bbox 490 3120 600 3200; x_wconf 74' lang='lat' dir='ltr'>(liberos</span> <span class='ocrx_word' id='word_1_245' title='bbox 618 3121 723 3181; x_wconf 89' lang='lat' dir='ltr'>Cicero</span> <span class='ocrx_word' id='word_1_246' title='bbox 740 3122 935 3180; x_wconf 85' lang='lat' dir='ltr'>communiter</span> <span class='ocrx_word' id='word_1_247' title='bbox 957 3121 1028 3179; x_wconf 90' lang='lat' dir='ltr'>dicit</span> <span class='ocrx_word' id='word_1_248' title='bbox 1050 3121 1085 3178; x_wconf 90' lang='lat' dir='ltr'>de</span> <span class='ocrx_word' id='word_1_249' title='bbox 1108 3141 1144 3178; x_wconf 90' lang='lat' dir='ltr'>eo</span> <span class='ocrx_word' id='word_1_250' title='bbox 1167 3130 1197 3179; x_wconf 89' lang='lat' dir='ltr'>et</span> 
     </span>
    </p>
   </div>
   <div class='ocr_carea' id='block_1_11' title="bbox 111 3206 1196 3712">
    <p class='ocr_par' dir='ltr' id='par_1_11' title="bbox 111 3206 1196 3712">
     <span class='ocr_line' id='line_1_30' title="bbox 113 3206 1196 3283; baseline -0.002 -18"><span class='ocrx_word' id='word_1_251' title='bbox 113 3206 268 3283; x_wconf 84' lang='lat' dir='ltr'>Lucullo).</span> <span class='ocrx_word' id='word_1_252' title='bbox 311 3207 407 3282; x_wconf 84' lang='lat' dir='ltr'>Atqui</span> <span class='ocrx_word' id='word_1_253' title='bbox 429 3208 455 3265; x_wconf 91' lang='lat' dir='ltr'>is</span> <span class='ocrx_word' id='word_1_254' title='bbox 477 3226 536 3265; x_wconf 91' lang='lat' dir='ltr'>non</span> <span class='ocrx_word' id='word_1_255' title='bbox 553 3226 636 3278; x_wconf 86' lang='lat' dir='ltr'>avus,</span> <span class='ocrx_word' id='word_1_256' title='bbox 659 3207 711 3265; x_wconf 88' lang='lat' dir='ltr'>sed</span> <span class='ocrx_word' id='word_1_257' title='bbox 722 3207 886 3264; x_wconf 86' lang='lat' dir='ltr'>avunculus</span> <span class='ocrx_word' id='word_1_258' title='bbox 898 3216 962 3264; x_wconf 87' lang='lat' dir='ltr'>erat</span> <span class='ocrx_word' id='word_1_259' title='bbox 972 3207 1057 3282; x_wconf 88' lang='lat' dir='ltr'>pueri</span> <span class='ocrx_word' id='word_1_260' title='bbox 1070 3206 1196 3263; x_wconf 88' lang='lat' dir='ltr'>Luculli.</span> 
     </span>
     <span class='ocr_line' id='line_1_31' title="bbox 114 3291 1195 3364; baseline -0.003 -12"><span class='ocrx_word' id='word_1_261' title='bbox 114 3293 228 3364; x_wconf 85' lang='lat' dir='ltr'>Itaque</span> <span class='ocrx_word' id='word_1_262' title='bbox 249 3301 327 3350; x_wconf 82' lang='lat' dir='ltr'>recte</span> <span class='ocrx_word' id='word_1_263' title='bbox 350 3291 524 3353; x_wconf 86' lang='lat' dir='ltr'>Schuetzius</span> <span class='ocrx_word' id='word_1_264' title='bbox 546 3291 750 3350; x_wconf 83' lang='lat' dir='ltr'>difficultatem</span> <span class='ocrx_word' id='word_1_265' title='bbox 773 3292 920 3350; x_wconf 78' lang='lat' dir='ltr'>sublatam</span> <span class='ocrx_word' id='word_1_266' title='bbox 943 3291 1008 3350; x_wconf 79' lang='lat' dir='ltr'>fore</span> <span class='ocrx_word' id='word_1_267' title='bbox 1030 3291 1081 3363; x_wconf 87' lang='lat' dir='ltr'>ait,</span> <span class='ocrx_word' id='word_1_268' title='bbox 1105 3293 1130 3350; x_wconf 93' lang='lat' dir='ltr'>si</span> <span class='ocrx_word' id='word_1_269' title='bbox 1153 3292 1195 3349; x_wconf 92' lang='lat' dir='ltr'>le-</span> 
     </span>
     <span class='ocr_line' id='line_1_32' title="bbox 111 3377 1195 3456; baseline 0.001 -22"><span class='ocrx_word' id='word_1_270' title='bbox 111 3387 208 3456; x_wconf 64' lang='lat' dir='ltr'>gutur</span> <span class='ocrx_word' id='word_1_271' title='bbox 228 3381 351 3436; x_wconf 60' lang='lat' dir='ltr'>ammae&amp;</span> <span class='ocrx_word' id='word_1_272' title='bbox 370 3382 505 3450; x_wconf 71' lang='lat' dir='ltr'>mmonb,</span> <span class='ocrx_word' id='word_1_273' title='bbox 529 3378 576 3435; x_wconf 88' lang='lat' dir='ltr'>cui</span> <span class='ocrx_word' id='word_1_274' title='bbox 599 3378 642 3436; x_wconf 89' lang='lat' dir='ltr'>sic</span> <span class='ocrx_word' id='word_1_275' title='bbox 663 3377 823 3448; x_wconf 90' lang='lat' dir='ltr'>assentior,</span> <span class='ocrx_word' id='word_1_276' title='bbox 847 3387 880 3434; x_wconf 89' lang='lat' dir='ltr'>ut</span> <span class='ocrx_word' id='word_1_277' title='bbox 901 3377 999 3454; x_wconf 88' lang='lat' dir='ltr'>ipsum</span> <span class='ocrx_word' id='word_1_278' title='bbox 1022 3377 1195 3437; x_wconf 87' lang='lat' dir='ltr'>Ciceronem</span> 
     </span>
     <span class='ocr_line' id='line_1_33' title="bbox 112 3463 1196 3540; baseline 0 -18"><span class='ocrx_word' id='word_1_279' title='bbox 112 3463 339 3540; x_wconf 78' lang='lat' dir='ltr'>perturbatione</span> <span class='ocrx_word' id='word_1_280' title='bbox 361 3464 489 3539; x_wconf 86' lang='lat' dir='ltr'>quadam</span> <span class='ocrx_word' id='word_1_281' title='bbox 512 3464 684 3535; x_wconf 86' lang='lat' dir='ltr'>memoriae,</span> <span class='ocrx_word' id='word_1_282' title='bbox 713 3463 810 3537; x_wconf 89' lang='lat' dir='ltr'>qualis</span> <span class='ocrx_word' id='word_1_283' title='bbox 832 3482 921 3540; x_wconf 89' lang='lat' dir='ltr'>saepe</span> <span class='ocrx_word' id='word_1_284' title='bbox 943 3463 974 3520; x_wconf 90' lang='lat' dir='ltr'>in</span> <span class='ocrx_word' id='word_1_285' title='bbox 987 3463 1196 3540; x_wconf 78' lang='lat' dir='ltr'>cognationum</span> 
     </span>
     <span class='ocr_line' id='line_1_34' title="bbox 112 3547 1195 3625; baseline -0.002 -18"><span class='ocrx_word' id='word_1_286' title='bbox 112 3547 197 3607; x_wconf 86' lang='lat' dir='ltr'>serie</span> <span class='ocrx_word' id='word_1_287' title='bbox 218 3549 325 3624; x_wconf 87' lang='lat' dir='ltr'>optima</span> <span class='ocrx_word' id='word_1_288' title='bbox 347 3549 433 3607; x_wconf 88' lang='lat' dir='ltr'>nobis</span> <span class='ocrx_word' id='word_1_289' title='bbox 444 3559 515 3607; x_wconf 86' lang='lat' dir='ltr'>nota</span> <span class='ocrx_word' id='word_1_290' title='bbox 525 3550 563 3606; x_wconf 89' lang='lat' dir='ltr'>ad</span> <span class='ocrx_word' id='word_1_291' title='bbox 575 3549 781 3606; x_wconf 84' lang='lat' dir='ltr'>brevissimum</span> <span class='ocrx_word' id='word_1_292' title='bbox 793 3557 909 3625; x_wconf 86' lang='lat' dir='ltr'>tempus</span> <span class='ocrx_word' id='word_1_293' title='bbox 920 3549 1036 3611; x_wconf 73' lang='lat' dir='ltr'>accidia</span> <span class='ocrx_word' id='word_1_294' title='bbox 1060 3557 1088 3606; x_wconf 89' lang='lat' dir='ltr'>et</span> <span class='ocrx_word' id='word_1_295' title='bbox 1108 3569 1195 3606; x_wconf 79' lang='lat' dir='ltr'>ntanu</span> 
     </span>
     <span class='ocr_line' id='line_1_35' title="bbox 111 3633 1195 3712; baseline 0 -20"><span class='ocrx_word' id='word_1_296' title='bbox 111 3636 273 3692; x_wconf 80' lang='lat' dir='ltr'>aberrante</span> <span class='ocrx_word' id='word_1_297' title='bbox 294 3638 341 3692; x_wconf 81' lang='lat' dir='ltr'>ovi</span> <span class='ocrx_word' id='word_1_298' title='bbox 361 3634 514 3712; x_wconf 82' lang='lat' dir='ltr'>scripsisse</span> <span class='ocrx_word' id='word_1_299' title='bbox 541 3643 651 3710; x_wconf 87' lang='lat' dir='ltr'>putem.</span> <span class='ocrx_word' id='word_1_300' title='bbox 696 3633 798 3712; x_wconf 85' lang='lat' dir='ltr'>(Quod</span> <span class='ocrx_word' id='word_1_301' title='bbox 820 3635 972 3692; x_wconf 87' lang='lat' dir='ltr'>Manutius</span> <span class='ocrx_word' id='word_1_302' title='bbox 994 3653 1025 3691; x_wconf 91' lang='lat' dir='ltr'>se</span> <span class='ocrx_word' id='word_1_303' title='bbox 1048 3633 1195 3692; x_wconf 88' lang='lat' dir='ltr'>interdum</span> 
     </span>
    </p>
   </div>
   <div class='ocr_carea' id='block_1_12' title="bbox 1 3717 1195 3796">
    <p class='ocr_par' dir='ltr' id='par_1_12' title="bbox 1 3717 1195 3796">
     <span class='ocr_line' id='line_1_36' title="bbox 1 3717 1195 3796; baseline -0.003 -17"><span class='ocrx_word' id='word_1_304' title='bbox 1 3751 2 3766; x_wconf 35' lang='grc' dir='ltr'><strong>κ</strong></span> <span class='ocrx_word' id='word_1_305' title='bbox 111 3740 148 3779; x_wconf 91' lang='lat' dir='ltr'>eo</span> <span class='ocrx_word' id='word_1_306' title='bbox 180 3717 281 3778; x_wconf 88' lang='lat' dir='ltr'>deduci</span> <span class='ocrx_word' id='word_1_307' title='bbox 302 3721 418 3792; x_wconf 83' lang='lat' dir='ltr'>scribit,</span> <span class='ocrx_word' id='word_1_308' title='bbox 446 3731 480 3778; x_wconf 84' lang='lat' dir='ltr'>ut</span> <span class='ocrx_word' id='word_1_309' title='bbox 506 3739 593 3778; x_wconf 85' lang='lat' dir='ltr'>avum</span> <span class='ocrx_word' id='word_1_310' title='bbox 621 3721 720 3796; x_wconf 91' lang='lat' dir='ltr'>pueri,</span> <span class='ocrx_word' id='word_1_311' title='bbox 753 3727 868 3795; x_wconf 90' lang='lat' dir='ltr'>patrem</span> <span class='ocrx_word' id='word_1_312' title='bbox 892 3718 1084 3780; x_wconf 78' lang='lat' dir='ltr'>Servilianum</span> <span class='ocrx_word' id='word_1_313' title='bbox 1107 3731 1136 3777; x_wconf 89' lang='lat' dir='ltr'>et</span> <span class='ocrx_word' id='word_1_314' title='bbox 1159 3719 1195 3794; x_wconf 82' lang='lat' dir='ltr'>Q.</span> 
     </span>
    </p>
   </div>
   <div class='ocr_carea' id='block_1_13' title="bbox 112 3803 1196 3968">
    <p class='ocr_par' dir='ltr' id='par_1_13' title="bbox 112 3803 1196 3968">
     <span class='ocr_line' id='line_1_37' title="bbox 112 3803 1195 3882; baseline -0.004 -16"><span class='ocrx_word' id='word_1_315' title='bbox 112 3805 285 3879; x_wconf 74' lang='lat' dir='ltr'>Caepionis,</span> <span class='ocrx_word' id='word_1_316' title='bbox 308 3825 327 3863; x_wconf 91' lang='lat' dir='ltr'>a</span> <span class='ocrx_word' id='word_1_317' title='bbox 348 3807 441 3865; x_wconf 89' lang='lat' dir='ltr'>Drusi</span> <span class='ocrx_word' id='word_1_318' title='bbox 452 3806 623 3864; x_wconf 77' lang='lat' dir='ltr'>adversatio</span> <span class='ocrx_word' id='word_1_319' title='bbox 645 3815 763 3882; x_wconf 90' lang='lat' dir='ltr'>separet</span> <span class='ocrx_word' id='word_1_320' title='bbox 785 3813 814 3862; x_wconf 89' lang='lat' dir='ltr'>et</span> <span class='ocrx_word' id='word_1_321' title='bbox 836 3806 1002 3864; x_wconf 87' lang='lat' dir='ltr'>eiusfilium</span> <span class='ocrx_word' id='word_1_322' title='bbox 1014 3803 1113 3874; x_wconf 85' lang='lat' dir='ltr'>faciat,</span> <span class='ocrx_word' id='word_1_323' title='bbox 1135 3824 1195 3862; x_wconf 92' lang='lat' dir='ltr'>non</span> 
     </span>
     <span class='ocr_line' id='line_1_38' title="bbox 113 3889 1196 3968; baseline 0 -20"><span class='ocrx_word' id='word_1_324' title='bbox 113 3899 208 3951; x_wconf 81' lang='lat' dir='ltr'>norat</span> <span class='ocrx_word' id='word_1_325' title='bbox 229 3891 333 3950; x_wconf 83' lang='lat' dir='ltr'>Dionis</span> <span class='ocrx_word' id='word_1_326' title='bbox 354 3892 564 3963; x_wconf 87' lang='lat' dir='ltr'>testimonium,</span> <span class='ocrx_word' id='word_1_327' title='bbox 588 3892 672 3950; x_wconf 87' lang='lat' dir='ltr'>cuius</span> <span class='ocrx_word' id='word_1_328' title='bbox 684 3891 813 3949; x_wconf 91' lang='lat' dir='ltr'>nondum</span> <span class='ocrx_word' id='word_1_329' title='bbox 836 3889 1196 3968; x_wconf 57' lang='lat' dir='ltr'>framentaillareperta</span> 
     </span>
    </p>
   </div>
   <div class='ocr_carea' id='block_1_14' title="bbox 1 3976 1192 4052">
    <p class='ocr_par' dir='ltr' id='par_1_14' title="bbox 1 3976 1192 4052">
     <span class='ocr_line' id='line_1_39' title="bbox 1 3976 1192 4052; baseline -0.002 -18"><span class='ocrx_word' id='word_1_330' title='bbox 1 4017 2 4034; x_wconf 45' lang='lat' dir='ltr'>t</span> <span class='ocrx_word' id='word_1_331' title='bbox 113 3985 218 4046; x_wconf 80' lang='lat' dir='ltr'>erant3</span> <span class='ocrx_word' id='word_1_332' title='bbox 250 3977 355 4035; x_wconf 90' lang='lat' dir='ltr'>deiude</span> <span class='ocrx_word' id='word_1_333' title='bbox 382 3997 440 4036; x_wconf 92' lang='lat' dir='ltr'>non</span> <span class='ocrx_word' id='word_1_334' title='bbox 469 3977 693 4048; x_wconf 87' lang='lat' dir='ltr'>animadvertit,</span> <span class='ocrx_word' id='word_1_335' title='bbox 727 3977 805 4034; x_wconf 92' lang='lat' dir='ltr'>hunc</span> <span class='ocrx_word' id='word_1_336' title='bbox 832 3995 959 4052; x_wconf 89' lang='lat' dir='ltr'>quoque,</span> <span class='ocrx_word' id='word_1_337' title='bbox 989 3994 1076 4050; x_wconf 90' lang='lat' dir='ltr'>quem</span> <span class='ocrx_word' id='word_1_338' title='bbox 1099 3976 1192 4052; x_wconf 80' lang='lat' dir='ltr'>fingit,</span> 
     </span>
    </p>
   </div>
   <div class='ocr_carea' id='block_1_15' title="bbox 113 4061 1196 4482">
    <p class='ocr_par' dir='ltr' id='par_1_15' title="bbox 113 4061 1196 4224">
     <span class='ocr_line' id='line_1_40' title="bbox 113 4061 1196 4139; baseline -0.002 -19"><span class='ocrx_word' id='word_1_339' title='bbox 113 4069 242 4138; x_wconf 87' lang='lat' dir='ltr'>propter</span> <span class='ocrx_word' id='word_1_340' title='bbox 261 4062 420 4120; x_wconf 89' lang='lat' dir='ltr'>liberorum</span> <span class='ocrx_word' id='word_1_341' title='bbox 432 4072 560 4120; x_wconf 83' lang='lat' dir='ltr'>aetatem</span> <span class='ocrx_word' id='word_1_342' title='bbox 582 4063 729 4120; x_wconf 86' lang='lat' dir='ltr'>removeri</span> <span class='ocrx_word' id='word_1_343' title='bbox 751 4062 838 4139; x_wconf 87' lang='lat' dir='ltr'>longe</span> <span class='ocrx_word' id='word_1_344' title='bbox 850 4062 888 4120; x_wconf 89' lang='lat' dir='ltr'>ab</span> <span class='ocrx_word' id='word_1_345' title='bbox 900 4081 935 4120; x_wconf 90' lang='lat' dir='ltr'>eo</span> <span class='ocrx_word' id='word_1_346' title='bbox 950 4071 1093 4136; x_wconf 91' lang='lat' dir='ltr'>tempore,</span> <span class='ocrx_word' id='word_1_347' title='bbox 1116 4061 1196 4136; x_wconf 90' lang='lat' dir='ltr'>quod</span> 
     </span>
     <span class='ocr_line' id='line_1_41' title="bbox 115 4147 833 4224; baseline -0.001 -18"><span class='ocrx_word' id='word_1_348' title='bbox 115 4147 286 4224; x_wconf 77' lang='lat' dir='ltr'>significent</span> <span class='ocrx_word' id='word_1_349' title='bbox 306 4148 413 4206; x_wconf 84' lang='lat' dir='ltr'>verba:</span> <span class='ocrx_word' id='word_1_350' title='bbox 435 4152 463 4206; x_wconf 81' lang='lat' dir='ltr'>iu</span> <span class='ocrx_word' id='word_1_351' title='bbox 480 4149 650 4224; x_wconf 71' lang='lat' dir='ltr'>principibus</span> <span class='ocrx_word' id='word_1_352' title='bbox 672 4147 833 4223; x_wconf 68' lang='lat' dir='ltr'>tumescat.)</span> 
     </span>
    </p>

    <p class='ocr_par' dir='ltr' id='par_1_16' title="bbox 114 4232 1195 4482">
     <span class='ocr_line' id='line_1_42' title="bbox 202 4232 1195 4310; baseline -0.002 -20"><span class='ocrx_word' id='word_1_353' title='bbox 202 4235 245 4290; x_wconf 82' lang='lat' dir='ltr'>nr&#39;r</span> <span class='ocrx_word' id='word_1_354' title='bbox 266 4252 326 4291; x_wconf 84' lang='lat' dir='ltr'>cum</span> <span class='ocrx_word' id='word_1_355' title='bbox 347 4235 467 4292; x_wconf 81' lang='lat' dir='ltr'>omnibus</span> <span class='ocrx_word' id='word_1_356' title='bbox 488 4233 632 4310; x_wconf 73' lang='lat' dir='ltr'>recellere)</span> <span class='ocrx_word' id='word_1_357' title='bbox 660 4235 727 4292; x_wconf 92' lang='lat' dir='ltr'>Hoc</span> <span class='ocrx_word' id='word_1_358' title='bbox 749 4234 801 4290; x_wconf 85' lang='lat' dir='ltr'>vix</span> <span class='ocrx_word' id='word_1_359' title='bbox 824 4232 911 4290; x_wconf 89' lang='lat' dir='ltr'>aliter</span> <span class='ocrx_word' id='word_1_360' title='bbox 931 4232 1103 4308; x_wconf 88' lang='lat' dir='ltr'>intellegere</span> <span class='ocrx_word' id='word_1_361' title='bbox 1126 4232 1195 4289; x_wconf 89' lang='lat' dir='ltr'>licet</span> 
     </span>
     <span class='ocr_line' id='line_1_43' title="bbox 116 4317 1195 4396; baseline -0.003 -20"><span class='ocrx_word' id='word_1_362' title='bbox 116 4320 181 4390; x_wconf 89' lang='lat' dir='ltr'>nisi,</span> <span class='ocrx_word' id='word_1_363' title='bbox 206 4319 355 4394; x_wconf 90' lang='lat' dir='ltr'>quomodo</span> <span class='ocrx_word' id='word_1_364' title='bbox 377 4319 465 4377; x_wconf 86' lang='lat' dir='ltr'>etiam</span> <span class='ocrx_word' id='word_1_365' title='bbox 481 4321 525 4376; x_wconf 87' lang='lat' dir='ltr'>&#39;ab</span> <span class='ocrx_word' id='word_1_366' title='bbox 548 4319 615 4376; x_wconf 88' lang='lat' dir='ltr'>aliis</span> <span class='ocrx_word' id='word_1_367' title='bbox 637 4327 791 4396; x_wconf 90' lang='lat' dir='ltr'>acceptum</span> <span class='ocrx_word' id='word_1_368' title='bbox 803 4319 899 4390; x_wconf 85' lang='lat' dir='ltr'>video,</span> <span class='ocrx_word' id='word_1_369' title='bbox 923 4327 956 4376; x_wconf 90' lang='lat' dir='ltr'>nt</span> <span class='ocrx_word' id='word_1_370' title='bbox 978 4318 1097 4374; x_wconf 70' lang='lat' dir='ltr'>ominbus</span> <span class='ocrx_word' id='word_1_371' title='bbox 1120 4317 1195 4374; x_wconf 86' lang='lat' dir='ltr'>‹lati-</span> 
     </span>
     <span class='ocr_line' id='line_1_44' title="bbox 114 4403 1195 4482; baseline -0.001 -21"><span class='ocrx_word' id='word_1_372' title='bbox 114 4423 169 4463; x_wconf 79' lang='lat' dir='ltr'>vus</span> <span class='ocrx_word' id='word_1_373' title='bbox 198 4405 239 4462; x_wconf 90' lang='lat' dir='ltr'>sit</span> <span class='ocrx_word' id='word_1_374' title='bbox 266 4404 421 4463; x_wconf 89' lang='lat' dir='ltr'>masculini</span> <span class='ocrx_word' id='word_1_375' title='bbox 449 4404 575 4482; x_wconf 86' lang='lat' dir='ltr'>generis.</span> <span class='ocrx_word' id='word_1_376' title='bbox 624 4406 730 4480; x_wconf 90' lang='lat' dir='ltr'>Neque</span> <span class='ocrx_word' id='word_1_377' title='bbox 763 4415 861 4462; x_wconf 88' lang='lat' dir='ltr'>tamen</span> <span class='ocrx_word' id='word_1_378' title='bbox 889 4412 940 4461; x_wconf 91' lang='lat' dir='ltr'>aut</span> <span class='ocrx_word' id='word_1_379' title='bbox 968 4403 1033 4479; x_wconf 89' lang='lat' dir='ltr'>ipsa</span> <span class='ocrx_word' id='word_1_380' title='bbox 1060 4403 1125 4462; x_wconf 88' lang='lat' dir='ltr'>laus</span> <span class='ocrx_word' id='word_1_381' title='bbox 1152 4403 1195 4460; x_wconf 89' lang='lat' dir='ltr'>ita</span> 
     </span>
    </p>
   </div>
   <div class='ocr_carea' id='block_1_16' title="bbox 955 4521 989 4574">
    <p class='ocr_par' dir='ltr' id='par_1_17' title="bbox 955 4521 989 4574">
     <span class='ocr_line' id='line_1_45' title="bbox 955 4521 989 4574; baseline 0 0"><span class='ocrx_word' id='word_1_382' title='bbox 955 4521 989 4574; x_wconf 73' lang='lat'>23</span> 
     </span>
    </p>
   </div>
   <div class='ocr_carea' id='block_1_17' title="bbox 0 0 1522 5030">
    <p class='ocr_par' dir='ltr' id='par_1_18' title="bbox 0 0 1522 5030">
     <span class='ocr_line' id='line_1_46' title="bbox 0 0 1522 5030; baseline 0 0"><span class='ocrx_word' id='word_1_383' title='bbox 0 0 1522 5030; x_wconf 95' lang='lat' dir='ltr'> </span> 
     </span>
    </p>
   </div>
  </div>
 </body>
</html>
