3000 5044
368 387 411 430 ar
435 386 516 432 nan.
533 387 596 432 am.
613 388 647 435 1v
670 388 742 434 aar.
761 391 871 435 ao-aa
1100 371 1160 437 567

87 555 116 618 ei
140 556 307 619 secundum
330 562 474 620 namnam
497 575 566 620 esse
589 556 741 636 videatur,
765 557 938 638 omniaque,
961 577 1040 639 quae
1053 577 1162 624 secun-

85 763 278 838 appetitionis
299 764 373 820 nihil
396 764 533 834 habeant,
558 783 611 821 nee
633 766 795 822 laudabilia
816 785 870 823 nec
882 765 1005 824 honesta
1017 768 1163 843 appellari
1182 787 1197 852 ‘r

85 851 137 906 ait.
181 850 275 924 Atqui
297 850 354 925 ipsi
378 850 470 909 Stoici
492 851 639 925 permulta
665 852 765 926 appeti
795 842 899 929 (ὁρμῆς
920 845 1051 926 κινητικὰ
1074 847 1163 932 εἶναι)

85 935 237 1006 dicebant,
268 954 342 1009 quae
365 955 418 992 nec
440 936 601 992 laudabilia
625 955 678 994 nec
700 937 824 1018 honesta
845 946 956 1008 essent,
991 947 1021 993 et
1043 939 1162 996 omnino

85 1041 103 1076 a
133 1021 236 1095 primis
265 1021 448 1078 naturalibus
481 1041 596 1079 omnem
631 1023 842 1097 appetitionem
875 1024 1055 1080 commoveri
1083 1023 1162 1102 (48),

84 1115 202 1162 veteres
224 1116 322 1163 autem
345 1108 433 1163 etiam
456 1107 534 1164 bona
557 1107 648 1165 nndta
671 1109 904 1165 entravirtutem
929 1106 992 1164 esse
1009 1110 1161 1183 putabant

85 1193 311 1266 Appetitionem
335 1201 433 1249 autem
456 1211 492 1249 ne
515 1194 581 1267 qais
604 1211 710 1250 novam
738 1194 868 1268 aliquam
896 1203 926 1250 et
954 1194 1072 1252 virtutis
1094 1215 1161 1270 pro-

85 1278 182 1352 priam
205 1279 366 1354 conlingat,
396 1279 458 1354 ipse
481 1278 610 1335 affirmat
632 1279 750 1347 Cicero,
786 1299 817 1336 se
840 1298 903 1336 ean]
927 1280 1038 1350 dicere,¹
1074 1299 1161 1354 quam

85 1364 146 1419 iam
170 1381 258 1438 saepe
281 1365 527 1435 commemorarit,
550 1363 712 1440 profectam
736 1383 754 1420 a
775 1365 871 1441 prima
889 1375 1010 1422 naturae
1024 1367 1162 1423 eoncilia-

86 1450 168 1505 tione
192 1457 221 1505 et
244 1450 294 1520 iis,
324 1469 399 1524 quae
423 1459 491 1506 sunt
513 1451 672 1506 secundnm
696 1459 830 1507 nattrram
855 1446 933 1532 (48).
979 1452 1083 1526 Itaque
1106 1453 1161 1509 hoe

86 1544 182 1591 totum
206 1553 298 1610 genus
322 1536 467 1609 quodnam
492 1536 539 1606 sit,
564 1536 668 1594 Cicero
691 1537 769 1611 ipse.
794 1537 818 1594 si
841 1537 1013 1608 reviviscat,
1037 1556 1094 1594 non
1118 1539 1161 1594 di-

86 1631 142 1676 cat.
169 1618 317 1700 (Virtutes
340 1621 406 1678 illas
429 1641 488 1680 non
511 1621 703 1690 voluntariae,
738 1641 813 1696 qnae
837 1623 874 1693 V,
900 1623 938 1679 36
963 1623 1161 1694 nominantur,

85 1705 302 1763 nihilomnino
325 1707 362 1763 ad
385 1707 460 1763 hane
483 1727 580 1764 rerum
599 1708 1002 1765 naturaliumaestimationis
1026 1707 1161 1765 differen-

84 1793 157 1848 tiam
180 1793 337 1866 pertinere,
361 1802 481 1868 propter
504 1793 688 1868 'l‘horupium
712 1793 801 1868 dico.)
846 1795 922 1850 Tum
941 1793 1045 1852 Cicero
1069 1794 1161 1852 mani-

85 1875 164 1933 festo
186 1878 224 1932 ab
247 1878 293 1948 iis,
317 1897 392 1951 quae
416 1879 562 1935 naturalia
585 1879 728 1954 appellari
752 1879 832 1950 dicit,
856 1879 983 1955 seiungit
995 1880 1089 1936 altera
1101 1880 1160 1952 illa,

84 1981 162 2036 quae
185 1963 214 2018 ia
238 1963 318 2020 omni
340 1965 489 2021 animant-e
512 1965 695 2039 voluptatem
719 1965 854 2034 habeant,
877 1965 907 2020 in
932 1965 1049 2022 homine
1071 1967 1160 2023 etiam

84 2049 239 2105 rationem.
283 2049 360 2106 Nam
385 2051 548 2125 posthanc
572 2050 744 2106 divisionem
769 2052 883 2124 (paratim
906 2084 946 2091 —
968 2048 1082 2126 partim)
1111 2070 1161 2106 ne-

86 2134 215 2191 cessario
244 2139 384 2208 superiora
412 2139 459 2192 illa
487 2145 569 2204 sunt,
605 2155 679 2210 quae
708 2137 736 2192 in
770 2137 867 2211 priore
896 2146 979 2212 parte
1008 2136 1161 2194 divisionis

85 2219 183 2294 posita
206 2229 298 2288 arant,
323 2229 352 2278 et
375 2223 499 2289 honestis,
518 2223 651 2296 pulchris.
675 2223 855 2278 Insatiabilibus
878 2223 1026 2279 contraria
1047 2241 1161 2298 pomm-

86 2315 146 2376 tnr,
173 2325 248 2380 quae
271 2325 317 2362 aec
341 2309 449 2364 honesta
472 2328 518 2364 aee
541 2309 688 2364 marcionilla
712 2308 768 2365 diei
793 2308 932 2364 narravit.
977 2309 1021 2364 Aa
1043 2327 1112 2382 qaae
1134 2311 1160 2364 in

85 2392 247 2448 (anamalibus
271 2395 428 2466 voluptatem
458 2395 568 2463 baberet,
604 2412 638 2449 ea
661 2411 731 2449 vero
760 2413 880 2470 prorsus
908 2393 1056 2451 naturalia
1083 2403 1159 2464 sunt,
1233 2409 1237 2417 ’

86 2478 218 2552 corporis
247 2480 400 2535 commoda
433 2487 463 2534 et
491 2489 626 2542 externa:
661 2479 821 2553 eademque
850 2483 875 2534 ia
904 2481 1006 2535 lemniae
1033 2483 1160 2536 rotz'oaem

86 2563 197 2632 badeat;
220 2582 289 2619 nam
312 2583 371 2620 carm
393 2567 480 2638 officio
502 2583 537 2620 ea
559 2565 646 2622 honio
670 2567 764 2637 seltpit,
787 2565 900 2624 ratione
912 2573 998 2622 utens
1010 2562 1081 2644 (111,
1096 2563 1160 2644 20),

86 2648 154 2721 qnia
178 2641 207 2704 ἕν
228 2651 292 2712 τοῖς
321 2645 446 2724 λογικοῖς
476 2638 561 2716 ζώοις
589 2649 678 2706 etiam
707 2639 819 2726 ἡὺρμὴ
843 2640 940 2725 λογικῇ
965 2643 1040 2706 ἔστιν
1063 2649 1160 2728 (Stoa.

87 2733 148 2790 Ecl.
171 2733 239 2790 Eth.
263 2753 291 2809 p,
318 2736 406 2812 160)Ἰ
436 2744 465 2791 et
487 2735 559 2791 baec
583 2736 647 2810 ipsa
675 2727 794 2791 selectio
817 2736 911 2792 virtus
935 2745 992 2806 est,
1028 2755 1160 2811 quaeque

86 2839 121 2874 ea
144 2820 215 2896 agit,
239 2819 363 2876 honesta
386 2821 598 2894 etlaudabilia
621 2829 702 2887 snat,
725 2840 783 2878 non
808 2841 856 2884 ea,
881 2839 955 2894 quae
979 2821 1161 2898 voluptatem

87 2915 115 2960 et
138 2905 282 2961 rationem
306 2906 425 2976 habent,
449 2907 478 2963 id
501 2915 554 2976 est,
578 2925 644 2964 cum
667 2907 781 2962 ratione
793 2917 972 2981 appetuntur
992 2916 1020 2963 et
1033 2909 1160 2984 seligun-

88 2999 142 3046 tur.
188 2990 304 3047 Deinde
326 3001 424 3048 autem
448 2993 601 3067 superiora
623 2993 683 3052 illa.
707 3011 782 3066 quae
805 2992 952 3048 naturalia
962 2987 1160 3068 appellantur,

87 3095 179 3151 nuper
202 3077 334 3146 dixerat,
369 3089 483 3135 veteres
513 3087 616 3153 putare
639 3078 832 3136 nihilhabere
856 3078 1060 3152 appetitionis;
1084 3097 1161 3136 nunc

87 3171 202 3232 narrat,
237 3181 272 3218 ea
305 3181 370 3219 curn
400 3164 530 3221 honestis
558 3165 714 3221 coniuncta
742 3164 833 3220 vitam
867 3164 983 3220 beatam
1011 3164 1160 3238 perficere.

88 3247 254 3316 Declaravi,
279 3267 366 3323 quam
390 3250 449 3306 sint
471 3250 543 3306 haee
566 3249 777 3306 incredibiliter
799 3249 922 3306 confusa
940 3250 1160 3324 etperturbata.

88 3333 247 3390 Videamus
260 3352 347 3405 nunc,
369 3335 439 3408 quid
458 3335 562 3394 Cicero
579 3336 676 3391 dicere
688 3335 822 3391 debuerit
839 3336 1028 3411 (quamquam
1042 3336 1160 3392 omnino

88 3437 145 3475 aon
168 3419 269 3476 debuit
291 3421 343 3477 has
356 3421 516 3478 divisiones
533 3421 570 3476 ad
582 3429 696 3478 veteres
720 3419 896 3489 transferre;
920 3439 1020 3476 verum
1040 3440 1075 3476 ca
1098 3421 1161 3477 eius

88 3505 174 3578 culpa
195 3525 252 3561 non
277 3514 330 3576 est,
354 3507 406 3563 sed
427 3506 598 3581 Antiochi),
628 3517 655 3562 et
679 3507 729 3563 ubi
752 3525 834 3562 error
857 3515 1002 3562 nascatur.
1043 3506 1159 3576 Omnia,

89 3608 163 3663 qnae
186 3601 253 3648 sunt
275 3594 434 3648 secundnm
457 3601 592 3649 naturam
616 3590 704 3669 (quae
728 3593 790 3668 ipse
803 3611 890 3667 saepe
903 3592 1049 3648 naturalia
1061 3591 1159 3666 dixit),

89 3675 196 3732 habent
218 3678 452 3735 aestimationem
476 3697 529 3753 pro
553 3697 606 3735 suo
619 3680 755 3752 quodque
767 3679 905 3752 pondere.
928 3679 1039 3734 Eorum
1052 3687 1159 3747 minen,

90 3773 253 3834 quaesunt
274 3764 485 3834 aestimabilia,
519 3765 578 3820 alia
601 3773 660 3820 tam
684 3765 819 3839 exiguam
849 3764 958 3820 habent
980 3764 1161 3820 aestimatio-

90 3865 169 3918 nem,
191 3858 224 3904 nt
245 3849 275 3905 in
299 3868 417 3907 censum
440 3869 498 3906 non
523 3850 643 3906 veniant
665 3869 719 3906 nec
741 3850 951 3924 appetitionem
976 3868 1160 3906 commovere

90 3933 257 4004 videantur,
286 3936 345 3992 alia
369 3925 469 4010 ἱκανὴν
492 3925 579 4002 ἀξίαν
607 3936 724 3991 habent.
770 3935 898 4013 (Eadem
929 3945 973 3992 est
1001 3927 1159 4005 distinctio,

92 4037 166 4091 quac
186 4020 244 4091 111,
266 4021 301 4078 51
329 4021 495 4097 explicatur
518 4029 547 4076 et
569 4039 627 4094 qua
650 4021 790 4090 efficitur,
820 4029 851 4077 nt
874 4041 932 4078 non
955 4021 1054 4077 carnia
1075 4032 1159 4076 natu-

90 4103 164 4159 ralia
185 4105 242 4162 sint
263 4101 441 4182 apoqype'va.
487 4106 592 4163 Priora
615 4105 719 4164 Cicero
748 4107 819 4162 dicit
846 4108 912 4162 aila'l
934 4107 1030 4163 latere
1057 4110 1160 4182 appeti·

93 4193 181 4260 a'oair,
213 4213 274 4248 rem
303 4211 429 4267 angens3
464 4211 532 4248 nam
560 4191 693 4266 plerique
721 4193 819 4248 omnia
847 4192 1043 4248 aestimabilia
1071 4193 1159 4248 etiam

94 4264 182 4350 ὁρμῆς
203 4265 333 4351 κινητικά
355 4276 519 4346 faciebant,
554 4297 628 4351 qnos
656 4279 719 4353 ipse
749 4287 866 4334 secutus
889 4287 965 4346 erat;
999 4279 1050 4334 sed
1073 4278 1160 4334 simul

93 4361 302 4435 relinquebant,
326 4383 401 4438 quae
424 4365 478 4420 riec
500 4364 697 4421 aestimabilia
720 4372 818 4421 essent
840 4383 893 4420 nec
906 4373 1022 4432 eontra3
1045 4364 1104 4422 vid.
1122 4365 1161 4420 ad
