2998 5020
396 413 438 458 ur
462 412 541 458 uui.
566 413 627 458 nun
651 413 673 460 v
696 413 768 459 one.
794 415 834 459 rr.
1087 393 1148 458 cot

89 581 174 645 enimi
195 587 310 661 partes,
332 582 486 646 secundae
496 581 644 662 corporis.
677 581 797 646 Deinde
818 581 851 645 id
868 579 1150 662 quoquevidemus‚
1232 655 1236 662 ,

89 684 177 748 etita
204 681 371 764 figuratum
394 701 522 764 corpus,
554 689 591 748 ut
617 683 746 748 excellat
773 683 856 761 eliis,
889 683 1085 764 animumque
1107 681 1151 746 ite

88 785 294 864 constimtum,
327 795 362 850 ut
390 792 423 850 et
450 785 591 850 sensibus
618 785 788 850 instructus
811 785 853 850 sit
873 793 905 850 et
925 784 1039 848 habeat
1059 801 1150 864 pree-

88 887 225 952 stantiam
246 888 366 966 mentls
388 887 436 953 cui
458 893 524 952 tote
544 887 675 952 hominis
698 893 811 952 notura
832 895 951 968 pereat,
973 886 1004 950 in
1026 886 1151 967 quasit

87 989 226 1054 mirabilis
253 991 404 1072 quaedem
437 989 485 1054 vis
517 989 647 1056 rationis
680 997 711 1054 et
738 988 919 1071 cognitionis
946 997 979 1053 et
1004 989 1189 1054 seientiaeo

87 1093 290 1174 virmurmque
311 1092 454 1156 omnium.
487 1092 568 1156 Nom
589 1110 669 1172 quoe
690 1093 829 1173 corporis
851 1099 933 1170 sunt
955 1109 993 1155 ee
1009 1107 1149 1154 neceuc·

86 1195 235 1258 toritatem
264 1213 333 1259 curn
354 1194 447 1258 enimi
469 1193 610 1275 partibus
632 1195 872 1276 comparandum
894 1199 926 1258 et
947 1192 1151 1274 cognitionem

86 1296 195 1361 habent
216 1295 391 1361 faciliorem.
435 1297 545 1377 ltaque
572 1297 611 1360 ab
639 1297 687 1362 his
714 1297 880 1362 ordiamur.
924 1295 974 1360 35.
1003 1294 1150 1375 Corporis

85 1398 175 1478 igitur
198 1398 296 1462 nostri
318 1407 424 1478 partes
447 1396 686 1480 totaquefigure
708 1408 740 1464 et
759 1396 860 1463 forme
881 1405 913 1462 et
924 1403 1045 1462 statura
1056 1414 1149 1478 quem

84 1507 155 1580 epte
175 1501 370 1564 ednoturem
383 1500 433 1579 sit,
455 1509 596 1581 apparet
619 1519 719 1582 neque
730 1510 779 1566 est
789 1501 926 1578 dubium,
948 1499 1030 1581 quin,
1053 1498 1147 1576 irone,
1169 1501 1210 1566 lO

85 1601 168 1680 oculi,
190 1619 282 1666 eures
304 1609 336 1666 et
358 1602 493 1684 reliquae
516 1611 622 1683 perles
644 1603 752 1684 quoles
773 1602 921 1683 propriae
937 1601 999 1666 sint
1010 1601 1149 1680 hominis,

152 1795 172 1840 l.
189 1789 271 1838 cedere
288 1789 310 1838 E
354 1788 452 1854 deniqne
470 1789 527 1854 (pro
544 1789 638 1852 deinde)
658 1791 679 1838 R
734 1789 778 1858 [nd
795 1807 885 1854 quoque
905 1788 953 1856 ΕΙ]
975 1807 1068 1854 quoque
1086 1789 1112 1840 id
1129 1789 1149 1838 P

83 1865 103 1906 ct
120 1857 146 1904 id
162 1875 199 1921 qu.
220 1858 240 1906 1.
276 1857 396 1907 videamus
415 1861 434 1908 C
470 1864 493 1911 2.
513 1868 534 1908 et
552 1857 578 1907 t'd
595 1859 614 1907 P
649 1857 705 1908 alite
726 1887 753 1895 -—
774 1859 921 1907 coustitutum
940 1873 988 1907 om.
1009 1859 1027 1906 E
1069 1863 1091 1907 5.
1110 1875 1150 1908 co·

81 1926 198 1989 commoto
217 1926 237 1974 1.
282 1931 303 1976 8.
323 1929 354 1975 ab
372 1927 401 1977 ie
420 1929 441 1976 R
494 1934 531 1980 ΙΙ.
551 1935 572 1975 et
590 1937 648 1976 ente
665 1926 770 1990 reliquae
788 1927 877 1978 cmc
920 1935 973 1976 curet
991 1943 1086 1985 omnes,
1106 1927 1149 1978 Or.

82 2005 145 2057 two!
160 1995 256 2059 proprie
275 1997 303 2057 L>

83 2152 143 2217 nnis,
166 2171 242 2227 quoe
264 2093 343 2228 apud
365 2151 536 2211 Ciceronem
560 2153 614 2209 hoc
636 2151 732 2210 forma
742 2171 801 2209 non
813 2149 1010 2227 exponuntur,
1033 2153 1085 2210 sed
1106 2153 1151 2209 in-

81 2247 146 2294 sunt
170 2255 275 2312 magna
298 2237 482 2312 expertein
505 2238 551 2306 iis,
575 2257 650 2312 quae
673 2257 697 2294 c.
714 2239 750 2294 15
775 2237 940 2295 devirtutis
963 2247 1029 2295 ortu
1042 2247 1150 2313 etpro-

81 2341 180 2398 gressu
203 2323 353 2393 dicuntur,
387 2323 460 2379 mire
482 2323 648 2380 Hoerenius
675 2324 801 2380 aberret
845 2323 931 2380 Verti
959 2323 1002 2380 sio
1030 2323 1151 2380 debent:

80 2409 182 2465 Virtus
203 2409 288 2466 initio
311 2417 431 2484 propter
453 2409 584 2484 corporis
607 2419 636 2465 et
658 2408 869 2466 externebone
885 2409 1062 2476 introducto,
1085 2428 1151 2466 curn

80 2494 115 2550 etl
137 2513 169 2552 se
191 2494 257 2569 ipse
279 2495 378 2552 oculos
390 2495 537 2552 convertit
547 2494 821 2568 animadvertique,
845 2513 877 2552 se
888 2513 1004 2569 qnoque
1021 2495 1051 2551 in
1063 2495 1151 2552 rebus

79 2579 261 2636 naturalibus
283 2598 348 2636 esse
370 2580 463 2656 magis
485 2580 574 2637 etiam
586 2599 673 2654 quum
685 2580 817 2655 corporis
829 2581 991 2652 commodo,
1013 2579 1152 2656 sibiipsa

80 2664 253 2722 concilietur
275 2673 424 2739 tamquam
447 2685 500 2741 per
523 2684 553 2722 sc
576 2666 759 2741 expetendae
781 2664 828 2743 (ut
850 2685 881 2722 se
903 2675 1025 2740 propter
1046 2685 1077 2722 se
1100 2685 1152 2722 ex·

78 2751 234 2824 petendam
257 2754 381 2828 statuet)
403 2760 434 2807 et
456 2751 547 2826 magis
570 2751 658 2808 etiem
681 2751 737 2808 sibi
760 2760 815 2808 cet.
849 2751 919 2820 cfr..
949 2769 1024 2825 quoe
1047 2739 1167 2810 Cicero.

78 2835 153 2892 dixit
175 2837 234 2905 ΙΙΙ,
259 2838 295 2892 21
319 2847 348 2894 et
366 2837 419 2893 22:
453 2837 508 2894 Est
536 2847 622 2893 tomen
649 2857 681 2893 ec
709 2836 830 2913 (virtus)
849 2839 993 2893 secondum
1016 2848 1150 2908 naturam,

77 2922 148 2990 h.e.‚
171 2912 249 2977 κατὰ
267 2908 355 2994 φύσιν
368 2931 398 2978 et
407 2919 466 2978 coin
476 2911 554 2977 κατὰ
572 2906 683 2997 priore.)
713 2921 854 2993 Eandem,
878 2940 953 2996 quoe
966 2921 1013 2979 hic
1024 2923 1152 2984 institni-

76 3015 133 3077 tur,
157 3007 385 3082 disputationem
409 3007 527 3064 brevius
550 3007 742 3084 significatum
765 3007 892 3065 vidimus
915 3009 970 3078 lv,
985 3009 1021 3064 16
1035 3027 1098 3083 sqq.

162 3111 222 3149 cum
242 3095 347 3166 primae
368 3091 438 3167 cet.)
461 3092 490 3150 id
513 3101 571 3149 est:
594 3091 768 3170 ito(tomen).
792 3103 821 3150 ot
834 3097 1005 3168 primoecet.
1040 3093 1152 3150 Eodem

77 3178 165 3235 modo
188 3177 264 3235 dixit
286 3180 368 3248 §402
390 3199 449 3236 oum
472 3181 546 3252 [tropo
568 3181 730 3252 multumque
747 3189 867 3254 praestet
889 3198 961 3234 ruens
977 3189 1058 3252 atque
1074 3183 1151 3235 ratio.

75 3262 219 3320 Pluribus
242 3264 385 3338 exemplis
407 3265 484 3320 huuc
506 3264 668 3339 particulae
691 3265 775 3320 usum
798 3263 945 3320 declaravi
968 3263 997 3320 in
1021 3264 1152 3340 disputo-

73 3349 156 3405 tione
179 3349 215 3406 de
238 3359 324 3407 orott.
347 3350 383 3406 de
405 3349 536 3425 provinc.
559 3367 638 3408 cons.
662 3359 691 3406 et
713 3368 766 3424 pro
789 3349 900 3418 Bulbo,
924 3349 1034 3425 Opusc.
1057 3351 1151 3406 Aeod.

74 3434 149 3509 le.
163 3435 191 3491 8.
225 3431 337 3514 [Etiam
360 3437 386 3492 B
408 3437 513 3503 sedere3
532 3435 606 3491 nihil
622 3445 694 3510 puto
706 3431 850 3514 subesse]
884 3435 955 3492 Mox
979 3445 1003 3492 et
1024 3443 1092 3492 anic
1114 3439 1152 3492 im

66 3523 221 3592 ,riprrrolum
233 3521 337 3578 Lamb.
348 3521 457 3589 omisit,
470 3521 546 3577 Dav.
564 3521 594 3576 in
611 3541 669 3577 esse
680 3521 786 3581 mutari
799 3521 931 3590 volcbat3
955 3520 1013 3576 vid.
1025 3522 1061 3578 ed
1075 3527 1089 3591 ς
1103 3523 1153 3578 64.

74 3603 117 3682 [Β
141 3625 198 3662 om.
221 3627 282 3681 que,
306 3606 382 3662 unde
406 3606 542 3664 Baiterus
564 3616 588 3662 ct
610 3610 736 3677 animum,
759 3626 817 3664 non
841 3606 1099 3684 improbabiliter]

163 3691 237 3748 Nam
260 3711 329 3766 quoe
350 3689 484 3767 corporis)
507 3691 632 3769 [Aptius
655 3692 846 3749 scriberetur:
871 3693 937 3758 Iuor.¹
961 3713 1031 3766 qnae
1052 3691 1123 3770 cet]

164 3778 214 3834 35.
237 3781 311 3852 quin,
328 3780 410 3851 frons
433 3811 474 3820 -
493 3787 587 3853 partes
599 3781 831 3854 qrroleopropm'ce
841 3782 894 3834 sint
909 3779 1029 3847 lerninis,
1053 3781 1151 3835 r'ntellc-

71 3861 173 3940 potiar)
196 3863 335 3938 intellegi
357 3863 513 3939 cogitando
524 3871 630 3938 potest
654 3864 749 3938 qualis
760 3864 851 3925 frons.
875 3863 976 3937 quoles
994 3863 1071 3920 oculi
1085 3882 1152 3938 pro·

73 3947 134 4020 prii
157 3948 218 4005 sint
240 3949 376 4018 hominis,
399 3958 429 4006 ct
451 3948 534 4005 sicin
547 3949 651 4006 ceteris
663 3949 806 4023 partibus,
829 3958 860 4006 ut
878 3967 935 4005 non
948 3959 1058 4006 temere
1070 3949 1151 4020 hoec,

72 4051 152 4104 quae
175 4035 328 4104 hebemus
351 4035 435 4092 uobis
458 4035 527 4090 dota
549 4053 613 4092 esse
635 4034 799 4105 videantur,
823 4035 874 4091 sed
896 4052 945 4104 cu,
968 4053 1044 4109 quae
1067 4034 1152 4092 nobis

71 4127 148 4190 apta
170 4128 271 4176 essent
292 4129 322 4176 ct
343 4120 381 4176 ud
402 4121 778 4190 nettrromoccornmodute,
801 4120 894 4176 electe
916 4138 990 4177 esse.
1035 4119 1153 4194 signifi-

72 4211 124 4258 cat
148 4205 227 4262 enim
249 4204 330 4277 Piso,
353 4205 390 4262 od
401 4205 570 4262 universum
582 4205 709 4263 hominis
721 4205 852 4262 habitunt
864 4205 980 4281 singulo
996 4215 1066 4280 epta
1079 4224 1152 4262 esse.

72 4287 231 4347 Edebetur
251 4301 323 4348 sunl.
367 4290 427 4350 Sed
448 4309 502 4348 nec
518 4293 600 4365 frons
622 4294 779 4364 r'rrteliopitur
800 4309 855 4347 nec
865 4295 955 4365 frons.
979 4293 1068 4365 qualis
1086 4307 1152 4366 pro-

69 4376 140 4446 prio
169 4387 208 4434 cot
230 4377 358 4447 hominis,
391 4395 444 4434 nec
467 4377 640 4435 soloecismo
663 4377 719 4434 hoc
742 4385 835 4434 caret:
867 4380 949 4450 frons
971 4411 1012 4418 -—
1035 4379 1154 4452 reliquae
