3034 5030
314 401 379 465 402
708 417 753 462 nn
775 415 907 463 rmrans
929 415 1001 460 non.

315 585 478 650 cubabone
500 583 638 662 rationis
661 591 729 648 tum
749 585 790 648 ed
813 583 969 648 nouonon
991 581 1225 661 boniperrenit
1254 583 1305 646 34.
1323 582 1400 646 Hoc

314 693 418 751 autem
445 687 548 767 ipsum
574 685 690 750 bonum
723 705 784 750 non
811 685 989 750 accessione
1023 701 1124 764 neque
1146 685 1314 748 crescendo
1338 693 1401 747 aut

315 805 385 852 cum
406 787 517 852 ceteris
539 788 757 868 comparando,
781 787 837 850 sed
859 785 988 867 propria
1010 786 1041 850 vi
1063 804 1121 850 sua
1142 793 1175 849 et
1191 786 1343 850 sentimus
1363 793 1401 850 et

314 889 508 970 appellamus
530 888 653 953 bonum.
682 889 726 952 Ut
747 888 827 952 enim
849 887 918 965 mel,
941 888 999 951 etsi
1021 887 1232 951 dulcissimum
1254 895 1311 964 est,
1335 905 1400 950 suo

276 995 416 1057 damen
440 989 569 1071 proprio
596 1009 710 1072 genere
732 989 869 1070 saporis,
893 1008 954 1054 non
976 989 1208 1070 comparatione
1230 1007 1298 1053 cum
1322 988 1399 1052 aliis

313 1091 402 1156 dulce
429 1109 499 1156 esse
527 1091 674 1170 sentitur,
715 1091 759 1155 sic
786 1091 899 1155 bonum
927 1089 995 1167 hoc,
1022 1090 1062 1154 de
1089 1108 1151 1171 quo
1174 1089 1309 1171 agilum,
1343 1098 1400 1153 est

312 1193 388 1258 illud
410 1193 533 1275 quidem
555 1192 681 1274 plurimi
703 1192 938 1270 aestimandum,
961 1192 1017 1256 sed
1039 1209 1076 1256 ea
1093 1191 1265 1256 aestimatio
1275 1209 1402 1272 genere

382 1417 403 1462 6.
423 1414 538 1478 apdurl.
592 1416 613 1461 i.
633 1411 814 1462 &amandam
835 1412 854 1460 1.
890 1429 920 1460 ea
938 1411 1125 1460 wamacioaali

312 1638 342 1694 in
365 1638 443 1694 curis
466 1637 602 1694 secundis
624 1637 762 1706 correxit,
786 1636 866 1710 quod
888 1636 917 1692 in
941 1636 1041 1692 codice
1063 1635 1224 1711 archetypo
1248 1637 1395 1712 scriptum

312 1731 389 1779 erat:
407 1726 491 1797 posui
501 1723 595 1778 honum
606 1725 713 1792 croatam
737 1720 875 1778 librarius
887 1722 982 1777 borium
1005 1721 1239 1778 accommodavit
1256 1722 1293 1778 ad
1315 1727 1399 1796 qood

311 1817 464 1864 entremum.
500 1807 621 1880 Requiri
645 1808 718 1876 boni,
747 1815 889 1876 senserat,
913 1805 963 1880 qui
985 1805 1016 1862 in
1038 1805 1102 1862 cod.
1127 1805 1235 1882 Scalig.
1258 1817 1287 1863 et
1304 1807 1350 1864 El.
1379 1816 1391 1865 l

311 1892 442 1968 scripsit:
460 1895 543 1966 posui
564 1893 667 1952 bonum.
691 1893 759 1959 botri,
783 1900 812 1947 et
834 1890 884 1964 qui
906 1890 936 1946 in
959 1885 1015 1958 Εξε
1039 1891 1142 1954 bonum,
1165 1895 1230 1947 aas.
1276 1892 1397 1966 (Aldus

311 1979 437 2034 hotonem
458 1977 574 2050 notitia.)
620 1976 678 2035 Sed
706 1977 784 2050 quod
812 1986 966 2051 praeterea
992 1974 1086 2033 Gzins
1114 1995 1151 2032 ex
1175 1975 1252 2050 Spir.
1275 1974 1331 2055 [B]
1362 1991 1397 2035 et

309 2062 372 2120 Erl.
401 2061 494 2119 edidit
520 2066 603 2130 actm,
638 2070 770 2118 correcta
791 2061 908 2117 videtur
930 2079 948 2116 a
969 2060 1091 2116 librario
1113 2059 1265 2118 Ciceronis
1287 2061 1397 2120 incon-

310 2146 428 2216 stantia,
452 2145 571 2221 quibis
593 2151 735 2214 notiorem,
758 2146 860 2224 ¹medio
883 2145 948 2202 loeo
971 2149 1087 2201 notitiam
1111 2145 1201 2215 dixit,
1225 2165 1283 2220 quo
1300 2167 1396 2204 voca-

309 2232 380 2288 bulo
403 2250 461 2287 non
483 2249 551 2288 raro
573 2250 627 2306 pro
648 2232 743 2288 altero
765 2231 867 2300 utitur,
890 2231 972 2286 velut
994 2232 1032 2298 V,
1057 2231 1106 2286 60.

398 2317 447 2372 34.
470 2335 521 2372 acea
542 2319 690 2373 ucaaesioae
712 2335 796 2389 oeque
817 2318 971 2389 crescendo)
1006 2315 1087 2388 Quos
1114 2315 1249 2384 „codices
1265 2318 1392 2392 plures*

310 2411 392 2476 atque
413 2420 467 2476 pro
489 2401 692 2474 nequehabere
704 2401 798 2459 Gaius
810 2400 897 2470 dicat,
919 2401 1034 2470 nesei0;
1057 2419 1140 2474 raeque
1157 2419 1191 2458 eo
1204 2401 1291 2458 modo
1302 2405 1397 2478 poni-

310 2495 367 2557 tur,
391 2505 449 2560 quo
472 2487 556 2555 adl,
582 2487 621 2543 30
644 2486 721 2555 dixi;
749 2504 817 2541 narn
845 2503 905 2542 nna
926 2485 1007 2542 notio
1030 2485 1144 2542 duobus
1167 2485 1265 2544 verbis
1287 2490 1395 2562 expri-

310 2571 407 2628 mitur.
453 2571 511 2630 Sed
535 2571 630 2628 minus
652 2582 731 2628 recte
754 2569 896 2627 Davisius
919 2570 966 2626 hic
988 2570 1146 2645 significari
1169 2580 1263 2646 putat,
1287 2575 1397 2631 culnia

310 2656 389 2712 bona
410 2656 547 2730 aequalia
569 2675 648 2726 esse,
671 2655 843 2713 stultissime
855 2653 948 2712 Gzius
971 2656 1013 2710 sic
1036 2665 1168 2711 enarrat:
1191 2676 1241 2712 aaa
1258 2659 1395 2733 neuwen·

305 2740 449 2820 occidms)
471 2739 508 2818 (i)
532 2761 615 2814 aeque
637 2743 815 2798 contractione
836 2751 884 2795 aut
906 2741 1091 2832 sinrila'tudiae,
1121 2740 1171 2814 qui
1194 2741 1266 2797 satis
1288 2741 1394 2800 decla-

309 2835 365 2897 rat,
390 2844 465 2900 quae
489 2836 566 2882 esset
587 2819 774 2899 περίπτωσις,
798 2843 873 2899 quae
886 2817 1081 2891 ἐπισυνθεσις,
1105 2826 1311 2898 quaenornina
1332 2847 1394 2903 po·

310 2929 380 2968 nere
402 2929 460 2968 aon
483 2920 610 2978 veretur,
635 2928 665 2966 se
688 2909 808 2966 omnino
831 2910 991 2984 ignorasse.
1036 2909 1089 2984 (Et
1111 2910 1187 2966 belle
1210 2911 1294 2982 Cato,
1318 2930 1392 2972 curn

309 2996 447 3063 dixisset,
476 2996 622 3070 quomodo
645 2994 764 3050 adboni
787 2995 936 3051 notionem
948 3003 1122 3068 perventum
1134 3005 1226 3064 esset,
1249 2997 1396 3056 adderet:

308 3083 375 3138 Hoc
397 3089 495 3137 autem
519 3081 614 3155 ipsum
637 3079 756 3149 bonurn,
780 3079 858 3152 qnod
870 3087 975 3153 quarta
992 3079 1106 3136 ratione
1118 3079 1299 3137 intellectum
1311 3082 1393 3155 dixi,

308 3185 366 3223 non
389 3165 570 3222 intellectum
593 3173 638 3221 est
659 3182 719 3220 una
740 3183 777 3220 ex
801 3164 895 3220 tribus
917 3163 1065 3238 prioribus
1081 3161 1269 3242 rationibus.)
1297 3167 1395 3226 Post-

308 3269 396 3325 quam
420 3250 494 3308 Cato
517 3249 664 3324 exposuit,
687 3267 706 3303 a
727 3249 830 3324 primis
853 3257 975 3304 naturae
998 3249 1035 3305 ad
1059 3250 1128 3306 boni
1150 3250 1299 3307 notionem
1322 3254 1393 3311 col-

308 3335 418 3392 latione
430 3334 553 3390 rationis
565 3343 685 3391 ventum
697 3351 776 3404 asse,
790 3343 889 3404 cavet,
913 3351 949 3389 ne
967 3334 1033 3406 quis
1044 3334 1101 3391 hoc
1112 3335 1154 3392 ita
1164 3335 1393 3410 interpretetur,

307 3419 381 3477 utin
394 3419 496 3476 eodem
508 3437 630 3495 genere,
653 3418 683 3474 in
702 3436 761 3492 quo
778 3418 874 3492 prima
885 3425 991 3474 natura
1007 3419 1075 3488 sint,
1093 3420 1201 3476 bonum
1214 3438 1278 3477 esse
1289 3430 1394 3497 putet,

307 3504 509 3562 tantummodo
531 3503 698 3560 accessione
721 3503 821 3576 aliqua
843 3511 873 3560 et
893 3503 987 3578 gradu
1010 3504 1097 3580 (haec
1119 3513 1164 3561 est
1185 3505 1394 3582 enimcompa.

306 3589 390 3663 ratio)
412 3589 450 3644 ab
473 3588 532 3644 illis
544 3586 691 3658 differens,
715 3597 745 3644 et
755 3588 989 3645 aestimationem
1002 3589 1142 3646 maiorem
1154 3589 1236 3646 illam
1254 3591 1393 3666 quidem,

307 3675 358 3732 sed
381 3673 511 3731 eiusdem
533 3672 649 3748 generis
673 3672 790 3728 habere.
818 3673 923 3746 Itaque
946 3673 988 3730 sic
1010 3674 1129 3731 ascendi
1151 3674 1203 3730 illa
1225 3675 1392 3738 collatione

305 3759 429 3817 rationis
452 3757 538 3822 dicit,
572 3767 606 3814 ut
628 3757 774 3832 posterius
803 3766 833 3814 et
854 3758 989 3832 superius
1012 3758 1149 3834 (bonurn)
1177 3759 1215 3815 ab
1242 3759 1393 3822 inferiore

305 3854 336 3902 et
357 3844 455 3919 priore
478 3841 595 3918 (primis
617 3841 754 3916 naturae)
777 3861 899 3918 genere,
932 3861 990 3898 non
1018 3844 1112 3918 gradu
1140 3841 1265 3900 differet
1316 3847 1348 3903 N
1351 3869 1392 3908 eo

304 3939 401 3988 tamen
425 3926 513 3984 facile
536 3927 628 3986 Stoici
652 3947 683 3984 se
706 3947 742 3983 ex
767 3927 812 3983 his
834 3927 978 4002 angustiis
1005 3929 1217 4004 expediebant,
1251 3930 1280 3986 in
1308 3950 1392 4005 quas

304 4015 477 4082 inciderant,
501 4030 565 4069 cum
590 4013 720 4069 omnium
743 4012 895 4068 notionum
917 4030 936 4068 a
958 4013 1093 4070 sensibus
1109 4013 1252 4089 originem
1265 4027 1392 4091 repete·

304 4108 384 4168 rent,
409 4107 438 4154 et
461 4097 553 4172 magis
576 4095 751 4154 affirmando
773 4115 835 4153 rem
858 4097 1075 4172 praecidebant.
1120 4099 1198 4156 Nam
1221 4116 1284 4156 cum
1310 4092 1390 4159 ἀνα-

304 4175 390 4257 λογία
412 4183 463 4240 ille
486 4182 548 4239 sive
571 4182 690 4239 collatio
712 4181 835 4238 rationis
858 4191 936 4239 esset
957 4191 1008 4238 aut
1021 4173 1159 4257 αὐξητικὴ
1181 4177 1392 4262 ειυῑμειωτικῆ

305 4262 405 4344 (Sext.
429 4267 513 4341 Emp.
537 4267 603 4322 adv.
627 4267 721 4324 llaih.
744 4267 775 4322 ll.
798 4266 883 4340 citt).
907 4285 966 4323 non
989 4286 1059 4323 sane
1077 4277 1209 4343 apparet,
1233 4271 1395 4342 quomodo

304 4369 340 4406 ea
362 4351 522 4424 quidquam
544 4351 670 4407 inveniri
693 4351 823 4426 potuerit
844 4370 951 4426 genere
974 4351 1121 4409 differens.
1393 4343 1399 4352 ’
