3034 5030
327 435 390 500 312
719 453 764 498 na
786 451 918 500 ammos
940 451 1012 498 soa.

327 621 392 700 sit,
424 621 463 686 id
495 638 580 686 esse
609 621 692 686 sine
725 639 856 700 sensu;
889 620 992 702 quod
1019 624 1145 685 autem
1178 619 1260 684 sinc
1288 637 1401 684 sensu
1493 633 1494 636 ’

327 723 393 802 sit,
426 723 464 787 id
493 722 589 788 nihil
616 724 662 787 ad
689 741 756 788 nos
777 723 978 804 pertinere
1004 721 1166 786 omnino.
1210 721 1279 786 Hoc
1300 721 1401 802 ipsum

326 825 498 907 elegantius
526 825 600 906 poni
627 825 798 907 meliusque
824 825 935 906 potuit
984 824 1065 888 Nam
1097 822 1181 904 quod
1202 823 1246 889 ita
1267 823 1402 904 positum

326 931 388 1006 est,
421 928 522 1008 quod
550 927 782 992 dissolutum
810 927 877 1006 sit,
909 925 948 990 id
975 943 1062 990 esse
1095 925 1181 990 sine
1209 943 1338 1004 sensu,
1368 925 1402 990 id

288 1029 478 1095 huiusmodi
499 1036 556 1107 est,
578 1035 614 1093 ut
635 1048 696 1094 uon
719 1029 796 1093 satis
817 1028 911 1109 plane
933 1028 1025 1106 dicat,
1048 1027 1124 1108 quid
1146 1026 1187 1091 sit
1208 1027 1401 1092 dissolutum

328 1131 398 1196 101.
421 1130 484 1196 Sed
505 1138 608 1196 tanmn
630 1130 787 1211 intellego,
815 1131 891 1211 quid
912 1130 994 1194 velit
1039 1130 1164 1207 Quaero
1187 1137 1307 1206 autem,
1329 1128 1403 1209 quid

326 1232 376 1311 sit,
398 1233 491 1313 quod,
514 1251 583 1297 cum
604 1232 815 1311 dissolutione,
837 1231 871 1297 id
893 1237 949 1311 est,
972 1237 1072 1296 morte
1094 1249 1206 1296 sensus
1228 1231 1328 1295 omnis
1348 1249 1402 1295 ex·

325 1334 498 1416 tinguatur,
532 1341 564 1399 et
585 1353 654 1399 cum
675 1334 788 1416 reliqui
810 1333 884 1398 nihil
906 1334 947 1398 sit
969 1333 1107 1412 omnino,
1141 1333 1225 1414 quod
1246 1333 1404 1413 pertineat

326 1437 367 1501 ad
389 1454 461 1515 nos,
492 1441 558 1501 tam
579 1441 723 1501 accurate
743 1441 871 1515 tamque
897 1435 1061 1516 diligenter
1082 1441 1191 1500 caveat
1217 1441 1250 1498 et
1276 1433 1403 1510 sandat,

268 1543 310 1607 io
326 1544 367 1602 ut
388 1538 692 1619 Amynomachus
714 1546 752 1602 et
774 1537 1030 1615 Timocrates,
1064 1536 1228 1601 heredes
1252 1536 1325 1614 sui,
1356 1536 1403 1598 de

326 1639 551 1704 Hermarchi
574 1639 768 1704 sententia
790 1641 895 1719 dent,
917 1639 1018 1721 quod
1041 1639 1140 1704 satis
1163 1638 1215 1702 sit
1237 1639 1284 1702 ad
1305 1637 1403 1701 diem

396 1864 421 1914 2.
438 1861 530 1910 omniuo
551 1859 587 1909 ad
602 1877 645 1910 nos
661 1861 779 1924 periurare
796 1859 896 1912 LMcss
947 1865 971 1910 8.
990 1859 1049 1924 quid
1065 1861 1100 1908 ita
1118 1860 1137 1908 E
1191 1864 1213 1908 5.
1232 1857 1366 1908 huiusmodi
1382 1857 1404 1908 C

328 1932 350 1981 7.
369 1945 420 1978 cum
439 1930 529 1978 omli
586 1928 726 1993 alinqu'tnr
754 1927 775 1980 C
854 1933 876 1978 9.
904 1927 1019 1996 [sanarer
1042 1927 1076 1995 A]
1100 1927 1253 1977 sanctitati]
1277 1927 1361 1976 suarm
1381 1927 1404 1974 R

330 2001 367 2046 lo.
390 1995 583 2064 [Aminomachur
600 1995 635 2064 Δ]
657 1995 843 2046 Antinomurdua
861 1997 981 2048 LPMCR
1034 1995 1069 2046 ad
1086 2001 1141 2061 (pro
1160 1995 1238 2059 ‹lqs
1281 2001 1319 2044 ll.
1337 1993 1404 2044 Her·

325 2065 405 2115 machi
420 2065 441 2114 L
459 2064 590 2116 Her-madii
607 2065 681 2114 PMR
697 2064 796 2115 Hermia
814 2067 833 2115 C

327 2281 357 2330 et
378 2271 507 2330 editores
529 2272 700 2348 intellegere
722 2272 861 2329 videntur
882 2271 927 2349 (id
949 2271 1027 2328 enim
1050 2280 1141 2328 esset:
1175 2272 1244 2344 qrrid
1270 2273 1305 2327 sit
1332 2289 1405 2328 esse

326 2355 509 2432 dissolutum),
533 2357 584 2416 sed
606 2357 771 2415 addendum
794 2355 895 2421 fuisse,
918 2356 1001 2426 illud,
1025 2355 1104 2430 quod
1126 2355 1303 2412 dissolutum
1325 2355 1405 2412 dica·

326 2452 391 2514 tur,
425 2461 489 2499 esse
512 2443 642 2500 animum
665 2449 695 2498 et
717 2461 824 2517 corpus
847 2451 941 2499 morte
964 2440 1137 2498 seiunctum.
1180 2441 1304 2516 Frigida
1331 2441 1403 2497 haec

326 2527 476 2585 cavillatio
498 2527 562 2584 iure
585 2526 686 2586 Gellio
696 2527 822 2584 videtur.
851 2525 912 2586 Sed
928 2545 965 2583 ex
977 2525 1143 2584 Alexandri
1160 2525 1406 2601 Aphrodisiensis

326 2612 516 2670 annotatione
539 2613 576 2669 ad
598 2612 724 2670 Aristot
746 2613 822 2688 Top.
845 2613 861 2669 I
883 2631 912 2688 p.
937 2613 953 2668 7
977 2607 1021 2690 (p.
1045 2611 1106 2667 253
1130 2611 1175 2667 ed.
1197 2611 1297 2668 Berol.
1321 2610 1405 2668 scho-

324 2697 432 2756 liorum
455 2698 607 2771 Ariston),
646 2716 733 2772 quern
766 2705 835 2773 post
861 2698 1010 2754 Moratum
1043 2692 1129 2773 (Var.
1157 2697 1239 2753 Lect.
1261 2697 1326 2768 XI,
1352 2690 1406 2774 16)

325 2783 386 2840 Iac.
409 2781 580 2841 Gronovius
601 2784 640 2839 ad
651 2781 782 2841 Gellium
804 2782 952 2857 ascripsit,
975 2799 1118 2857 apparere
1141 2781 1267 2851 videtur,
1292 2779 1406 2840 necCi-

326 2885 462 2925 ceronem
479 2885 533 2924 nee
551 2866 682 2925 Gellium
696 2867 768 2924 setis
784 2867 982 2939 intellexisse,
1006 2867 1077 2941 quid
1099 2866 1130 2922 in
1152 2866 1283 2941 Epicuro
1305 2885 1406 2942 repre-

325 2953 516 3022 henderetur3
540 2953 595 3009 hoc
617 2952 694 3009 enim
706 2953 986 3027 reprehendebatur,
1009 2951 1088 3026 quod
1111 2970 1129 3007 a
1151 2951 1345 3008 dissolutione
1368 2950 1407 3007 ad

326 3037 501 3095 dissolutum
523 3037 631 3094 iniuria
654 3037 806 3106 transiret3
829 3056 924 3112 neque
948 3037 1035 3108 enim,
1059 3036 1189 3110 quodid,
1214 3037 1294 3110 quod
1312 3037 1406 3094 disso-

324 3124 419 3180 lutum
441 3130 528 3192 esset,
552 3122 616 3180 sine
637 3141 726 3179 sensu
748 3131 840 3193 esset,
868 3123 967 3197 sequi,
995 3131 1029 3178 ut
1051 3122 1139 3178 etiam
1163 3121 1228 3196 ipsa
1250 3121 1408 3179 dissolutio

326 3216 356 3265 et
383 3226 462 3265 mors
489 3207 573 3264 fieret
596 3207 659 3263 sine
682 3225 779 3264 sensu.
813 3205 900 3284 (cfr,
923 3226 998 3281 quae
1021 3207 1085 3282 ipse
1107 3206 1171 3263 dixi
1198 3225 1289 3282 supra
1311 3226 1341 3282 p.
1366 3206 1406 3264 83

325 3292 364 3350 ad
384 3293 477 3349 verba
498 3312 570 3349 mors
592 3311 671 3348 aaran
693 3293 807 3367 careat.)
852 3293 928 3349 Tum
951 3292 1024 3349 ordo
1047 3293 1205 3349 verborum
1221 3289 1329 3350 anio
1342 3310 1409 3349 cor·

325 3387 423 3435 motus
446 3385 491 3434 est
512 3377 601 3434 etiem
614 3395 629 3433 e
642 3377 719 3453 Spir.
742 3385 771 3432 et
784 3377 863 3435 Gud.
880 3381 906 3448 1,
930 3388 960 3434 et
981 3386 1046 3434 erat
1068 3377 1110 3434 sic
1122 3377 1152 3433 in
1165 3375 1210 3454 [A
1222 3386 1252 3433 et
1263 3377 1289 3433 B
1301 3375 1347 3454 et]
1362 3377 1407 3434 ed.

325 3462 406 3522 Crat.
455 3462 569 3538 Vulg0,
597 3473 631 3519 ut
657 3462 688 3518 in
715 3462 825 3518 nostris
847 3471 995 3537 quattuor.
1028 3463 1098 3520 Vox
1121 3465 1225 3518 manino
1247 3461 1289 3518 sic
1311 3462 1343 3519 in
1357 3482 1409 3520 ex-

325 3557 449 3605 tremum
467 3547 564 3604 locum
580 3547 652 3603 reici
668 3548 717 3604 111
728 3547 767 3604 N.
780 3548 817 3603 D.
832 3547 869 3604 69
894 3543 960 3629 (nort
976 3549 1104 3604 adhibere
1115 3545 1234 3626 omraiao)
1258 3555 1288 3603 et
1310 3548 1408 3605 Acad.

324 3634 367 3704 H,
391 3634 430 3690 48
454 3643 484 3688 et
505 3631 587 3701 aiibi,
611 3631 704 3689 Gaius
727 3632 850 3689 notavit.

416 3719 483 3775 101.
516 3727 610 3773 caveat
631 3726 656 3773 et
677 3713 795 3794 aarrriot)
817 3718 853 3775 In
876 3725 1053 3775 testamento
1076 3717 1154 3792 apud
1177 3717 1265 3793 Diog.
1289 3717 1329 3788 X,
1362 3719 1408 3775 18.

325 3801 542 3879 Amynomachi
569 3819 676 3859 nomen
709 3801 739 3858 in
768 3800 847 3860 Oxx.
876 3802 959 3859 codd.
993 3802 1129 3859 similiter
1156 3813 1328 3878 corruptum
1365 3813 1410 3860 est

325 3897 414 3962 atque
436 3888 467 3943 in
484 3886 593 3944 nostris
610 3886 820 3956 deterioribus3
843 3895 922 3944 recta
939 3907 997 3964 mg.
1010 3885 1090 3946 Crat
1124 3887 1172 3944 Ad
1193 3907 1248 3963 pro
1270 3889 1305 3944 de
1316 3889 1409 3946 etiam

326 3972 404 4048 Spir.
416 3967 486 4052 [B];
509 3971 560 4028 sed
571 3973 610 4028 ad
630 3975 785 4028 renuntiem
812 3974 925 4029 adonius
941 3976 1037 4047 jacere
1048 3975 1155 4047 oliqrrid
1170 3991 1230 4030 nou
1240 3972 1354 4030 usitate
1367 3974 1410 4031 di·
1493 3975 1494 3978 ’

326 4058 410 4114 citur.
455 4056 588 4113 Lunares
610 4055 837 4114 Atheniensium
861 4075 976 4114 menses
999 4067 1029 4114 et
1051 4057 1164 4114 dierum
1186 4076 1206 4114 a
1228 4077 1306 4116 nova
1335 4059 1411 4117 lune

326 4160 513 4217 progressum
536 4140 641 4199 Cicero
664 4141 841 4217 significavit
863 4142 979 4221 (turmo).
1022 4143 1075 4212 Iis,
1099 4161 1174 4217 quae
1197 4143 1233 4200 de
1256 4143 1302 4200 his
1322 4141 1410 4203 feriis

326 4226 484 4282 vicesimae
506 4226 593 4282 lunae
616 4225 735 4301 collegit
758 4227 913 4304 Menagius
941 4227 978 4284 ad
1001 4228 1105 4303 Diog.,
1139 4228 1305 4285 addendum
1333 4229 1410 4288 Phi-

327 4311 434 4367 lodami
458 4310 638 4385 epigramma
659 4310 689 4366 in
712 4311 874 4388 Antholog.
896 4313 993 4370 Palat.
1016 4313 1074 4384 XI,
1100 4314 1149 4369 44.
