3034 5030
416 345 459 390 rr
482 344 563 390 uri.
582 343 678 390 mun
701 345 774 391 cur.
792 347 903 392 os-m.
1120 326 1183 392 329

29 490 30 511 ¹
100 513 311 594 Hellesponto
342 513 463 591 iuncto,
497 511 619 578 Athone
646 510 805 593 perfosso,
832 512 932 578 moria
953 513 1183 592 ambulavisset,

99 627 211 680 terram
236 615 466 696 navigavisset,
488 614 524 693 si,
546 633 616 680 oum
637 620 726 678 tauto
747 613 867 694 impetu
888 615 920 679 in
943 615 1107 680 Graeciam
1130 634 1183 680 ve·

100 718 205 796 uisset,
241 735 378 783 oausam
405 717 482 800 quis,
505 733 543 781 er
576 735 613 781 eo
640 723 808 797 quaereret
834 722 993 782 tenturum
1022 718 1183 799 copiarum

99 820 239 902 tantique
262 819 354 896 belli,
386 819 448 883 mel
469 837 504 883 se
526 817 649 883 auferre
670 837 708 884 ex
730 819 878 901 Hymetto
900 818 1036 884 voluisse
1057 819 1184 898 diceret,

98 933 178 987 certe
200 923 278 986 sine
302 940 397 986 causa
419 921 579 985 videretur
601 926 688 986 tento
709 927 848 999 consum,
872 921 916 985 sic
932 939 990 985 uos
1003 921 1183 1002 sapientem,
1201 923 1223 988 5

21 1062 22 1077 .
98 1023 240 1103 plurimis
266 1031 303 1088 et
323 1022 516 1105 gravissimis
537 1023 656 1088 artibus
678 1029 773 1104 atque
802 1021 970 1086 virtutibus
998 1023 1184 1087 instructum

20 1201 21 1206 ἵ
99 1133 303 1204 stornatum,
322 1145 394 1203 nou,
411 1123 551 1204 utillum,
573 1125 671 1190 maria
682 1124 814 1205 pedibus
824 1131 1054 1206 peragrantem,
1077 1124 1184 1189 elassi-

99 1227 151 1290 bus
172 1237 317 1306 montes,
339 1228 396 1292 sed
418 1245 509 1291 omne
531 1227 649 1310 caelum
671 1233 830 1307 totumque
851 1245 921 1290 cum
943 1226 1088 1292 universo
1106 1225 1185 1290 mari

99 1341 212 1394 terram
242 1337 353 1394 mente
379 1329 587 1410 complexum,
620 1328 811 1410 voluptatem
839 1335 947 1408 petere
982 1327 1009 1392 si
1037 1328 1184 1406 dicemus,

99 1431 193 1495 mellis
216 1449 320 1496 morsa
342 1431 480 1496 dicemus
502 1437 590 1495 tanto
611 1430 759 1494 molitum.
795 1431 865 1494 113.
882 1429 932 1492 Ad
954 1427 1066 1494 altiora
1088 1448 1184 1512 quae·
1204 1435 1245 1498 10

100 1533 166 1596 dam
188 1543 223 1598 et
247 1531 528 1614 magnificentiora,
549 1531 623 1596 mihi
645 1533 746 1610 crede,
768 1531 941 1612 Torquate,
975 1531 1040 1596 uati
1063 1551 1183 1610 sumus3

101 1653 151 1699 ooo
171 1635 208 1700 id
232 1653 277 1700 ex
298 1635 394 1700 animi
415 1634 516 1699 solum
537 1633 695 1715 partibus,
729 1635 761 1697 iu
789 1633 901 1713 quibus
928 1633 1011 1698 inest
1037 1634 1185 1698 memorio

100 1755 202 1800 rerum
224 1735 511 1814 innumerabilium,
532 1735 563 1799 in
585 1735 753 1816 tequidem
764 1733 894 1812 infinita,
916 1734 1186 1800 inestoonieotura

167 1910 189 1954 l.
213 1905 334 1974 [mons
352 1905 386 1972 Α]
406 1905 498 1955 Atdooo
517 1907 544 1955 M
581 1911 604 1954 t.
623 1913 758 1968 terramque
776 1905 841 1969 (P)C
873 1904 1184 1972 mor'yosrettlal’ltllcor

101 1977 122 2020 ³.
139 1991 245 2024 mam
265 1975 316 2023 eim
335 1976 389 2038 quir
408 1974 527 2025 troica
567 1981 592 2028 4.
615 1977 705 2038 offam
724 1974 843 2024 trucis
896 1980 918 2024 5.
938 1973 1018 2024 oosL
1055 1979 1077 2022 6.
1097 1975 1184 2024 eterit.

101 2039 121 2088 l.
156 2047 196 2093 13.
218 2043 278 2092 indo
297 2045 352 2107 ipro
371 2042 438 2106 r'otet
457 2043 562 2093 Emtae
580 2041 643 2107 (vite)
661 2042 783 2092 LPMCR
800 2051 822 2091 et
840 2059 869 2091 ro
885 2041 922 2091 Or
939 2047 1007 2106 (oum
1017 2045 1101 2092 mendi
1112 2047 1184 2104 uota)

185 2251 296 2308 Athone
313 2245 455 2330 perfosso)
478 2249 553 2309 Cum
575 2250 654 2308 vict.
677 2249 818 2307 edidisset
839 2251 943 2308 Atlove
965 2251 1057 2328 (quod
1080 2251 1185 2309 eratin

104 2334 194 2392 tubus
217 2335 309 2403 Pau,
333 2334 380 2392 El.
396 2338 421 2402 l.
443 2335 527 2392 Porr.
549 2337 575 2406 1,
597 2336 625 2406 3,
638 2346 674 2408 ψ,
698 2333 777 2406 Gzii,
801 2335 970 2407 utvidetur,
994 2337 1185 2412 prseterErl.

103 2430 129 2474 st
150 2419 233 2478 Gud.
249 2421 291 2494 2),
315 2420 468 2478 Manutius
484 2421 608 2478 alterurn
625 2419 764 2492 restituit,
787 2421 867 2495 quod
889 2421 993 2478 habuit
1009 2421 1098 2479 etism
1121 2421 1184 2479 cod.
1307 2435 1313 2446 ·

105 2503 176 2562 llor.
193 2503 242 2586 [et
255 2502 303 2585 Β].
348 2507 479 2562 Athonem
501 2505 606 2565 Cicero
629 2505 706 2562 dixit
727 2505 762 2562 de
781 2507 815 2563 R.
835 2507 879 2578 P,
902 2507 1022 2564 Athones
1046 2507 1185 2564 Lucilius.

103 2588 136 2645 ln
158 2609 218 2668 mg.
243 2590 325 2650 Cret.
348 2591 421 2648 Atto
442 2599 570 2660 notatur,
592 2591 644 2648 vix
667 2609 683 2646 s
706 2590 816 2648 codiee.
932 2585 935 2588 ’

188 2687 293 2733 terram
320 2675 513 2752 notiqam'sset)
546 2676 701 2752 Asyndeto
723 2676 816 2732 utitur
843 2676 872 2733 in
901 2676 990 2734 celeri
1014 2696 1184 2754 magnorum

20 2805 21 2812 ,
104 2777 199 2818 rerum
222 2771 256 2818 et
276 2761 362 2837 gravi
384 2761 550 2830 notatione;
573 2779 640 2817 num
663 2761 705 2818 sic
728 2761 817 2831 Vict,
840 2763 917 2819 Dav.
940 2781 978 2818 ex
1000 2762 1046 2818 El.
1070 2764 1150 2840 (utro
1158 2761 1184 2837 i)

106 2846 255 2916 eiusad,
273 2845 467 2905 Gziusetium
486 2844 608 2924 ex(Ox.
619 2845 691 2922 χεῖ)
704 2845 813 2924 Spir[
799 2843 939 2927 [.ξΒ]
875 2843 939 2916 In}
950 2857 981 2904 et
998 2846 1077 2906 Gud.
1092 2851 1186 2905 ierat

106 2933 143 2986 rel
163 2943 275 2988 terram.
309 2932 445 2990 Colorem
469 2932 650 2990 simillimum
673 2931 816 2989 orationis
838 2933 874 2990 de
897 2932 998 2990 eodem
1016 2952 1048 2989 re
1058 2933 1185 2993 Ursinus

106 3014 355 3075 demonstravit
346 3037 376 3074 m
398 3018 521 3074 Isoorot.
543 3017 690 3092 Panegyr.
718 3037 746 3115 p.
771 3017 811 3076 58
835 3018 937 3118 Steph.
960 3014 989 3099 (ξ
1009 3019 1048 3076 89
1061 3018 1184 3116 ledr)

19 3098 20 3120 ¹
106 3087 179 3157 ὥστε
198 3096 471 3199 τῷστρατοπέδῳ
478 3098 603 3159 πλεῦσαι
624 3095 678 3194 μὲν
700 3093 800 3160 broi*
765 3122 817 3178 της
840 3095 971 3196 ἠπείρου,
993 3097 1134 3170 πεζεῦσαι
1154 3094 1184 3160 di

19 3177 20 3190 *
106 3174 153 3240 toi
171 3184 228 3278 τῆς
251 3175 416 3260 θαλάττης,
439 3177 491 3242 τὸν
512 3176 565 3260 μὲν
585 3170 806 3262 Ellq'ortortoo
829 3173 948 3257 ζεύξας,
970 3177 1068 3245 ‘ried’
1085 3175 1184 3242 Αθω

20 3307 21 3312 1
107 3257 253 3344 ὅιορέξας.
299 3268 484 3348 [Admodum
513 3271 707 3346 probabiliter
733 3273 908 3330 Baiterus
899 3291 929 3329 m
953 3273 997 3330 ed.
1021 3272 1091 3330 min
1113 3275 1185 3329 omri

105 3355 306 3426 ambulavisset,
338 3365 410 3413 terro
433 3360 624 3429 rrom'qaor'sset3
658 3375 725 3414 num
748 3376 802 3414 neo
824 3377 878 3433 per
899 3377 930 3414 se
952 3359 1091 3416 ambolare
1111 3377 1186 3414 more

20 3443 21 3456 .
108 3436 202 3510 placet
229 3441 307 3499 ultro
336 3442 482 3517 poeticum
510 3461 604 3517 poeno
632 3443 780 3500 licentiam
804 3462 991 3519 progressum
1021 3462 1075 3500 nec
1098 3447 1186 3500 morio

108 3523 211 3595 plurali
234 3522 381 3605 numero]

188 3611 387 3688 comamquis)
411 3612 562 3671 Sioetiam
575 3613 652 3688 Spir.
665 3609 729 3693 [B],
752 3624 782 3671 et
804 3613 941 3672 viderunt
962 3615 1018 3672 Th.
1031 3614 1184 3673 Bentleius

19 3757 21 3784 r
109 3703 136 3750 et
152 3695 294 3755 Davisius
317 3697 473 3755 delendum
502 3717 566 3756 esso
594 3701 659 3768 citro,
688 3717 754 3756 curu
782 3711 955 3774 sequeretur
982 3709 1119 3758 tantorum
1141 3720 1184 3758 oo·

106 3781 220 3852 piorum.
248 3784 324 3840 Mox
345 3786 455 3858 auferre
476 3784 564 3840 etium
577 3783 643 3840 Pal.
665 3787 690 3856 1,
715 3784 792 3860 Spir.
816 3781 879 3865 [B],
904 3785 967 3842 cod
980 3786 1066 3857 Mor,
1090 3795 1128 3856 et,
1152 3795 1185 3843 ut

110 3864 250 3938 ridentur,
273 3863 332 3937 Εξ;
355 3869 560 3946 corrigendum
584 3887 648 3926 esse
671 3881 825 3928 monuerat
836 3871 916 3928 Man
951 3869 1050 3929 Ceteri
1072 3875 1178 3946 offerre.

194 3955 262 4011 113.
295 3972 343 4010 uec
365 3957 394 4012 id
415 3975 449 4010 er
470 3957 554 4011 auriol
574 3957 659 4011 solum
677 3955 818 4032 partibus)
841 3956 1007 4014 Additurus
1030 3967 1108 4014 erat:
1136 3959 1185 4015 red

111 4039 183 4094 tuom
209 4059 242 4096 ee
275 4058 386 4113 oorpom
412 4042 528 4113 iutelleqr'
549 4049 651 4114 potest,
686 4051 737 4098 sut
764 4041 887 4113 similis,
916 4041 968 4099 sed
989 4041 1124 4116 pluribus
1147 4041 1184 4099 de

110 4123 202 4182 animo
224 4125 418 4199 interpositis,
442 4125 584 4183 orationis
606 4145 794 4202 progressum
818 4127 944 4186 mutavit
965 4127 996 4182 in
1019 4126 1094 4184 illis:
1122 4147 1184 4202 erqo

112 4206 169 4266 boos
190 4221 245 4268 oet.

178 4299 204 4352 in
216 4297 360 4372 tequidem
372 4296 488 4370 illinita)
501 4294 551 4354 Sic
562 4305 664 4371 operte
675 4296 740 4354 Pol.
756 4300 782 4368 l,
796 4293 820 4368 ξ,
833 4296 878 4354 ed.
886 4299 961 4355 Vsu.
973 4299 1068 4368 1480;
1080 4297 1183 4356 eodem
