<?xml version="1.0" encoding="UTF-8"?>
<!DOCTYPE html PUBLIC "-//W3C//DTD XHTML 1.0 Transitional//EN"
    "http://www.w3.org/TR/xhtml1/DTD/xhtml1-transitional.dtd">
<html xmlns="http://www.w3.org/1999/xhtml" xml:lang="en" lang="en">
 <head>
  <title>
</title>
<meta http-equiv="Content-Type" content="text/html;charset=utf-8" />
  <meta name='ocr-system' content='tesseract 3.04.00' />
  <meta name='ocr-capabilities' content='ocr_page ocr_carea ocr_par ocr_line ocrx_word'/>
</head>
<body>
  <div class='ocr_page' id='page_1' title='image "./definibusbonoru04cicegoog_0506.png"; bbox 0 0 3018 5052; ppageno 0'>
   <div class='ocr_carea' id='block_1_1' title="bbox 321 403 1008 468">
    <p class='ocr_par' dir='ltr' id='par_1_1' title="bbox 321 403 1008 468">
     <span class='ocr_line' id='line_1_1' title="bbox 321 403 1008 468; baseline -0.003 0"><span class='ocrx_word' id='word_1_1' title='bbox 321 403 386 468; x_wconf 85' lang='lat'>430</span> <span class='ocrx_word' id='word_1_2' title='bbox 715 421 760 466; x_wconf 83' lang='lat' dir='ltr'>nu</span> <span class='ocrx_word' id='word_1_3' title='bbox 782 419 914 467; x_wconf 73' lang='lat' dir='ltr'>eminus</span> <span class='ocrx_word' id='word_1_4' title='bbox 935 419 1008 466; x_wconf 80' lang='lat' dir='ltr'>nou.</span> 
     </span>
    </p>
   </div>
   <div class='ocr_carea' id='block_1_2' title="bbox 284 587 1397 1081">
    <p class='ocr_par' dir='ltr' id='par_1_2' title="bbox 284 587 1397 1081">
     <span class='ocr_line' id='line_1_2' title="bbox 322 587 1396 669; baseline -0.005 -14"><span class='ocrx_word' id='word_1_5' title='bbox 322 591 416 655; x_wconf 85' lang='lat' dir='ltr'>ullam</span> <span class='ocrx_word' id='word_1_6' title='bbox 439 609 509 654; x_wconf 87' lang='lat' dir='ltr'>esse</span> <span class='ocrx_word' id='word_1_7' title='bbox 531 589 714 669; x_wconf 89' lang='lat' dir='ltr'>diceremus,</span> <span class='ocrx_word' id='word_1_8' title='bbox 737 587 979 654; x_wconf 83' lang='lat' dir='ltr'>confirnderetur</span> <span class='ocrx_word' id='word_1_9' title='bbox 1001 589 1099 654; x_wconf 91' lang='lat' dir='ltr'>omnis</span> <span class='ocrx_word' id='word_1_10' title='bbox 1123 591 1195 668; x_wconf 86' lang='lat' dir='ltr'>vita,</span> <span class='ocrx_word' id='word_1_11' title='bbox 1217 597 1253 654; x_wconf 89' lang='lat' dir='ltr'>ut</span> <span class='ocrx_word' id='word_1_12' title='bbox 1274 589 1314 653; x_wconf 90' lang='lat' dir='ltr'>ab</span> <span class='ocrx_word' id='word_1_13' title='bbox 1330 587 1396 652; x_wconf 77' lang='lat' dir='ltr'>Ari·</span> 
     </span>
     <span class='ocr_line' id='line_1_3' title="bbox 322 691 1396 774; baseline -0.005 -16"><span class='ocrx_word' id='word_1_14' title='bbox 322 701 423 771; x_wconf 88' lang='lat' dir='ltr'>stone,</span> <span class='ocrx_word' id='word_1_15' title='bbox 446 711 546 774; x_wconf 90' lang='lat' dir='ltr'>neque</span> <span class='ocrx_word' id='word_1_16' title='bbox 567 692 663 756; x_wconf 91' lang='lat' dir='ltr'>ullum</span> <span class='ocrx_word' id='word_1_17' title='bbox 686 692 859 772; x_wconf 83' lang='lat' dir='ltr'>sapientiae</span> <span class='ocrx_word' id='word_1_18' title='bbox 881 711 994 756; x_wconf 90' lang='lat' dir='ltr'>munus</span> <span class='ocrx_word' id='word_1_19' title='bbox 1017 699 1072 758; x_wconf 87' lang='lat' dir='ltr'>aut</span> <span class='ocrx_word' id='word_1_20' title='bbox 1098 711 1178 774; x_wconf 92' lang='lat' dir='ltr'>opus</span> <span class='ocrx_word' id='word_1_21' title='bbox 1199 691 1396 766; x_wconf 80' lang='lat' dir='ltr'>invenirem,</span> 
     </span>
     <span class='ocr_line' id='line_1_4' title="bbox 323 793 1397 878; baseline -0.002 -20"><span class='ocrx_word' id='word_1_22' title='bbox 323 813 392 858; x_wconf 91' lang='lat' dir='ltr'>cum</span> <span class='ocrx_word' id='word_1_23' title='bbox 413 793 496 859; x_wconf 90' lang='lat' dir='ltr'>iuter</span> <span class='ocrx_word' id='word_1_24' title='bbox 518 813 569 878; x_wconf 71' lang='lat' dir='ltr'>res</span> <span class='ocrx_word' id='word_1_25' title='bbox 597 813 665 873; x_wconf 87' lang='lat' dir='ltr'>eas,</span> <span class='ocrx_word' id='word_1_26' title='bbox 698 813 780 876; x_wconf 87' lang='lat' dir='ltr'>quae</span> <span class='ocrx_word' id='word_1_27' title='bbox 807 795 848 859; x_wconf 84' lang='lat' dir='ltr'>ad</span> <span class='ocrx_word' id='word_1_28' title='bbox 876 793 971 859; x_wconf 87' lang='lat' dir='ltr'>vitam</span> <span class='ocrx_word' id='word_1_29' title='bbox 999 795 1171 877; x_wconf 81' lang='lat' dir='ltr'>degendam</span> <span class='ocrx_word' id='word_1_30' title='bbox 1200 794 1397 876; x_wconf 83' lang='lat' dir='ltr'>pertinerent,</span> 
     </span>
     <span class='ocr_line' id='line_1_5' title="bbox 323 896 1396 978; baseline -0.003 -17"><span class='ocrx_word' id='word_1_31' title='bbox 323 897 397 961; x_wconf 88' lang='lat' dir='ltr'>nihil</span> <span class='ocrx_word' id='word_1_32' title='bbox 420 897 544 961; x_wconf 90' lang='lat' dir='ltr'>omniuo</span> <span class='ocrx_word' id='word_1_33' title='bbox 566 897 732 961; x_wconf 84' lang='lat' dir='ltr'>interesset</span> <span class='ocrx_word' id='word_1_34' title='bbox 753 915 854 978; x_wconf 89' lang='lat' dir='ltr'>neque</span> <span class='ocrx_word' id='word_1_35' title='bbox 875 897 973 962; x_wconf 89' lang='lat' dir='ltr'>ullum</span> <span class='ocrx_word' id='word_1_36' title='bbox 994 897 1141 962; x_wconf 89' lang='lat' dir='ltr'>dilectum</span> <span class='ocrx_word' id='word_1_37' title='bbox 1153 896 1295 962; x_wconf 84' lang='lat' dir='ltr'>adhiberi</span> <span class='ocrx_word' id='word_1_38' title='bbox 1307 915 1396 976; x_wconf 89' lang='lat' dir='ltr'>opor-</span> 
     </span>
     <span class='ocr_line' id='line_1_6' title="bbox 284 998 1397 1081; baseline -0.005 -15"><span class='ocrx_word' id='word_1_39' title='bbox 284 1003 410 1066; x_wconf 81' lang='lat' dir='ltr'>btcret.</span> <span class='ocrx_word' id='word_1_40' title='bbox 455 999 565 1081; x_wconf 83' lang='lat' dir='ltr'>ltaque</span> <span class='ocrx_word' id='word_1_41' title='bbox 589 1018 657 1064; x_wconf 92' lang='lat' dir='ltr'>cum</span> <span class='ocrx_word' id='word_1_42' title='bbox 680 1007 765 1065; x_wconf 89' lang='lat' dir='ltr'>esset</span> <span class='ocrx_word' id='word_1_43' title='bbox 792 999 869 1064; x_wconf 86' lang='lat' dir='ltr'>satis</span> <span class='ocrx_word' id='word_1_44' title='bbox 891 1001 1108 1078; x_wconf 85' lang='lat' dir='ltr'>constitutum,</span> <span class='ocrx_word' id='word_1_45' title='bbox 1141 1001 1173 1064; x_wconf 86' lang='lat' dir='ltr'>id</span> <span class='ocrx_word' id='word_1_46' title='bbox 1201 998 1301 1063; x_wconf 89' lang='lat' dir='ltr'>solum</span> <span class='ocrx_word' id='word_1_47' title='bbox 1331 1015 1397 1063; x_wconf 91' lang='lat' dir='ltr'>esse</span> 
     </span>
    </p>
   </div>
   <div class='ocr_carea' id='block_1_3' title="bbox 395 1237 1219 1303">
    <p class='ocr_par' dir='ltr' id='par_1_3' title="bbox 395 1237 1219 1303">
     <span class='ocr_line' id='line_1_7' title="bbox 395 1237 1219 1303; baseline 0.002 -15"><span class='ocrx_word' id='word_1_48' title='bbox 395 1244 414 1288; x_wconf 94' lang='lat' dir='ltr'>l.</span> <span class='ocrx_word' id='word_1_49' title='bbox 434 1247 457 1288; x_wconf 77' lang='lat' dir='ltr'>ci</span> <span class='ocrx_word' id='word_1_50' title='bbox 474 1237 657 1303; x_wconf 72' lang='lat' dir='ltr'>ccm‘uuderetur</span> <span class='ocrx_word' id='word_1_51' title='bbox 679 1237 721 1288; x_wconf 87' lang='lat' dir='ltr'>Or.</span> <span class='ocrx_word' id='word_1_52' title='bbox 767 1243 790 1288; x_wconf 81' lang='lat'>³.</span> <span class='ocrx_word' id='word_1_53' title='bbox 807 1238 964 1303; x_wconf 69' lang='lat' dir='ltr'>pertinentia</span> <span class='ocrx_word' id='word_1_54' title='bbox 1000 1245 1022 1290; x_wconf 85' lang='grc'>4,</span> <span class='ocrx_word' id='word_1_55' title='bbox 1042 1256 1087 1288; x_wconf 71' lang='lat' dir='ltr'>tion</span> <span class='ocrx_word' id='word_1_56' title='bbox 1108 1237 1219 1290; x_wconf 84' lang='lat' dir='ltr'>ullumC</span> 
     </span>
    </p>
   </div>
   <div class='ocr_carea' id='block_1_4' title="bbox 259 1479 1504 4366">
    <p class='ocr_par' dir='ltr' id='par_1_4' title="bbox 259 1479 1504 4366">
     <span class='ocr_line' id='line_1_8' title="bbox 322 1479 1394 1558; baseline -0.003 -20"><span class='ocrx_word' id='word_1_57' title='bbox 322 1481 377 1538; x_wconf 88' lang='lat' dir='ltr'>bus</span> <span class='ocrx_word' id='word_1_58' title='bbox 399 1490 597 1551; x_wconf 82' lang='lat' dir='ltr'>versarentur,</span> <span class='ocrx_word' id='word_1_59' title='bbox 620 1481 804 1556; x_wconf 72' lang='lat' dir='ltr'>explicarent</span> <span class='ocrx_word' id='word_1_60' title='bbox 826 1479 923 1558; x_wconf 86' lang='lat' dir='ltr'>(Stob.</span> <span class='ocrx_word' id='word_1_61' title='bbox 946 1480 1010 1538; x_wconf 87' lang='lat' dir='ltr'>Ecl.</span> <span class='ocrx_word' id='word_1_62' title='bbox 1033 1481 1101 1538; x_wconf 83' lang='lat' dir='ltr'>Eth.</span> <span class='ocrx_word' id='word_1_63' title='bbox 1125 1501 1152 1558; x_wconf 89' lang='lat' dir='ltr'>p.</span> <span class='ocrx_word' id='word_1_64' title='bbox 1169 1482 1239 1553; x_wconf 89' lang='grc'>190,</span> <span class='ocrx_word' id='word_1_65' title='bbox 1254 1481 1325 1550; x_wconf 78' lang='lat'>218,</span> <span class='ocrx_word' id='word_1_66' title='bbox 1338 1481 1394 1536; x_wconf 79' lang='lat'>236</span> 
     </span>
     <span class='ocr_line' id='line_1_9' title="bbox 322 1563 1395 1648; baseline -0.004 -24"><span class='ocrx_word' id='word_1_67' title='bbox 322 1569 371 1630; x_wconf 82' lang='lat' dir='ltr'>H..</span> <span class='ocrx_word' id='word_1_68' title='bbox 395 1565 447 1624; x_wconf 83' lang='lat' dir='ltr'>cfr.</span> <span class='ocrx_word' id='word_1_69' title='bbox 460 1566 522 1626; x_wconf 91' lang='lat' dir='ltr'>Cic.</span> <span class='ocrx_word' id='word_1_70' title='bbox 534 1567 628 1624; x_wconf 74' lang='lat' dir='ltr'>Aeac.</span> <span class='ocrx_word' id='word_1_71' title='bbox 640 1567 665 1638; x_wconf 93' lang='grc' dir='ltr'>Ι,</span> <span class='ocrx_word' id='word_1_72' title='bbox 680 1563 743 1645; x_wconf 84' lang='grc'><strong>37).</strong></span> <span class='ocrx_word' id='word_1_73' title='bbox 768 1567 874 1648; x_wconf 76' lang='lat' dir='ltr'>Totam</span> <span class='ocrx_word' id='word_1_74' title='bbox 888 1564 1083 1624; x_wconf 85' lang='lat' dir='ltr'>differentiam</span> <span class='ocrx_word' id='word_1_75' title='bbox 1107 1586 1124 1624; x_wconf 88' lang='lat' dir='ltr'>a</span> <span class='ocrx_word' id='word_1_76' title='bbox 1142 1565 1272 1626; x_wconf 85' lang='lat' dir='ltr'>Stobaeo</span> <span class='ocrx_word' id='word_1_77' title='bbox 1284 1563 1326 1648; x_wconf 89' lang='lat' dir='ltr'>(p.</span> <span class='ocrx_word' id='word_1_78' title='bbox 1341 1567 1395 1622; x_wconf 75' lang='lat'>142</span> 
     </span>
     <span class='ocr_line' id='line_1_10' title="bbox 323 1649 1396 1733; baseline -0.005 -23"><span class='ocrx_word' id='word_1_79' title='bbox 323 1649 411 1733; x_wconf 61' lang='lat' dir='ltr'>squ),</span> <span class='ocrx_word' id='word_1_80' title='bbox 435 1652 570 1728; x_wconf 87' lang='lat' dir='ltr'>Diogene</span> <span class='ocrx_word' id='word_1_81' title='bbox 587 1653 707 1711; x_wconf 72' lang='lat' dir='ltr'>Laertio</span> <span class='ocrx_word' id='word_1_82' title='bbox 725 1651 815 1730; x_wconf 81' lang='lat' dir='ltr'>(VII,</span> <span class='ocrx_word' id='word_1_83' title='bbox 851 1653 908 1709; x_wconf 81' lang='lat'>102</span> <span class='ocrx_word' id='word_1_84' title='bbox 927 1651 1016 1726; x_wconf 86' lang='lat' dir='ltr'>sqq.),</span> <span class='ocrx_word' id='word_1_85' title='bbox 1040 1652 1133 1711; x_wconf 85' lang='lat' dir='ltr'>Sexto</span> <span class='ocrx_word' id='word_1_86' title='bbox 1148 1653 1300 1728; x_wconf 87' lang='lat' dir='ltr'>Empirico</span> <span class='ocrx_word' id='word_1_87' title='bbox 1320 1651 1396 1726; x_wconf 82' lang='lat' dir='ltr'>(adv.</span> 
     </span>
     <span class='ocr_line' id='line_1_11' title="bbox 323 1737 1395 1815; baseline -0.004 -19"><span class='ocrx_word' id='word_1_88' title='bbox 323 1739 464 1796; x_wconf 89' lang='lat' dir='ltr'>Mathem.</span> <span class='ocrx_word' id='word_1_89' title='bbox 487 1738 545 1808; x_wconf 89' lang='lat' dir='ltr'>XI,</span> <span class='ocrx_word' id='word_1_90' title='bbox 569 1739 608 1794; x_wconf 78' lang='lat'>59</span> <span class='ocrx_word' id='word_1_91' title='bbox 632 1737 711 1814; x_wconf 88' lang='lat' dir='ltr'>sqq.)</span> <span class='ocrx_word' id='word_1_92' title='bbox 734 1747 937 1815; x_wconf 83' lang='lat' dir='ltr'>exposuerunt</span> <span class='ocrx_word' id='word_1_93' title='bbox 959 1738 1077 1814; x_wconf 82' lang='lat' dir='ltr'>Lipsius</span> <span class='ocrx_word' id='word_1_94' title='bbox 1095 1739 1215 1795; x_wconf 81' lang='lat' dir='ltr'>Manud.</span> <span class='ocrx_word' id='word_1_95' title='bbox 1238 1737 1276 1794; x_wconf 91' lang='lat' dir='ltr'>ad</span> <span class='ocrx_word' id='word_1_96' title='bbox 1293 1737 1395 1813; x_wconf 90' lang='lat' dir='ltr'>philos.</span> 
     </span>
     <span class='ocr_line' id='line_1_12' title="bbox 323 1823 1395 1899; baseline -0.006 -15"><span class='ocrx_word' id='word_1_97' title='bbox 323 1824 414 1884; x_wconf 87' lang='lat' dir='ltr'>Stoic.</span> <span class='ocrx_word' id='word_1_98' title='bbox 437 1825 479 1896; x_wconf 87' lang='lat'>11,</span> <span class='ocrx_word' id='word_1_99' title='bbox 503 1825 553 1896; x_wconf 78' lang='lat'>23,</span> <span class='ocrx_word' id='word_1_100' title='bbox 578 1823 806 1881; x_wconf 88' lang='lat' dir='ltr'>Tennemannus</span> <span class='ocrx_word' id='word_1_101' title='bbox 834 1824 864 1880; x_wconf 91' lang='lat' dir='ltr'>in</span> <span class='ocrx_word' id='word_1_102' title='bbox 893 1824 971 1881; x_wconf 85' lang='lat' dir='ltr'>Hist.</span> <span class='ocrx_word' id='word_1_103' title='bbox 999 1823 1113 1881; x_wconf 90' lang='lat' dir='ltr'>Philos.</span> <span class='ocrx_word' id='word_1_104' title='bbox 1141 1825 1187 1882; x_wconf 86' lang='lat' dir='ltr'>IV</span> <span class='ocrx_word' id='word_1_105' title='bbox 1210 1843 1238 1899; x_wconf 89' lang='lat' dir='ltr'>p.</span> <span class='ocrx_word' id='word_1_106' title='bbox 1262 1825 1302 1880; x_wconf 87' lang='lat'>86</span> <span class='ocrx_word' id='word_1_107' title='bbox 1327 1841 1395 1896; x_wconf 79' lang='lat' dir='ltr'>sqq,</span> 
     </span>
     <span class='ocr_line' id='line_1_13' title="bbox 321 1907 1396 1985; baseline -0.003 -17"><span class='ocrx_word' id='word_1_108' title='bbox 321 1910 446 1968; x_wconf 90' lang='lat' dir='ltr'>Beierus</span> <span class='ocrx_word' id='word_1_109' title='bbox 469 1927 596 1967; x_wconf 87' lang='lat' dir='ltr'>excursu</span> <span class='ocrx_word' id='word_1_110' title='bbox 619 1911 664 1969; x_wconf 90' lang='lat' dir='ltr'>VI</span> <span class='ocrx_word' id='word_1_111' title='bbox 687 1909 724 1966; x_wconf 89' lang='lat' dir='ltr'>ad</span> <span class='ocrx_word' id='word_1_112' title='bbox 747 1909 809 1969; x_wconf 88' lang='lat' dir='ltr'>Cic.</span> <span class='ocrx_word' id='word_1_113' title='bbox 832 1908 868 1966; x_wconf 86' lang='lat' dir='ltr'>de</span> <span class='ocrx_word' id='word_1_114' title='bbox 891 1907 950 1967; x_wconf 85' lang='lat' dir='ltr'>Off.</span> <span class='ocrx_word' id='word_1_115' title='bbox 972 1907 1024 1965; x_wconf 91' lang='lat' dir='ltr'>lib.</span> <span class='ocrx_word' id='word_1_116' title='bbox 1047 1909 1072 1979; x_wconf 90' lang='lat'>1,</span> <span class='ocrx_word' id='word_1_117' title='bbox 1095 1919 1166 1967; x_wconf 90' lang='lat' dir='ltr'>torn.</span> <span class='ocrx_word' id='word_1_118' title='bbox 1184 1910 1241 1985; x_wconf 91' lang='lat' dir='ltr'>Ip.</span> <span class='ocrx_word' id='word_1_119' title='bbox 1255 1909 1396 1982; x_wconf 80' lang='lat' dir='ltr'>319sqq.,</span> 
     </span>
     <span class='ocr_line' id='line_1_14' title="bbox 322 1994 1397 2072; baseline -0.003 -20"><span class='ocrx_word' id='word_1_120' title='bbox 322 2016 337 2052; x_wconf 88' lang='lat' dir='ltr'>e</span> <span class='ocrx_word' id='word_1_121' title='bbox 360 1996 467 2070; x_wconf 88' lang='lat' dir='ltr'>quibus</span> <span class='ocrx_word' id='word_1_122' title='bbox 489 1995 538 2053; x_wconf 89' lang='lat' dir='ltr'>hic</span> <span class='ocrx_word' id='word_1_123' title='bbox 561 1996 649 2052; x_wconf 86' lang='lat' dir='ltr'>etiam</span> <span class='ocrx_word' id='word_1_124' title='bbox 673 1994 742 2054; x_wconf 80' lang='lat' dir='ltr'>Gaii</span> <span class='ocrx_word' id='word_1_125' title='bbox 764 2013 879 2052; x_wconf 86' lang='lat' dir='ltr'>errores</span> <span class='ocrx_word' id='word_1_126' title='bbox 902 1994 1030 2066; x_wconf 78' lang='lat' dir='ltr'>sustulit,</span> <span class='ocrx_word' id='word_1_127' title='bbox 1053 2013 1128 2070; x_wconf 87' lang='lat' dir='ltr'>quos</span> <span class='ocrx_word' id='word_1_128' title='bbox 1148 1995 1397 2072; x_wconf 82' lang='lat' dir='ltr'>illegrovissimos</span> 
     </span>
     <span class='ocr_line' id='line_1_15' title="bbox 321 2079 1398 2156; baseline -0.004 -18"><span class='ocrx_word' id='word_1_129' title='bbox 321 2081 469 2138; x_wconf 86' lang='lat' dir='ltr'>commisit</span> <span class='ocrx_word' id='word_1_130' title='bbox 500 2081 531 2138; x_wconf 92' lang='lat' dir='ltr'>in</span> <span class='ocrx_word' id='word_1_131' title='bbox 559 2099 622 2138; x_wconf 83' lang='lat' dir='ltr'>exc.</span> <span class='ocrx_word' id='word_1_132' title='bbox 652 2081 667 2139; x_wconf 97' lang='lat' dir='ltr'>I</span> <span class='ocrx_word' id='word_1_133' title='bbox 695 2082 734 2138; x_wconf 85' lang='lat' dir='ltr'>ed</span> <span class='ocrx_word' id='word_1_134' title='bbox 760 2081 855 2139; x_wconf 85' lang='lat' dir='ltr'>Acad.</span> <span class='ocrx_word' id='word_1_135' title='bbox 877 2080 928 2138; x_wconf 94' lang='lat' dir='ltr'>lib.</span> <span class='ocrx_word' id='word_1_136' title='bbox 951 2081 985 2152; x_wconf 90' lang='lat'>1,</span> <span class='ocrx_word' id='word_1_137' title='bbox 1025 2080 1094 2138; x_wconf 91' lang='lat' dir='ltr'>dum</span> <span class='ocrx_word' id='word_1_138' title='bbox 1127 2080 1220 2156; x_wconf 86' lang='lat' dir='ltr'>ipsius</span> <span class='ocrx_word' id='word_1_139' title='bbox 1248 2079 1398 2140; x_wconf 82' lang='lat' dir='ltr'>Ciceronis</span> 
     </span>
     <span class='ocr_line' id='line_1_16' title="bbox 321 2161 1504 2238; baseline -0.003 -15"><span class='ocrx_word' id='word_1_140' title='bbox 321 2185 450 2224; x_wconf 89' lang='lat' dir='ltr'>errorem</span> <span class='ocrx_word' id='word_1_141' title='bbox 473 2165 630 2224; x_wconf 81' lang='lat' dir='ltr'>defendere</span> <span class='ocrx_word' id='word_1_142' title='bbox 654 2175 787 2224; x_wconf 86' lang='lat' dir='ltr'>conatur.</span> <span class='ocrx_word' id='word_1_143' title='bbox 831 2166 908 2223; x_wconf 88' lang='lat' dir='ltr'>Nam</span> <span class='ocrx_word' id='word_1_144' title='bbox 932 2166 958 2223; x_wconf 91' lang='lat' dir='ltr'>is</span> <span class='ocrx_word' id='word_1_145' title='bbox 980 2166 1074 2224; x_wconf 86' lang='lat' dir='ltr'>Acad.</span> <span class='ocrx_word' id='word_1_146' title='bbox 1097 2167 1122 2238; x_wconf 93' lang='grc' dir='ltr'>Ι,</span> <span class='ocrx_word' id='word_1_147' title='bbox 1147 2167 1202 2236; x_wconf 88' lang='grc'>37,</span> <span class='ocrx_word' id='word_1_148' title='bbox 1226 2165 1296 2222; x_wconf 88' lang='lat' dir='ltr'>dum</span> <span class='ocrx_word' id='word_1_149' title='bbox 1318 2165 1397 2222; x_wconf 77' lang='lat' dir='ltr'>lesti-</span> <span class='ocrx_word' id='word_1_150' title='bbox 1503 2161 1504 2200; x_wconf 62' lang='lat'>³</span> 
     </span>
     <span class='ocr_line' id='line_1_17' title="bbox 321 2242 1396 2330; baseline -0.001 -22"><span class='ocrx_word' id='word_1_151' title='bbox 321 2263 382 2314; x_wconf 76' lang='lat' dir='ltr'>nat..</span> <span class='ocrx_word' id='word_1_152' title='bbox 405 2256 501 2309; x_wconf 78' lang='lat' dir='ltr'>reiecta</span> <span class='ocrx_word' id='word_1_153' title='bbox 524 2242 576 2330; x_wconf 82' lang='grc' dir='ltr'>(τά</span> <span class='ocrx_word' id='word_1_154' title='bbox 595 2242 839 2330; x_wconf 71' lang='grc' dir='ltr'>ἀποπροηγμένα)</span> <span class='ocrx_word' id='word_1_155' title='bbox 868 2252 898 2308; x_wconf 92' lang='lat' dir='ltr'>in</span> <span class='ocrx_word' id='word_1_156' title='bbox 921 2252 1150 2310; x_wconf 87' lang='lat' dir='ltr'>aestimabilium</span> <span class='ocrx_word' id='word_1_157' title='bbox 1172 2269 1280 2328; x_wconf 87' lang='lat' dir='ltr'>genere</span> <span class='ocrx_word' id='word_1_158' title='bbox 1292 2251 1396 2326; x_wconf 86' lang='lat' dir='ltr'>posuit,</span> 
     </span>
     <span class='ocr_line' id='line_1_18' title="bbox 321 2336 1397 2414; baseline -0.002 -20"><span class='ocrx_word' id='word_1_159' title='bbox 321 2339 461 2414; x_wconf 89' lang='lat' dir='ltr'>deceptus</span> <span class='ocrx_word' id='word_1_160' title='bbox 483 2337 609 2396; x_wconf 81' lang='lat' dir='ltr'>fortasse</span> <span class='ocrx_word' id='word_1_161' title='bbox 632 2355 651 2393; x_wconf 86' lang='lat' dir='ltr'>a</span> <span class='ocrx_word' id='word_1_162' title='bbox 673 2337 791 2395; x_wconf 88' lang='lat' dir='ltr'>Graeco</span> <span class='ocrx_word' id='word_1_163' title='bbox 814 2337 971 2413; x_wconf 83' lang='lat' dir='ltr'>scriptore,</span> <span class='ocrx_word' id='word_1_164' title='bbox 1006 2339 1057 2412; x_wconf 87' lang='lat' dir='ltr'>qui</span> <span class='ocrx_word' id='word_1_165' title='bbox 1079 2338 1177 2395; x_wconf 91' lang='lat' dir='ltr'>minus</span> <span class='ocrx_word' id='word_1_166' title='bbox 1199 2347 1335 2394; x_wconf 85' lang='lat' dir='ltr'>accurate</span> <span class='ocrx_word' id='word_1_167' title='bbox 1358 2336 1397 2392; x_wconf 93' lang='lat' dir='ltr'>lo-</span> 
     </span>
     <span class='ocr_line' id='line_1_19' title="bbox 322 2421 1504 2500; baseline -0.002 -20"><span class='ocrx_word' id='word_1_168' title='bbox 322 2433 406 2481; x_wconf 87' lang='lat' dir='ltr'>cutus</span> <span class='ocrx_word' id='word_1_169' title='bbox 429 2435 520 2489; x_wconf 83' lang='lat' dir='ltr'>esset,</span> <span class='ocrx_word' id='word_1_170' title='bbox 554 2431 588 2479; x_wconf 87' lang='lat' dir='ltr'>ut</span> <span class='ocrx_word' id='word_1_171' title='bbox 615 2421 689 2480; x_wconf 86' lang='lat' dir='ltr'>facit</span> <span class='ocrx_word' id='word_1_172' title='bbox 711 2421 792 2480; x_wconf 84' lang='lat' dir='ltr'>Sext.</span> <span class='ocrx_word' id='word_1_173' title='bbox 821 2424 908 2499; x_wconf 87' lang='lat' dir='ltr'>Emp.</span> <span class='ocrx_word' id='word_1_174' title='bbox 936 2424 1042 2500; x_wconf 89' lang='lat' dir='ltr'>Pyrrh.</span> <span class='ocrx_word' id='word_1_175' title='bbox 1065 2425 1217 2500; x_wconf 88' lang='lat' dir='ltr'>Hypotyp.</span> <span class='ocrx_word' id='word_1_176' title='bbox 1240 2423 1303 2494; x_wconf 89' lang='grc' dir='ltr'>ΠΙ,</span> <span class='ocrx_word' id='word_1_177' title='bbox 1331 2423 1396 2478; x_wconf 88' lang='grc'><strong>191.</strong></span> <span class='ocrx_word' id='word_1_178' title='bbox 1503 2459 1504 2462; x_wconf 56' lang='lat'><em>=</em></span> 
     </span>
     <span class='ocr_line' id='line_1_20' title="bbox 321 2508 1395 2584; baseline -0.001 -19"><span class='ocrx_word' id='word_1_179' title='bbox 321 2510 399 2566; x_wconf 89' lang='lat' dir='ltr'>Nam</span> <span class='ocrx_word' id='word_1_180' title='bbox 422 2528 474 2566; x_wconf 89' lang='lat' dir='ltr'>cur</span> <span class='ocrx_word' id='word_1_181' title='bbox 496 2508 648 2568; x_wconf 86' lang='lat' dir='ltr'>Ciceronis</span> <span class='ocrx_word' id='word_1_182' title='bbox 670 2509 768 2566; x_wconf 90' lang='lat' dir='ltr'>locum</span> <span class='ocrx_word' id='word_1_183' title='bbox 791 2509 926 2566; x_wconf 89' lang='lat' dir='ltr'>mutilum</span> <span class='ocrx_word' id='word_1_184' title='bbox 949 2527 1013 2566; x_wconf 83' lang='lat' dir='ltr'>esse</span> <span class='ocrx_word' id='word_1_185' title='bbox 1044 2528 1110 2566; x_wconf 91' lang='lat' dir='ltr'>cum</span> <span class='ocrx_word' id='word_1_186' title='bbox 1133 2509 1240 2567; x_wconf 90' lang='lat' dir='ltr'>Beiero</span> <span class='ocrx_word' id='word_1_187' title='bbox 1269 2508 1395 2584; x_wconf 87' lang='lat' dir='ltr'>suspice·</span> 
     </span>
     <span class='ocr_line' id='line_1_21' title="bbox 321 2589 1504 2666; baseline -0.006 -14"><span class='ocrx_word' id='word_1_188' title='bbox 321 2614 395 2666; x_wconf 89' lang='lat' dir='ltr'>mur,</span> <span class='ocrx_word' id='word_1_189' title='bbox 419 2613 507 2652; x_wconf 86' lang='lat' dir='ltr'>causa</span> <span class='ocrx_word' id='word_1_190' title='bbox 524 2595 607 2652; x_wconf 90' lang='lat' dir='ltr'>nulla</span> <span class='ocrx_word' id='word_1_191' title='bbox 629 2605 682 2651; x_wconf 87' lang='lat' dir='ltr'>est.</span> <span class='ocrx_word' id='word_1_192' title='bbox 1503 2589 1504 2596; x_wconf 41' lang='lat'>³</span> 
     </span>
     <span class='ocr_line' id='line_1_22' title="bbox 406 2677 1396 2756; baseline -0.004 -19"><span class='ocrx_word' id='word_1_193' title='bbox 406 2701 457 2737; x_wconf 83' lang='lat' dir='ltr'>nou</span> <span class='ocrx_word' id='word_1_194' title='bbox 479 2683 562 2738; x_wconf 85' lang='lat' dir='ltr'>ullam</span> <span class='ocrx_word' id='word_1_195' title='bbox 584 2699 641 2737; x_wconf 82' lang='lat' dir='ltr'>esse</span> <span class='ocrx_word' id='word_1_196' title='bbox 662 2679 822 2756; x_wconf 79' lang='lat' dir='ltr'>diceremus)</span> <span class='ocrx_word' id='word_1_197' title='bbox 845 2679 875 2737; x_wconf 94' lang='lat' dir='ltr'>id</span> <span class='ocrx_word' id='word_1_198' title='bbox 893 2689 938 2738; x_wconf 84' lang='lat' dir='ltr'>est</span> <span class='ocrx_word' id='word_1_199' title='bbox 948 2699 1079 2756; x_wconf 87' lang='lat' dir='ltr'>prorsus,</span> <span class='ocrx_word' id='word_1_200' title='bbox 1096 2683 1197 2737; x_wconf 81' lang='lat' dir='ltr'>nullum</span> <span class='ocrx_word' id='word_1_201' title='bbox 1209 2699 1275 2750; x_wconf 84' lang='lat' dir='ltr'>esse,</span> <span class='ocrx_word' id='word_1_202' title='bbox 1299 2677 1396 2734; x_wconf 84' lang='lat' dir='ltr'>natali</span> 
     </span>
     <span class='ocr_line' id='line_1_23' title="bbox 321 2763 1395 2842; baseline -0.004 -20"><span class='ocrx_word' id='word_1_203' title='bbox 321 2766 440 2840; x_wconf 87' lang='lat' dir='ltr'>quidem</span> <span class='ocrx_word' id='word_1_204' title='bbox 461 2765 565 2824; x_wconf 87' lang='lat' dir='ltr'>relicto</span> <span class='ocrx_word' id='word_1_205' title='bbox 588 2765 771 2836; x_wconf 77' lang='lat' dir='ltr'>discrimine,</span> <span class='ocrx_word' id='word_1_206' title='bbox 795 2765 882 2840; x_wconf 85' lang='lat' dir='ltr'>quale</span> <span class='ocrx_word' id='word_1_207' title='bbox 905 2766 1060 2842; x_wconf 86' lang='lat' dir='ltr'>Zumptius</span> <span class='ocrx_word' id='word_1_208' title='bbox 1083 2767 1121 2822; x_wconf 88' lang='lat' dir='ltr'>ad</span> <span class='ocrx_word' id='word_1_209' title='bbox 1143 2766 1211 2823; x_wconf 87' lang='lat' dir='ltr'>Div.</span> <span class='ocrx_word' id='word_1_210' title='bbox 1236 2765 1265 2822; x_wconf 91' lang='lat' dir='ltr'>in</span> <span class='ocrx_word' id='word_1_211' title='bbox 1289 2763 1395 2823; x_wconf 82' lang='lat' dir='ltr'>Caecil.</span> 
     </span>
     <span class='ocr_line' id='line_1_24' title="bbox 322 2849 1504 2928; baseline -0.004 -18"><span class='ocrx_word' id='word_1_212' title='bbox 322 2853 361 2910; x_wconf 88' lang='grc'>60</span> <span class='ocrx_word' id='word_1_213' title='bbox 386 2853 505 2910; x_wconf 87' lang='lat' dir='ltr'>subesse</span> <span class='ocrx_word' id='word_1_214' title='bbox 528 2860 622 2928; x_wconf 86' lang='lat' dir='ltr'>putat,</span> <span class='ocrx_word' id='word_1_215' title='bbox 645 2851 696 2926; x_wconf 90' lang='lat' dir='ltr'>qui</span> <span class='ocrx_word' id='word_1_216' title='bbox 719 2852 816 2927; x_wconf 87' lang='lat' dir='ltr'>ipsum</span> <span class='ocrx_word' id='word_1_217' title='bbox 839 2869 924 2909; x_wconf 90' lang='lat' dir='ltr'>usum</span> <span class='ocrx_word' id='word_1_218' title='bbox 954 2850 1098 2927; x_wconf 86' lang='lat' dir='ltr'>exemplis</span> <span class='ocrx_word' id='word_1_219' title='bbox 1121 2858 1274 2926; x_wconf 76' lang='lat' dir='ltr'>poetarum</span> <span class='ocrx_word' id='word_1_220' title='bbox 1298 2849 1396 2907; x_wconf 84' lang='lat' dir='ltr'>defen·</span> <span class='ocrx_word' id='word_1_221' title='bbox 1503 2877 1504 2922; x_wconf 68' lang='lat' dir='ltr'>l</span> 
     </span>
     <span class='ocr_line' id='line_1_25' title="bbox 320 2935 1504 3014; baseline -0.005 -19"><span class='ocrx_word' id='word_1_222' title='bbox 320 2938 377 3001; x_wconf 82' lang='lat' dir='ltr'>dit.</span> <span class='ocrx_word' id='word_1_223' title='bbox 411 2937 548 3012; x_wconf 88' lang='lat' dir='ltr'>idemque</span> <span class='ocrx_word' id='word_1_224' title='bbox 577 2957 593 2994; x_wconf 92' lang='lat' dir='ltr'>e</span> <span class='ocrx_word' id='word_1_225' title='bbox 621 2937 771 2995; x_wconf 84' lang='lat' dir='ltr'>codicibus</span> <span class='ocrx_word' id='word_1_226' title='bbox 799 2937 928 2995; x_wconf 86' lang='lat' dir='ltr'>restituit</span> <span class='ocrx_word' id='word_1_227' title='bbox 954 2939 1041 2995; x_wconf 89' lang='lat' dir='ltr'>Verr.</span> <span class='ocrx_word' id='word_1_228' title='bbox 1064 2939 1128 3008; x_wconf 88' lang='lat'>111,</span> <span class='ocrx_word' id='word_1_229' title='bbox 1160 2938 1228 2994; x_wconf 79' lang='lat'>124.</span> <span class='ocrx_word' id='word_1_230' title='bbox 1273 2935 1396 2992; x_wconf 85' lang='lat' dir='ltr'>Accedit</span> <span class='ocrx_word' id='word_1_231' title='bbox 1503 2993 1504 3014; x_wconf 46' lang='lat'>,</span> 
     </span>
     <span class='ocr_line' id='line_1_26' title="bbox 319 3019 1504 3099; baseline -0.006 -17"><span class='ocrx_word' id='word_1_232' title='bbox 319 3024 404 3082; x_wconf 87' lang='lat' dir='ltr'>Brut.</span> <span class='ocrx_word' id='word_1_233' title='bbox 429 3023 505 3080; x_wconf 80' lang='lat'>312:</span> <span class='ocrx_word' id='word_1_234' title='bbox 541 3034 569 3080; x_wconf 84' lang='lat' dir='ltr'>ut</span> <span class='ocrx_word' id='word_1_235' title='bbox 595 3043 647 3080; x_wconf 84' lang='lat' dir='ltr'>nou</span> <span class='ocrx_word' id='word_1_236' title='bbox 675 3025 732 3080; x_wconf 83' lang='lat' dir='ltr'>ullo</span> <span class='ocrx_word' id='word_1_237' title='bbox 759 3033 841 3093; x_wconf 82' lang='lat' dir='ltr'>esset3</span> <span class='ocrx_word' id='word_1_238' title='bbox 870 3041 937 3081; x_wconf 81' lang='lat' dir='ltr'>nem</span> <span class='ocrx_word' id='word_1_239' title='bbox 965 3023 995 3080; x_wconf 93' lang='lat' dir='ltr'>in</span> <span class='ocrx_word' id='word_1_240' title='bbox 1019 3023 1126 3080; x_wconf 87' lang='lat' dir='ltr'>Parad.</span> <span class='ocrx_word' id='word_1_241' title='bbox 1160 3025 1197 3080; x_wconf 92' lang='lat'>16</span> <span class='ocrx_word' id='word_1_242' title='bbox 1221 3019 1286 3099; x_wconf 80' lang='lat' dir='ltr'>(uon</span> <span class='ocrx_word' id='word_1_243' title='bbox 1306 3023 1396 3094; x_wconf 74' lang='lat' dir='ltr'>prou-</span> <span class='ocrx_word' id='word_1_244' title='bbox 1503 3081 1504 3086; x_wconf 48' lang='lat'>.</span> 
     </span>
     <span class='ocr_line' id='line_1_27' title="bbox 320 3106 1394 3184; baseline -0.004 -18"><span class='ocrx_word' id='word_1_245' title='bbox 320 3119 370 3177; x_wconf 81' lang='lat' dir='ltr'>tas,</span> <span class='ocrx_word' id='word_1_246' title='bbox 394 3129 445 3166; x_wconf 76' lang='lat' dir='ltr'>nora</span> <span class='ocrx_word' id='word_1_247' title='bbox 460 3111 543 3184; x_wconf 71' lang='lat' dir='ltr'>fides,</span> <span class='ocrx_word' id='word_1_248' title='bbox 567 3129 618 3166; x_wconf 85' lang='lat' dir='ltr'>uon</span> <span class='ocrx_word' id='word_1_249' title='bbox 640 3111 797 3178; x_wconf 73' lang='lat' dir='ltr'>constancia,</span> <span class='ocrx_word' id='word_1_250' title='bbox 821 3129 872 3165; x_wconf 82' lang='lat' dir='ltr'>non</span> <span class='ocrx_word' id='word_1_251' title='bbox 894 3111 951 3166; x_wconf 83' lang='lat' dir='ltr'>ulla</span> <span class='ocrx_word' id='word_1_252' title='bbox 973 3111 1071 3184; x_wconf 83' lang='lat' dir='ltr'>virtus)</span> <span class='ocrx_word' id='word_1_253' title='bbox 1093 3117 1124 3166; x_wconf 88' lang='lat' dir='ltr'>et</span> <span class='ocrx_word' id='word_1_254' title='bbox 1146 3127 1200 3184; x_wconf 89' lang='lat' dir='ltr'>pro</span> <span class='ocrx_word' id='word_1_255' title='bbox 1223 3107 1339 3166; x_wconf 66' lang='lat' dir='ltr'>Cluent.</span> <span class='ocrx_word' id='word_1_256' title='bbox 1359 3106 1394 3162; x_wconf 86' lang='grc'>39</span> 
     </span>
     <span class='ocr_line' id='line_1_28' title="bbox 319 3183 1504 3276; baseline -0.004 -25"><span class='ocrx_word' id='word_1_257' title='bbox 319 3191 385 3276; x_wconf 85' lang='lat' dir='ltr'>(non</span> <span class='ocrx_word' id='word_1_258' title='bbox 407 3197 451 3252; x_wconf 82' lang='lat' dir='ltr'>ille</span> <span class='ocrx_word' id='word_1_259' title='bbox 473 3197 596 3252; x_wconf 80' lang='lat' dir='ltr'>bonorem</span> <span class='ocrx_word' id='word_1_260' title='bbox 618 3215 636 3250; x_wconf 86' lang='lat' dir='ltr'><strong><em>a</em></strong></span> <span class='ocrx_word' id='word_1_261' title='bbox 653 3197 781 3270; x_wconf 64' lang='lat' dir='ltr'>pucritia,</span> <span class='ocrx_word' id='word_1_262' title='bbox 805 3215 856 3252; x_wconf 75' lang='lat' dir='ltr'>awa</span> <span class='ocrx_word' id='word_1_263' title='bbox 878 3196 970 3252; x_wconf 73' lang='lat' dir='ltr'>studuit</span> <span class='ocrx_word' id='word_1_264' title='bbox 992 3198 1107 3260; x_wconf 78' lang='lat' dir='ltr'>virtrrtr&#39;s,</span> <span class='ocrx_word' id='word_1_265' title='bbox 1132 3195 1285 3250; x_wconf 80' lang='lat' dir='ltr'>cocullum</span> <span class='ocrx_word' id='word_1_266' title='bbox 1306 3195 1394 3249; x_wconf 65' lang='lat' dir='ltr'>eristi·</span> <span class='ocrx_word' id='word_1_267' title='bbox 1503 3183 1504 3190; x_wconf 35' lang='lat'>¹</span> 
     </span>
     <span class='ocr_line' id='line_1_29' title="bbox 259 3273 1394 3360; baseline -0.007 -18"><span class='ocrx_word' id='word_1_268' title='bbox 259 3333 262 3342; x_wconf 78' lang='grc'>,</span> <span class='ocrx_word' id='word_1_269' title='bbox 319 3285 443 3338; x_wconf 77' lang='lat' dir='ltr'>mulionis</span> <span class='ocrx_word' id='word_1_270' title='bbox 466 3281 548 3337; x_wconf 81' lang='lat' dir='ltr'>bonae</span> <span class='ocrx_word' id='word_1_271' title='bbox 563 3283 688 3355; x_wconf 81' lang='lat' dir='ltr'>fructum</span> <span class='ocrx_word' id='word_1_272' title='bbox 704 3299 832 3355; x_wconf 81' lang='lat' dir='ltr'>umquam</span> <span class='ocrx_word' id='word_1_273' title='bbox 849 3279 993 3356; x_wconf 75' lang='lat' dir='ltr'>copitorat)</span> <span class='ocrx_word' id='word_1_274' title='bbox 1018 3277 1061 3360; x_wconf 88' lang='lat' dir='ltr'>[et</span> <span class='ocrx_word' id='word_1_275' title='bbox 1072 3299 1126 3356; x_wconf 87' lang='lat' dir='ltr'>pro</span> <span class='ocrx_word' id='word_1_276' title='bbox 1138 3280 1225 3337; x_wconf 86' lang='lat' dir='ltr'>Rosc.</span> <span class='ocrx_word' id='word_1_277' title='bbox 1238 3281 1307 3336; x_wconf 91' lang='lat' dir='ltr'>Am.</span> <span class='ocrx_word' id='word_1_278' title='bbox 1324 3273 1394 3355; x_wconf 74' lang='lat'><strong>1⁴28]</strong></span> 
     </span>
     <span class='ocr_line' id='line_1_30' title="bbox 320 3364 1504 3442; baseline -0.004 -19"><span class='ocrx_word' id='word_1_279' title='bbox 320 3367 508 3442; x_wconf 81' lang='lat' dir='ltr'>singularem,</span> <span class='ocrx_word' id='word_1_280' title='bbox 531 3366 648 3423; x_wconf 84' lang='lat' dir='ltr'>cunita</span> <span class='ocrx_word' id='word_1_281' title='bbox 670 3366 798 3436; x_wconf 89' lang='lat' dir='ltr'>dicatur,</span> <span class='ocrx_word' id='word_1_282' title='bbox 833 3384 952 3423; x_wconf 86' lang='lat' dir='ltr'>causam</span> <span class='ocrx_word' id='word_1_283' title='bbox 980 3366 1069 3422; x_wconf 85' lang='lat' dir='ltr'>habet</span> <span class='ocrx_word' id='word_1_284' title='bbox 1097 3365 1265 3440; x_wconf 77' lang='lat' dir='ltr'>anaphoras</span> <span class='ocrx_word' id='word_1_285' title='bbox 1293 3364 1393 3440; x_wconf 84' lang='lat' dir='ltr'>ligura.</span> <span class='ocrx_word' id='word_1_286' title='bbox 1503 3395 1504 3412; x_wconf 70' lang='lat'>.</span> 
     </span>
     <span class='ocr_line' id='line_1_31' title="bbox 318 3447 1504 3524; baseline -0.004 -15"><span class='ocrx_word' id='word_1_287' title='bbox 318 3453 367 3509; x_wconf 86' lang='lat' dir='ltr'>Ad</span> <span class='ocrx_word' id='word_1_288' title='bbox 380 3451 530 3520; x_wconf 82' lang='lat' dir='ltr'>FamVI,</span> <span class='ocrx_word' id='word_1_289' title='bbox 546 3453 604 3524; x_wconf 87' lang='lat'>9,1</span> <span class='ocrx_word' id='word_1_290' title='bbox 629 3451 716 3508; x_wconf 88' lang='lat' dir='ltr'>aliter</span> <span class='ocrx_word' id='word_1_291' title='bbox 737 3462 767 3508; x_wconf 86' lang='lat' dir='ltr'>et</span> <span class='ocrx_word' id='word_1_292' title='bbox 788 3452 897 3508; x_wconf 89' lang='lat' dir='ltr'>rectius</span> <span class='ocrx_word' id='word_1_293' title='bbox 920 3451 1058 3508; x_wconf 87' lang='lat' dir='ltr'>scribitur</span> <span class='ocrx_word' id='word_1_294' title='bbox 1080 3452 1110 3508; x_wconf 92' lang='lat' dir='ltr'>in</span> <span class='ocrx_word' id='word_1_295' title='bbox 1122 3450 1221 3508; x_wconf 88' lang='lat' dir='ltr'>codice</span> <span class='ocrx_word' id='word_1_296' title='bbox 1239 3449 1395 3524; x_wconf 86' lang='lat' dir='ltr'>palimpse·</span> <span class='ocrx_word' id='word_1_297' title='bbox 1503 3447 1504 3466; x_wconf 67' lang='lat'>.</span> 
     </span>
     <span class='ocr_line' id='line_1_32' title="bbox 289 3536 1504 3612; baseline -0.003 -18"><span class='ocrx_word' id='word_1_298' title='bbox 289 3603 291 3606; x_wconf 23' lang='lat'>¹</span> <span class='ocrx_word' id='word_1_299' title='bbox 320 3549 365 3594; x_wconf 87' lang='lat' dir='ltr'>sto</span> <span class='ocrx_word' id='word_1_300' title='bbox 388 3538 581 3608; x_wconf 77' lang='lat' dir='ltr'>Taurinensi3</span> <span class='ocrx_word' id='word_1_301' title='bbox 604 3537 635 3594; x_wconf 89' lang='lat' dir='ltr'>iu</span> <span class='ocrx_word' id='word_1_302' title='bbox 658 3538 746 3594; x_wconf 90' lang='lat' dir='ltr'>Tusc.</span> <span class='ocrx_word' id='word_1_303' title='bbox 771 3538 858 3594; x_wconf 84' lang='lat' dir='ltr'>etiam</span> <span class='ocrx_word' id='word_1_304' title='bbox 883 3539 908 3596; x_wconf 89' lang='grc' dir='ltr'>Ι.</span> <span class='ocrx_word' id='word_1_305' title='bbox 932 3538 971 3593; x_wconf 85' lang='grc'>94</span> <span class='ocrx_word' id='word_1_306' title='bbox 995 3547 1025 3594; x_wconf 83' lang='lat' dir='ltr'>et</span> <span class='ocrx_word' id='word_1_307' title='bbox 1046 3537 1133 3612; x_wconf 86' lang='lat' dir='ltr'>longe</span> <span class='ocrx_word' id='word_1_308' title='bbox 1155 3536 1275 3612; x_wconf 87' lang='lat' dir='ltr'>plurimi</span> <span class='ocrx_word' id='word_1_309' title='bbox 1298 3547 1329 3591; x_wconf 87' lang='lat' dir='ltr'>et-</span> <span class='ocrx_word' id='word_1_310' title='bbox 1345 3553 1395 3610; x_wconf 91' lang='lat' dir='ltr'>op-</span> <span class='ocrx_word' id='word_1_311' title='bbox 1503 3585 1504 3600; x_wconf 76' lang='lat'>,</span> 
     </span>
     <span class='ocr_line' id='line_1_33' title="bbox 319 3617 1504 3700; baseline -0.004 -21"><span class='ocrx_word' id='word_1_312' title='bbox 319 3624 382 3680; x_wconf 89' lang='lat' dir='ltr'>timi</span> <span class='ocrx_word' id='word_1_313' title='bbox 405 3623 521 3680; x_wconf 86' lang='lat' dir='ltr'>codices</span> <span class='ocrx_word' id='word_1_314' title='bbox 543 3623 653 3680; x_wconf 89' lang='lat' dir='ltr'>habeut</span> <span class='ocrx_word' id='word_1_315' title='bbox 675 3625 764 3680; x_wconf 78' lang='lat' dir='ltr'>nullis.</span> <span class='ocrx_word' id='word_1_316' title='bbox 796 3624 831 3680; x_wconf 88' lang='lat' dir='ltr'>L.</span> <span class='ocrx_word' id='word_1_317' title='bbox 853 3623 983 3680; x_wconf 89' lang='lat' dir='ltr'>Plancus</span> <span class='ocrx_word' id='word_1_318' title='bbox 1006 3623 1125 3698; x_wconf 87' lang='lat' dir='ltr'>scripsit</span> <span class='ocrx_word' id='word_1_319' title='bbox 1146 3620 1245 3700; x_wconf 83' lang='lat' dir='ltr'>(epist.</span> <span class='ocrx_word' id='word_1_320' title='bbox 1262 3620 1300 3677; x_wconf 90' lang='lat' dir='ltr'>ad</span> <span class='ocrx_word' id='word_1_321' title='bbox 1312 3621 1394 3677; x_wconf 82' lang='lat' dir='ltr'>Fam.</span> <span class='ocrx_word' id='word_1_322' title='bbox 1503 3617 1504 3620; x_wconf 70' lang='grc'>’</span> 
     </span>
     <span class='ocr_line' id='line_1_34' title="bbox 318 3707 1504 3787; baseline -0.005 -21"><span class='ocrx_word' id='word_1_323' title='bbox 318 3710 359 3779; x_wconf 86' lang='grc' dir='ltr'>Χ,</span> <span class='ocrx_word' id='word_1_324' title='bbox 386 3710 433 3775; x_wconf 87' lang='grc'>18,</span> <span class='ocrx_word' id='word_1_325' title='bbox 458 3707 506 3787; x_wconf 78' lang='lat'>2):</span> <span class='ocrx_word' id='word_1_326' title='bbox 540 3729 590 3766; x_wconf 81' lang='lat' dir='ltr'>non</span> <span class='ocrx_word' id='word_1_327' title='bbox 618 3711 702 3766; x_wconf 65' lang='lat' dir='ltr'>ullusne</span> <span class='ocrx_word' id='word_1_328' title='bbox 729 3729 784 3765; x_wconf 77' lang='lat' dir='ltr'>rem</span> <span class='ocrx_word' id='word_1_329' title='bbox 806 3712 890 3765; x_wconf 82' lang='lat' dir='ltr'>aliam</span> <span class='ocrx_word' id='word_1_330' title='bbox 911 3712 1081 3765; x_wconf 76' lang='lat' dir='ltr'>ectimescens</span> <span class='ocrx_word' id='word_1_331' title='bbox 1103 3727 1186 3782; x_wconf 82' lang='lat' dir='ltr'>quum</span> <span class='ocrx_word' id='word_1_332' title='bbox 1207 3707 1319 3763; x_wconf 77' lang='lat' dir='ltr'>ecrrdcm</span> <span class='ocrx_word' id='word_1_333' title='bbox 1342 3715 1395 3762; x_wconf 82' lang='lat' dir='ltr'>cet.</span> <span class='ocrx_word' id='word_1_334' title='bbox 1503 3755 1504 3778; x_wconf 70' lang='lat'>,</span> 
     </span>
     <span class='ocr_line' id='line_1_35' title="bbox 318 3792 1394 3870; baseline -0.003 -20"><span class='ocrx_word' id='word_1_335' title='bbox 318 3794 405 3868; x_wconf 84' lang='lat' dir='ltr'>Quod</span> <span class='ocrx_word' id='word_1_336' title='bbox 434 3792 528 3853; x_wconf 85' lang='lat' dir='ltr'>Gzius</span> <span class='ocrx_word' id='word_1_337' title='bbox 557 3815 608 3852; x_wconf 85' lang='lat' dir='ltr'>non</span> <span class='ocrx_word' id='word_1_338' title='bbox 636 3795 674 3851; x_wconf 89' lang='lat' dir='ltr'>ad</span> <span class='ocrx_word' id='word_1_339' title='bbox 701 3797 849 3851; x_wconf 78' lang='lat' dir='ltr'>diceremus</span> <span class='ocrx_word' id='word_1_340' title='bbox 876 3794 1023 3870; x_wconf 82' lang='lat' dir='ltr'>pertinere</span> <span class='ocrx_word' id='word_1_341' title='bbox 1051 3793 1129 3864; x_wconf 90' lang='lat' dir='ltr'>vult,</span> <span class='ocrx_word' id='word_1_342' title='bbox 1164 3793 1302 3850; x_wconf 86' lang='lat' dir='ltr'>Latinum</span> <span class='ocrx_word' id='word_1_343' title='bbox 1337 3809 1394 3847; x_wconf 92' lang='lat' dir='ltr'>non</span> 
     </span>
     <span class='ocr_line' id='line_1_36' title="bbox 318 3879 1395 3956; baseline -0.006 -20"><span class='ocrx_word' id='word_1_344' title='bbox 318 3890 376 3936; x_wconf 84' lang='lat' dir='ltr'>est:</span> <span class='ocrx_word' id='word_1_345' title='bbox 410 3900 461 3936; x_wconf 83' lang='lat' dir='ltr'>non</span> <span class='ocrx_word' id='word_1_346' title='bbox 488 3881 548 3937; x_wconf 80' lang='lat' dir='ltr'>dico</span> <span class='ocrx_word' id='word_1_347' title='bbox 575 3899 736 3955; x_wconf 66' lang='lat' dir='ltr'>prinsquam</span> <span class='ocrx_word' id='word_1_348' title='bbox 759 3900 815 3938; x_wconf 80' lang='lat' dir='ltr'>esse</span> <span class='ocrx_word' id='word_1_349' title='bbox 842 3899 896 3956; x_wconf 88' lang='lat' dir='ltr'>pro</span> <span class='ocrx_word' id='word_1_350' title='bbox 930 3899 980 3950; x_wconf 90' lang='lat' dir='ltr'>eo,</span> <span class='ocrx_word' id='word_1_351' title='bbox 1014 3879 1094 3954; x_wconf 90' lang='lat' dir='ltr'>quod</span> <span class='ocrx_word' id='word_1_352' title='bbox 1122 3887 1179 3936; x_wconf 85' lang='lat' dir='ltr'>est:</span> <span class='ocrx_word' id='word_1_353' title='bbox 1213 3897 1277 3951; x_wconf 74' lang='lat' dir='ltr'>nepo</span> <span class='ocrx_word' id='word_1_354' title='bbox 1304 3896 1395 3950; x_wconf 73' lang='lat' dir='ltr'>querri-</span> 
     </span>
     <span class='ocr_line' id='line_1_37' title="bbox 318 3985 486 4040; baseline 0 -19"><span class='ocrx_word' id='word_1_355' title='bbox 318 3986 400 4040; x_wconf 80' lang='lat' dir='ltr'>quam</span> <span class='ocrx_word' id='word_1_356' title='bbox 422 3985 486 4023; x_wconf 80' lang='lat' dir='ltr'>esse.</span> 
     </span>
     <span class='ocr_line' id='line_1_38' title="bbox 402 4045 1394 4126; baseline -0.006 -18"><span class='ocrx_word' id='word_1_357' title='bbox 402 4052 609 4126; x_wconf 72' lang='lat' dir='ltr'>confirnderetur</span> <span class='ocrx_word' id='word_1_358' title='bbox 630 4053 714 4108; x_wconf 82' lang='lat' dir='ltr'>omnis</span> <span class='ocrx_word' id='word_1_359' title='bbox 738 4048 804 4123; x_wconf 71' lang='lat' dir='ltr'>uilo)</span> <span class='ocrx_word' id='word_1_360' title='bbox 829 4051 868 4106; x_wconf 85' lang='lat' dir='ltr'>Et</span> <span class='ocrx_word' id='word_1_361' title='bbox 889 4052 1096 4124; x_wconf 76' lang='lat' dir='ltr'>confunderetur</span> <span class='ocrx_word' id='word_1_362' title='bbox 1118 4048 1211 4108; x_wconf 85' lang='lat' dir='ltr'>Gzius</span> <span class='ocrx_word' id='word_1_363' title='bbox 1234 4065 1249 4103; x_wconf 90' lang='lat' dir='ltr'>e</span> <span class='ocrx_word' id='word_1_364' title='bbox 1272 4045 1352 4106; x_wconf 89' lang='lat' dir='ltr'>Gud.</span> <span class='ocrx_word' id='word_1_365' title='bbox 1377 4047 1394 4102; x_wconf 84' lang='lat'>·2</span> 
     </span>
     <span class='ocr_line' id='line_1_39' title="bbox 318 4132 1504 4211; baseline -0.004 -19"><span class='ocrx_word' id='word_1_366' title='bbox 318 4145 348 4192; x_wconf 84' lang='lat' dir='ltr'>et</span> <span class='ocrx_word' id='word_1_367' title='bbox 370 4139 448 4208; x_wconf 79' lang='lat' dir='ltr'>Bas,</span> <span class='ocrx_word' id='word_1_368' title='bbox 471 4137 550 4211; x_wconf 92' lang='lat' dir='ltr'>quod</span> <span class='ocrx_word' id='word_1_369' title='bbox 572 4137 603 4193; x_wconf 92' lang='lat' dir='ltr'>in</span> <span class='ocrx_word' id='word_1_370' title='bbox 626 4155 661 4195; x_wconf 89' lang='lat' dir='ltr'>eo</span> <span class='ocrx_word' id='word_1_371' title='bbox 684 4147 728 4194; x_wconf 90' lang='lat' dir='ltr'>est</span> <span class='ocrx_word' id='word_1_372' title='bbox 750 4137 832 4206; x_wconf 89' lang='lat' dir='ltr'>vitio,</span> <span class='ocrx_word' id='word_1_373' title='bbox 857 4136 892 4192; x_wconf 90' lang='lat' dir='ltr'>de</span> <span class='ocrx_word' id='word_1_374' title='bbox 915 4153 974 4211; x_wconf 93' lang='lat' dir='ltr'>quo</span> <span class='ocrx_word' id='word_1_375' title='bbox 997 4135 1060 4192; x_wconf 86' lang='lat' dir='ltr'>dixi</span> <span class='ocrx_word' id='word_1_376' title='bbox 1081 4134 1119 4191; x_wconf 90' lang='lat' dir='ltr'>ad</span> <span class='ocrx_word' id='word_1_377' title='bbox 1140 4135 1181 4200; x_wconf 85' lang='grc' dir='ltr'>Π,</span> <span class='ocrx_word' id='word_1_378' title='bbox 1207 4135 1255 4191; x_wconf 88' lang='grc'>63.</span> <span class='ocrx_word' id='word_1_379' title='bbox 1288 4132 1396 4206; x_wconf 86' lang='lat' dir='ltr'>Neque</span> <span class='ocrx_word' id='word_1_380' title='bbox 1503 4135 1504 4210; x_wconf 58' lang='lat' dir='ltr'>J</span> 
     </span>
     <span class='ocr_line' id='line_1_40' title="bbox 317 4215 1504 4303; baseline -0.004 -26"><span class='ocrx_word' id='word_1_381' title='bbox 317 4223 395 4278; x_wconf 85' lang='lat' dir='ltr'>enim</span> <span class='ocrx_word' id='word_1_382' title='bbox 417 4223 475 4279; x_wconf 90' lang='lat' dir='ltr'>dno</span> <span class='ocrx_word' id='word_1_383' title='bbox 498 4223 634 4296; x_wconf 82' lang='lat' dir='ltr'>aequalia</span> <span class='ocrx_word' id='word_1_384' title='bbox 656 4223 728 4279; x_wconf 83' lang='lat' dir='ltr'>haec</span> <span class='ocrx_word' id='word_1_385' title='bbox 751 4221 868 4296; x_wconf 80' lang='lat' dir='ltr'>suut(et</span> <span class='ocrx_word' id='word_1_386' title='bbox 891 4255 933 4264; x_wconf 98' lang='lat'>—</span> <span class='ocrx_word' id='word_1_387' title='bbox 954 4215 1024 4303; x_wconf 80' lang='lat' dir='ltr'>nec),</span> <span class='ocrx_word' id='word_1_388' title='bbox 1047 4220 1098 4278; x_wconf 87' lang='lat' dir='ltr'>sed</span> <span class='ocrx_word' id='word_1_389' title='bbox 1120 4220 1202 4296; x_wconf 89' lang='lat' dir='ltr'>prius</span> <span class='ocrx_word' id='word_1_390' title='bbox 1230 4218 1398 4293; x_wconf 83' lang='lat' dir='ltr'>explicetur</span> <span class='ocrx_word' id='word_1_391' title='bbox 1503 4231 1504 4294; x_wconf 58' lang='lat' dir='ltr'>t</span> 
     </span>
     <span class='ocr_line' id='line_1_41' title="bbox 316 4295 1504 4366; baseline 0 -4"><span class='ocrx_word' id='word_1_392' title='bbox 316 4307 410 4364; x_wconf 84' lang='lat' dir='ltr'>altero</span> <span class='ocrx_word' id='word_1_393' title='bbox 432 4307 556 4366; x_wconf 84' lang='lat' dir='ltr'>adiecto.</span> <span class='ocrx_word' id='word_1_394' title='bbox 1503 4295 1504 4320; x_wconf 58' lang='lat'>¹</span> 
     </span>
    </p>
   </div>
   <div class='ocr_carea' id='block_1_5' title="bbox 0 0 1514 5047">
    <p class='ocr_par' dir='ltr' id='par_1_5' title="bbox 0 0 1514 5047">
     <span class='ocr_line' id='line_1_42' title="bbox 0 0 1514 5047; baseline 0 0"><span class='ocrx_word' id='word_1_395' title='bbox 0 0 1514 5047; x_wconf 95' lang='lat' dir='ltr'> </span> 
     </span>
    </p>
   </div>
  </div>
 </body>
</html>
