2956 5028
303 399 366 464 254
696 417 740 462 na
762 415 894 464 ruamus
916 416 988 464 aon.

302 583 383 650 ratio
404 584 647 666 quidemvcstru
668 584 714 650 sic
735 585 831 666 cogit3
853 591 888 648 at
908 603 967 666 ego
988 603 1080 666 quem
1098 583 1169 649 huic
1184 591 1391 666 anteponam,

302 705 364 751 non
386 687 488 752 audeo
509 685 628 766 dicere3
655 685 739 752 dicat
763 704 823 768 pro
849 703 900 751 me
925 686 997 768 ipsa
1007 686 1127 766 snus,
1150 705 1207 752 nec
1228 686 1392 752 dubitabit

302 787 354 854 isti
381 795 488 853 vestro
515 789 607 854 beato
634 787 676 854 bt
703 789 858 871 Regulum
882 795 1087 870 anteponere,
1124 805 1217 870 quem
1246 789 1389 870 quidem,

303 908 373 955 cunr
395 907 453 954 sua
474 889 649 969 voluntate,
682 889 768 956 nulla
793 891 824 956 ri
852 897 978 956 coactus
999 895 1126 971 praeter
1146 887 1253 970 fidem,
1285 909 1389 972 quam

264 992 285 1058 5
303 993 434 1058 dederat
454 991 545 1070 hosti,
567 1009 605 1056 ex
627 991 731 1072 patria
742 991 961 1074 cambaginem
979 991 1169 1072 revertisset,
1189 998 1255 1056 turn
1268 992 1389 1074 ipsum,

302 1111 371 1158 curn
393 1092 506 1175 vigiliis
527 1099 560 1158 et
586 1091 667 1158 fame
695 1093 901 1173 calciaretur,
934 1093 1047 1158 clamat
1078 1093 1177 1158 virtus
1210 1093 1387 1158 beatiorem

302 1193 398 1260 tuisse
420 1212 514 1276 quam
535 1199 696 1275 potantem
718 1195 751 1259 in
774 1213 847 1260 rosa
864 1195 1023 1260 Thorium.
1068 1193 1155 1260 Bella
1175 1211 1288 1276 magna
1307 1213 1387 1277 ges-

302 1303 401 1375 serat,
435 1295 483 1362 bis
510 1297 618 1361 consid
639 1295 756 1374 fuerat,
786 1296 1007 1377 triumpharat,
1046 1315 1103 1362 nec
1123 1303 1225 1362 tamen
1248 1315 1305 1360 sua
1326 1295 1389 1360 illa

302 1397 465 1480 superiora
492 1405 556 1462 tam
583 1416 697 1480 magna
729 1416 831 1479 neque
857 1403 922 1462 tarn
943 1397 1106 1480 praeclara
1132 1397 1265 1463 ducebat
1285 1415 1387 1478 quarn

244 1501 286 1567 10
301 1499 387 1564 illum
408 1499 549 1563 ultimum
571 1517 691 1579 casana
725 1518 817 1581 quem
844 1509 976 1582 propter
996 1499 1089 1565 iidem
1111 1499 1386 1580 constantiamque

303 1609 499 1682 susceperat,
533 1601 587 1682 qui
613 1601 703 1666 nobis
731 1600 915 1666 miserabibs
943 1601 1066 1667 uidetur
1092 1601 1302 1679 audientibus,
1336 1599 1385 1664 illi

374 1827 396 1876 1.
414 1820 491 1872 oratio
509 1819 630 1872 LPMGR
685 1821 759 1886 coqui.-
785 1837 826 1888 eya
849 1820 892 1873 Or.
917 1821 1002 1886 (codd.
1025 1823 1116 1886 capiat
1137 1825 1186 1902 apo)
1239 1821 1292 1870 duic
1309 1836 1385 1884 quern

302 1889 469 2026 sura
503 1897 530 2012 z:
545 1887 1228 2036 mmmmm
1245 1889 1384 2008 aas

308 2027 410 2078 Thorius
442 2025 500 2096 AJE
545 2031 569 2074 8.
588 2042 608 2074 rr
626 2026 661 2076 bu
679 2025 777 2077 Luca
824 2024 868 2075 tila
884 2043 931 2076 rua
947 2028 1073 2092 capnion
1090 2027 1112 2075 Ε
1129 2044 1174 2076 rua
1192 2026 1317 2090 superiora
1336 2023 1384 2074 cita

302 2094 423 2147 MCROr.
475 2099 498 2144 9.
519 2109 561 2144 nec
577 2093 666 2146 tamc
722 2099 759 2144 10.
781 2093 892 2162 [praem
910 2093 945 2162 A]
1003 2101 1040 2146 11.
1060 2095 1236 2161 conceperatis

302 2318 476 2377 inducenda
503 2319 660 2376 Postremo
681 2337 762 2394 quern
782 2319 843 2376 duic
859 2317 904 2397 [Δ
916 2317 1008 2397 etB,]
1030 2317 1384 2394 Gaianiomnespraeter

303 2403 383 2464 Gud
405 2405 438 2474 23
462 2404 552 2462 ceteri
575 2403 703 2462 editores
725 2404 763 2461 ad
786 2404 846 2461 buic
868 2423 946 2478 quem
968 2404 1042 2462 nihil
1064 2414 1248 2463 annotarent.
1281 2403 1383 2460 Paulo

303 2499 371 2566 post
397 2508 434 2546 ex
457 2487 482 2549 C
504 2498 700 2566 propagatum
728 2489 767 2547 ad
794 2489 961 2546 Manutium
988 2490 1155 2563 multosque
1182 2489 1270 2547 alios:
1302 2490 1383 2546 nulla

302 2579 330 2632 vi
349 2585 466 2646 coactae,
484 2585 598 2651 propter
612 2576 712 2648 fidem
734 2592 836 2632 verum
858 2575 957 2631 estin
979 2593 1036 2651 mg.
1059 2574 1140 2633 Crat

388 2671 443 2718 tam
454 2663 552 2736 ipsane,
563 2657 637 2737 cum)
659 2659 757 2716 Etiam
769 2659 833 2716 Pal.
850 2661 876 2723 l,
889 2658 967 2735 Spir.
989 2657 1056 2738 [13],
1079 2660 1142 2717 cod.
1156 2659 1242 2729 Mor,
1264 2653 1308 2728 Εξ
1318 2677 1383 2715 eum

302 2749 390 2821 speum
412 2743 505 2823 (Gud.
531 2745 548 2802 2
577 2743 661 2823 cum),
689 2743 843 2812 mendose;
866 2762 961 2818 neque
989 2745 1067 2802 enim
1095 2743 1188 2822 (quod
1215 2742 1319 2803 Ottoui
1349 2745 1381 2800 in

303 2839 429 2887 mentem
452 2829 542 2898 venit,
565 2829 616 2904 qui
638 2829 726 2886 etiam
743 2829 934 2905 parenthesin
945 2830 1142 2903 nescioquam
1156 2825 1383 2907 commemorat)

302 2914 363 2972 ulla
395 2915 443 2972 hic
475 2925 521 2973 est
554 2931 642 2972 cauea
675 2923 726 2971 ant
757 2913 835 2972 ratio
864 2914 988 2972 subiecti
1017 2913 1182 2991 praegressi
1203 2913 1382 2990 pronomine

301 3000 437 3070 iterandi,
455 3011 485 3057 et
498 2999 625 3057 debebat
640 3017 705 3056 esse
721 3001 771 3056 sed
786 3017 853 3056 eum.
877 2999 998 3059 Scilicet
1011 2999 1161 3057 nesciebat
1177 2997 1249 3058 Otto
1265 3006 1298 3056 ut
1314 2998 1380 3066 elii,

301 3085 372 3160 quid
394 3093 473 3142 esset
494 3095 549 3142 tum
560 3087 648 3160 mmm
662 3083 751 3160 [quod
768 3093 866 3142 tamen
877 3085 1088 3142 intellexerunt
1098 3083 1262 3153 Ernestius,
1275 3081 1380 3142 Schel-

301 3171 390 3240 lerns,
413 3169 627 3228 Ramshoruius
650 3168 703 3229 Gr.
722 3170 787 3228 Lat.
811 3188 838 3244 p.
864 3170 925 3228 523
948 3170 992 3226 ed.
1018 3169 1063 3246 21,
1086 3179 1131 3226 est
1146 3179 1244 3226 autam
1266 3187 1295 3224 eo
1315 3163 1379 3243 'ipso

301 3265 423 3330 tempore,
435 3265 469 3312 ut
480 3275 549 3313 nunc
560 3259 648 3329 meum
659 3252 711 3332 (ad
721 3255 866 3325 Atovll,
880 3255 908 3326 3,
917 3255 946 3325 2,
960 3255 1046 3326 VIII,
1055 3255 1083 3326 9,
1092 3255 1120 3324 2,
1133 3254 1207 3324 XII,
1218 3255 1255 3310 16
1268 3261 1299 3310 et
1309 3252 1377 3331 40).

300 3339 383 3398 Idem
395 3359 433 3397 ex
445 3359 504 3398 non
516 3339 613 3398 dubiis
624 3339 757 3398 codicum
769 3340 903 3417 vestigiis
914 3340 986 3398 olim
998 3359 1052 3416 ego
1063 3339 1179 3397 restitui
1190 3338 1328 3398 Ciceroni
1340 3339 1378 3394 de

300 3422 383 3483 Orat.
406 3426 432 3496 1,
459 3425 528 3496 123,
551 3425 584 3482 11
605 3435 705 3483 autam
726 3424 763 3482 de
786 3421 844 3484 off.
864 3425 903 3483 60
926 3424 1175 3501 Stuercnburgius
1197 3441 1234 3480 ex
1257 3423 1380 3498 optimis

301 3509 400 3566 codd:
430 3511 590 3586 temporibus
614 3511 765 3568 necmsaria
786 3519 811 3567 et
833 3521 889 3568 tum
910 3513 999 3586 ipsam
1020 3508 1100 3587 (cunr
1122 3509 1304 3584 temporibus
1326 3527 1379 3565 ne·

300 3595 429 3652 cessaria
450 3593 497 3673 tit)
519 3627 560 3637 -
582 3596 757 3653 nwdmaoda
791 3595 912 3652 Habent
933 3595 1056 3652 eandem
1073 3595 1248 3670 scripturam
1260 3592 1379 3650 codices

300 3679 349 3754 (P,
374 3679 405 3750 S,
427 3682 517 3756 Aug,
540 3679 619 3739 Gnd.
642 3679 721 3756 apud
732 3678 898 3758 Musarum)
920 3690 950 3738 et
960 3680 1092 3756 postulat
1101 3679 1247 3736 sententia
1258 3678 1288 3734 in
1300 3677 1379 3735 libro

300 3764 316 3822 1
338 3765 374 3822 da
397 3765 499 3823 Divin.
520 3767 594 3823 118:
621 3765 695 3823 Ναηι
717 3767 802 3823 etad
823 3767 936 3824 bostiam
957 3767 1125 3840 delipcndcm
1142 3774 1230 3840 potest
1251 3765 1380 3821 duaeesse

299 3853 340 3906 oia
361 3851 496 3924 quaedam
517 3853 641 3920 sentiens,
663 3859 688 3907 ct
710 3859 765 3908 bom
786 3853 884 3927 ipsum
906 3869 966 3908 cum
987 3852 1124 3908 inmolare
1149 3851 1228 3919 vebs,
1256 3858 1379 3904 catorum

293 3935 359 4007 fieri
379 3939 489 3992 arumde
506 3946 603 4012 potest.
647 3935 796 3992 Incertam
819 3954 883 3994 esse
906 3935 1058 4011 vulgarem
1081 3935 1118 3992 de
1134 3933 1241 4010 Reguli
1264 3933 1378 4010 suppli·

300 4019 353 4076 ciis
381 4020 593 4090 narrationem,
627 4038 715 4094 quam
744 4019 849 4080 Cicero
876 4020 1023 4095 sequitur,
1057 4019 1142 4077 multi
1169 4019 1379 4084 ostenderunm

300 4103 495 4162 vidBeierus
517 4104 555 4162 ed
577 4102 636 4164 Off.
658 4105 721 4176 111,
749 4107 817 4176 100,
841 4105 1023 4163 Niebuhrius
1050 4106 1081 4162 in
1108 4104 1186 4162 Hist.
1209 4105 1295 4161 Rom.
1318 4103 1378 4160 vol.

299 4189 347 4245 III
370 4209 398 4264 p.
422 4190 493 4248 705.
537 4191 609 4248 Mox
633 4201 730 4266 potore
755 4193 783 4247 in
812 4209 876 4248 rosa
904 4209 982 4261 esse,
1010 4191 1086 4248 rosis
1113 4189 1296 4259 redimitum,
1326 4207 1378 4246 ex-

299 4283 462 4348 posuerunt
482 4275 602 4332 Horatii
623 4285 808 4333 enarratores
830 4276 867 4333 ad
890 4275 947 4335 Od.
969 4277 999 4346 1,
1024 4276 1058 4346 5,
1085 4277 1117 4344 1;
1150 4273 1255 4332 melius
1277 4283 1377 4330 mmen

299 4357 475 4433 generaliter
485 4359 675 4438 intellegitur,
687 4362 763 4420 rosis
778 4359 1002 4430 circumfusum
1019 4377 1087 4416 nam
1103 4359 1274 4417 accubuisse
1287 4359 1377 4416 etiarn
