2944 5040
327 393 389 458 806
747 409 919 458 excussus
937 411 981 456 111.

325 582 444 659 irrepsit
470 581 501 638 iu
527 601 618 640 unum
645 582 776 657 alioquin
803 583 913 640 bonum
935 583 1182 656 Einsiedlensem,
1217 585 1265 660 qni
1296 585 1390 642 habet:

325 689 372 728 occ
394 687 463 726 rrauc
484 669 583 740 solaro,
607 668 696 724 ceteri
719 677 813 726 recte:
836 689 867 726 ac
888 687 957 726 nuuc
979 671 1085 744 quidem
1107 671 1200 726 solum.

300 817 303 824 ,
411 755 449 812 V.
484 753 566 827 Quae
589 753 625 810 de
653 754 767 812 duobus
795 753 1030 812 'lbrsculenarum
1057 755 1130 812 locis
1163 755 1330 832 disputavi,
1363 773 1391 811 ee

325 839 447 898 mirifice
469 839 678 896 confirmantur
704 840 734 896 in
757 848 830 897 oret
853 839 885 898 II
907 841 937 896 iu
960 839 1024 898 Cat.
1045 841 1073 898 8.
1116 840 1193 898 Nom
1217 841 1258 898 ibi
1281 860 1391 915 quoque
1462 885 1463 892 ,

325 924 435 982 editur:
459 924 542 981 Neruo
564 945 616 982 uon
637 927 714 982 modo
736 926 847 998 Romae,
870 927 920 983 scd
940 945 986 983 aec
1008 928 1061 984 ullo
1083 929 1110 984 ia
1131 928 1230 1000 crepulo
1247 927 1391 984 totiaslta-

325 1013 376 1069 b'ce
397 1029 541 1088 oppressus
563 1030 625 1067 uero
646 1012 731 1067 oliano
746 1014 804 1085 suit
827 1019 892 1084 cet,
926 1011 1007 1068 etin
1030 1011 1099 1082 hac,
1133 1011 1169 1068 de
1192 1031 1251 1086 qua
1272 1013 1391 1088 agimus,

324 1115 413 1154 causa
435 1095 634 1153 testimonium
655 1095 723 1152 inde
745 1095 856 1172 petitur
883 1092 979 1178 (velut
1000 1115 1019 1153 a
1039 1097 1236 1156 Rantehoruio
1258 1117 1287 1174 p.
1313 1095 1391 1176 822).
1464 1137 1465 1140 η

324 1184 437 1239 Verum
459 1181 575 1238 codices
597 1199 698 1238 omnes
720 1181 843 1241 Gruteri
861 1181 1086 1240 etOxonienses
1108 1191 1147 1254 et,
1171 1183 1221 1258 qui
1244 1203 1341 1258 nuper
1360 1183 1391 1239 ab

325 1267 437 1327 Orellio
460 1267 584 1324 collatus
607 1275 665 1339 est,
699 1267 891 1342 perantiquus
908 1268 1138 1344 Tegernseeueis
1161 1267 1206 1345 [et
1223 1270 1314 1326 ceteri
1325 1269 1392 1326 Hal·

323 1350 390 1430 mii]
412 1353 523 1410 habent
551 1354 600 1410 sed
621 1372 652 1410 nc
679 1354 742 1408 redo.
798 1352 992 1412 scribendum
1021 1363 1066 1410 est
1092 1353 1183 1430 igitur
1213 1373 1278 1412 cum
1297 1354 1391 1412 codice

323 1437 541 1514 Rhenaugiensi
564 1439 635 1495 item
657 1439 778 1513 antiquo
801 1447 830 1496 et
852 1439 944 1508 bono,
977 1457 1066 1513 quem
1088 1439 1165 1496 idem
1189 1439 1330 1498 contulit:
1350 1441 1392 1496 scd

323 1545 355 1582 ne
376 1527 430 1582 auo
452 1525 558 1597 quidem
580 1527 607 1580 in
628 1526 726 1596 arcendo
748 1527 828 1580 totius
850 1525 955 1582 Itob'cc.

409 1609 463 1667 VI.
496 1609 546 1666 Ad
568 1609 798 1690 Attio.1,3,3:
821 1610 854 1666 Iu
876 1629 904 1667 ce
926 1619 1050 1684 copertus
1073 1619 1121 1679 est,
1144 1611 1219 1666 illum
1236 1631 1294 1668 esec
1311 1615 1391 1666 auaro

323 1695 497 1762 exorabilem,
531 1714 615 1750 mauro
637 1697 755 1751 etodium
777 1713 823 1752 acc
846 1695 893 1752 tibi
913 1697 1038 1769 desumse.
1083 1695 1178 1752 Valde
1202 1695 1392 1772 probabiliter

322 1789 444 1857 propter
465 1779 560 1856 ipsam
582 1779 758 1838 sententiam
770 1779 933 1838 Graevius:
956 1799 1001 1838 uec
1024 1781 1072 1837 uti
1091 1800 1137 1838 noc
1148 1781 1207 1837 sibi.
1238 1781 1391 1841 Sallustius

323 1883 400 1922 nunc
423 1883 561 1942 praesens
583 1865 795 1941 perspiciebat,
830 1884 924 1940 neque
946 1865 1017 1938 sibi,
1041 1865 1110 1923 dum
1132 1867 1266 1936 abesset,
1302 1885 1391 1941 neque
1466 1919 1467 1932 2

322 1952 424 2010 Attico
436 1951 587 2010 Ciceronis
599 1951 727 2008 studium
739 1949 876 2008 defuisse.
910 1952 1070 2023 Librarius,
1093 1961 1127 2009 ut
1137 1971 1235 2027 saepe,
1254 1953 1292 2010 ab
1304 1952 1391 2009 altem

322 2057 369 2096 uec
390 2036 426 2093 ad
449 2037 573 2093 alterum
595 2037 752 2094 aberravit.

407 2122 477 2180 VH.
512 2121 614 2197 Topic.
639 2121 693 2178 23:
716 2133 753 2192 ut,
777 2123 837 2178 sliu
850 2123 914 2178 urbe
929 2123 999 2196 fines
1011 2141 1062 2178 nort
1073 2133 1202 2196 reparetur
1219 2123 1277 2199 (sic
1289 2123 1389 2194 codd).

321 2227 367 2266 acc
390 2227 462 2282 aquo
485 2209 511 2263 iu
534 2209 598 2264 urbe
620 2217 753 2264 arceatur.
782 2207 840 2264 Hic
857 2207 939 2264 loeus
961 2207 1023 2265 fere
1046 2208 1125 2265 solus
1148 2208 1221 2264 nihil
1244 2209 1343 2278 habet,
1364 2209 1390 2264 iu

321 2313 380 2368 quo
403 2303 556 2368 praeterea
578 2291 745 2361 offendaris,
768 2303 801 2350 ut
811 2301 932 2368 propter
943 2293 1018 2350 hanc
1032 2313 1130 2358 unam,
1153 2312 1211 2368 que
1223 2294 1259 2350 de
1272 2295 1390 2370 sgimm
1467 2359 1468 2366 ,

321 2396 439 2436 causam
454 2378 661 2452 suspicandum
673 2377 720 2448 sit,
745 2397 810 2435 eum
823 2378 926 2434 eodem
938 2379 1033 2450 modo,
1058 2397 1117 2452 quo
1128 2379 1222 2436 Acad.
1235 2380 1260 2447 I,
1276 2381 1304 2443 7,
1317 2397 1390 2436 men·
1467 2369 1468 2374 ἵ

321 2465 423 2522 desum
447 2481 520 2532 esse,
544 2471 573 2519 et
595 2483 648 2538 pro
670 2483 702 2520 uc
712 2483 786 2538 oquo
803 2465 918 2537 quidem,
942 2483 1006 2520 cum
1029 2466 1136 2538 quidem
1158 2464 1321 2522 excidisset
1330 2471 1391 2540 post

320 2569 403 2624 aqua,
427 2549 568 2623 scriptum
591 2567 654 2606 esse
676 2569 722 2606 noc
744 2569 826 2624 oquc.

406 2631 508 2712 [VIII.
541 2633 668 2691 Accedit
688 2644 786 2692 tamen
808 2634 883 2692 alter
894 2633 1025 2692 eiusdem
1036 2635 1152 2711 generis
1164 2634 1247 2692 locus
1264 2635 1303 2691 ad
1315 2635 1389 2692 Fam.

320 2721 378 2792 IX,
399 2721 446 2790 15,
467 2721 499 2776 3:
532 2739 615 2794 reoque
637 2719 693 2796 (sic
715 2721 792 2777 enim
806 2720 869 2777 cod.
886 2720 974 2790 Med,
997 2738 1055 2776 non
1072 2740 1127 2791 uec,
1151 2719 1329 2798 suspiciose)
1350 2739 1390 2792 opo

320 2809 398 2864 aliter
419 2809 516 2880 occepi.
539 2804 831 2881 ubiWcseubergius
854 2825 885 2862 oc
902 2825 947 2878 eqo
965 2807 1073 2880 quidun
1095 2805 1183 2863 scribi
1206 2806 1308 2875 iussit3
1341 2823 1390 2880 ego

320 2910 433 2962 vereor,
456 2910 492 2947 ne
505 2909 548 2962 ea,
572 2909 647 2965 quae
658 2891 845 2965 praecedunt,
868 2891 976 2948 iniuria
987 2891 1176 2957 mutatasint,
1194 2891 1390 2949 scribendum-

320 2995 378 3051 que
400 2977 438 3034 sit
459 2995 475 3033 e
497 2975 592 3034 Med:
615 2979 663 3034 aed
678 2978 1018 3049 auctoremucoderotiom'a,
1041 2977 1231 3053 urbane(cod.
1244 2975 1390 3052 urbanae).-

319 3081 403 3137 ncque
414 3082 460 3136 cqc
481 3064 559 3118 olitcr
569 3065 667 3137 occepi.
690 3062 806 3120 Laudat
815 3063 901 3119 Paeti
912 3062 1163 3138 interpretationis
1174 3055 1390 3139 urbanitatem]

404 3149 461 3206 lx.
494 3148 589 3204 Aced.
612 3148 653 3218 11,
670 3148 744 3204 135:
778 3147 999 3223 Sapiensuemou
1029 3151 1136 3205 timeat?
1169 3167 1229 3218 ricc,
1258 3150 1389 3224 eipotric

318 3235 457 3291 dclcomr?
489 3253 541 3290 non
570 3235 676 3290 doleat?
708 3252 767 3301 uec,
797 3237 822 3290 si
850 3235 936 3290 deleto
963 3238 1016 3290 citt
1059 3233 1114 3290 Est
1140 3234 1214 3290 haec
1235 3231 1390 3292 Goerenzii

319 3319 465 3394 scriptura
488 3337 503 3374 e
526 3319 675 3376 codicibus
698 3319 811 3394 aliquot
833 3319 929 3376 ducta
972 3319 1072 3380 Antea
1089 3319 1239 3389 edebatur,
1264 3317 1389 3377 Grutero

318 3413 348 3461 et
371 3403 590 3462 Oxonieusibus
612 3405 791 3462 tacentibus:
821 3404 1031 3480 Sapicruncnon
1054 3408 1162 3461 tineent!
1183 3423 1239 3470 uec,
1262 3407 1288 3461 si
1299 3407 1388 3480 patrio

318 3491 446 3561 deleatur,
470 3509 521 3546 nou
545 3491 651 3546 dolcat?
673 3491 811 3548 mendose
834 3509 913 3547 seue.
947 3489 1005 3549 Sed
1028 3509 1065 3546 ne
1077 3489 1151 3548 illud
1162 3489 1280 3564 quidem
1292 3507 1387 3546 verum

318 3593 382 3632 esse
404 3583 510 3650 potest.
544 3575 631 3645 Nem,
654 3595 691 3632 ne
713 3577 808 3632 dicam
831 3575 996 3652 generalem
1019 3575 1101 3632 illem
1118 3575 1388 3652 interrogationem:

318 3663 458 3736 sapiensne
479 3681 529 3717 aon
553 3663 660 3718 timeat!
682 3669 750 3736 post
771 3660 831 3733 ille,
856 3680 931 3735 quae
952 3661 1011 3718 iam
1034 3661 1207 3732 dictasunt,
1230 3661 1386 3725 abundare,

318 3753 397 3803 certe
420 3745 574 3802 dicendum
598 3755 675 3816 eret,
698 3747 768 3821 quid
791 3767 823 3804 ne
844 3747 940 3818 fieret,
965 3747 1092 3821 sepienti
1113 3747 1216 3802 timere
1239 3766 1293 3822 per
1317 3745 1388 3806 Stoi-

318 3849 368 3890 cos
390 3850 449 3889 nou
471 3831 582 3901 liceret,
605 3851 673 3903 uon,
696 3832 910 3907 quidu'fieret;
933 3851 1000 3889 nam
1013 3832 1037 3889 si
1048 3832 1090 3904 fit,
1113 3831 1202 3903 dolet,
1226 3851 1284 3890 nou
1302 3833 1388 3890 timet

318 3917 424 3992 Itaque
435 3915 619 3976 Goerenzius
630 3919 751 3976 deleatur
762 3917 826 3975 vult
837 3937 915 3976 esse:
938 3921 964 3974 iu
986 3937 1015 3974 eo
1037 3927 1084 3988 est,
1108 3927 1137 3974 ut
1158 3919 1289 3984 debatur,
1314 3915 1385 3992 quod

317 4003 382 4059 fieri
404 4003 513 4077 nequit.
557 4003 713 4062 Notandus
735 4003 825 4080 igitur
846 4005 939 4076 locus,
961 4013 995 4060 ut
1016 4002 1067 4060 alii
1089 4003 1119 4060 in
1142 4003 1340 4068 Academicis,
1361 4003 1387 4058 in

318 4089 424 4163 quibus
447 4089 562 4147 codices
584 4107 638 4146 nos
661 4089 831 4160 destituunt,
855 4090 905 4164 qui
928 4089 953 4147 si
975 4089 1148 4165 integriores
1171 4097 1284 4160 essent,
1319 4089 1386 4144 hauc

317 4173 460 4233 habereut
482 4174 623 4233 orationis
645 4175 782 4252 figuram:
806 4175 953 4250 Sopianae
975 4195 1026 4231 uon
1049 4177 1146 4245 arcem,
1170 4194 1207 4232 ue
1225 4177 1320 4250 patr-ic
1341 4175 1386 4230 de·

318 4261 448 4318 lectur?
469 4263 629 4332 madebat,
652 4265 682 4318 εἰ
702 4263 813 4318 delato
836 4264 902 4318 cit?
924 4259 1385 4337 etparticularumettemporum

318 4345 401 4403 verbi
424 4345 589 4404 differentia
611 4347 648 4403 ed
671 4347 793 4404 timendi
815 4356 844 4404 et
867 4346 985 4405 dolendi
997 4347 1152 4404 discrimen
1163 4346 1385 4404 accommodata
