3034 5030
276 381 340 449 394
663 403 709 448 nn
730 399 863 450 nmmos
886 403 956 450 nou.

275 571 357 634 bono
380 575 633 650 segregaverunt,
656 588 725 634 cum
747 576 803 635 aut
813 571 1005 652 voluptatem
1021 577 1077 636 aut
1086 569 1274 636 vacuitatem
1295 571 1356 636 do·

274 672 350 736 lon's
371 677 428 735 aut
448 671 549 752 prims
570 679 702 736 naturae
722 672 755 736 in
767 673 895 736 summis
906 673 995 738 bonis
1006 677 1168 754 ponerent
1190 672 1357 736 sedetiam

275 773 382 838 alten-is
403 773 512 851 tribue,
534 773 589 854 qui
611 791 751 838 mancam
772 773 1355 856 inreputavaruntsinealiquaacces-

276 876 362 940 sione
384 875 531 940 virmtem
559 876 598 940 ob
627 895 758 958 eamque
785 895 851 942 rem
874 877 967 941 trium
989 894 1098 941 earum
1120 894 1239 955 renum,
1273 895 1356 958 quas

236 979 258 1044 b
276 995 373 1058 supra
394 977 467 1055 dixi,
490 976 603 1058 singuli
624 977 764 1059 singulas
786 978 989 1057 addiderim,
1011 979 1061 1043 his
1083 985 1187 1042 tamen
1209 978 1356 1042 omnibns

275 1097 329 1144 eos
351 1085 514 1159 antepono,
536 1079 720 1144 cuicuimodi
731 1087 813 1159 sunt,
836 1081 890 1162 qui
901 1099 1054 1146 summum
1065 1079 1180 1144 bonnm
1201 1081 1232 1144 in
1248 1079 1356 1145 animo

274 1189 368 1262 atque
389 1181 421 1244 in
442 1181 751 1262 virtuteposnertmt.
796 1185 846 1248 31.
870 1183 933 1248 Sed
955 1190 1029 1246 sunt
1049 1187 1154 1246 tamen
1164 1182 1356 1262 perabsurdi

274 1291 307 1348 et
327 1283 357 1360 ii,
380 1283 432 1364 qui
449 1300 518 1347 cum
530 1282 658 1347 scientia
670 1283 775 1348 vivere
786 1283 928 1348 ultimum
940 1283 1100 1362 bonorum,
1123 1289 1156 1348 et
1171 1283 1224 1365 qui
1236 1284 1356 1348 nnllam

274 1403 379 1448 rerum
401 1383 608 1449 differentiam
619 1403 689 1450 esse
700 1384 853 1464 dixerunt
875 1393 971 1468 atquc
982 1386 1026 1450 ita
1043 1385 1216 1466 sapientem
1227 1386 1354 1450 beatum

216 1491 257 1553 10
274 1485 350 1564 lore,
373 1485 447 1550 nihil
459 1485 544 1549 aliud
554 1486 606 1550 alii
629 1492 785 1551 momento
796 1487 860 1552 ullo
872 1495 1119 1569 componentem,
1141 1491 1206 1566 out,
1229 1495 1264 1552 ut
1281 1487 1355 1568 qui-

273 1589 347 1653 dam
363 1587 539 1652 Academici
560 1587 758 1654 constituisse
780 1589 934 1668 dicuntur,
957 1595 1127 1656 cntrctnum
1146 1590 1297 1654 bonorum
1319 1593 1355 1654 et

219 1827 228 1844 ⁸
342 1831 364 1874 2.
384 1825 514 1875 ooturoC
551 1830 573 1872 9,
592 1825 637 1874 sed
649 1826 719 1874 motu
740 1853 770 1862 -
789 1826 895 1876 vitutem
914 1828 1013 1877 Nouius
1031 1844 1057 1892 p.
1078 1833 1122 1875 141
1162 1844 1269 1876 mancam
1287 1831 1354 1876 mim

264 1895 374 1960 sortcL
418 1893 606 1944 concessioncl’
659 1901 682 1942 4.
702 1911 828 1957 casumque
846 1896 963 1944 rernmP
1017 1901 1041 1949 5.
1059 1895 1158 1960 amyclis
1176 1897 1234 1960 (pro
1251 1895 1353 1960 emonii)

273 1978 359 2014 omnes
394 1961 489 2028 eloquia
508 1962 551 2012 LO
570 1961 678 2027 (sicquid
695 1961 794 2026 sinendis
813 1963 846 2018 Ol
883 1964 912 2012 iic
931 1965 975 2015 LC
1011 1969 1032 2012 6.
1052 1963 1117 2029 [anto
1132 1963 1202 2029 potui
1218 1963 1285 2012 modo
1304 1979 1355 2027 pro

273 2041 390 2096 ntalcpono
408 2029 548 2081 cuicuimodi
565 2030 598 2096 A]
649 2030 752 2080 cuimodi
768 2035 825 2095 (pro
842 2032 993 2097 cuicuimodi)
1012 2034 1031 2082 E
1050 2031 1183 2083 cuiusmodi
1200 2033 1354 2082 [919εέ93-

272 2101 375 2150 modiC
412 2104 507 2153 l.suot
526 2115 575 2150 om.
595 2099 646 2148 Mc
682 2105 704 2147 8.
723 2099 749 2147 lo'
766 2097 833 2166 [A]l.
867 2118 979 2149 sutttmnm
998 2101 1086 2149 domi]
1123 2100 1354 2166 lusorcbcntuml’

275 2175 312 2220 lb.
331 2177 506 2233 milleponentem
525 2177 567 2216 aul
585 2167 681 2230 quidam
701 2168 719 2215 E
738 2176 815 2233 antcp.
834 2177 859 2216 ut
877 2168 972 2233 quidam
991 2167 1156 2236 [AJLPMCR

274 2392 533 2468 (adGe11.11,8);
556 2392 646 2448 ceteri
668 2395 818 2450 cuiusmodi
824 2413 830 2462 ;
854 2393 1040 2450 emendatum
1064 2403 1109 2449 est
1120 2411 1138 2448 a
1151 2391 1296 2450 Lambino
1320 2393 1353 2448 in

272 2480 350 2536 curis
373 2479 518 2536 secundis.
564 2477 651 2550 Quod
674 2478 829 2553 Zumptius
851 2479 890 2536 ad
912 2481 998 2537 verr.
1021 2480 1060 2549 V,
1077 2480 1133 2536 107
1158 2478 1294 2535 dubitare
1307 2478 1355 2534 vi·

272 2566 371 2635 datur,
401 2583 439 2620 an
461 2581 605 2638 nusquam
628 2562 724 2637 ipsum
748 2566 908 2620 cuicuimodi
928 2565 959 2621 in
983 2563 1133 2621 codicibus
1155 2563 1284 2639 legatur,
1308 2563 1356 2619 ita

271 2651 317 2708 bis
340 2650 481 2725 scriptum
504 2657 549 2705 est
570 2648 601 2704 in
624 2647 688 2704 cod.
710 2649 806 2705 Panis.
829 2649 1075 2706 Tusculanarum.

359 2735 408 2792 31.
432 2735 490 2791 Sed
510 2745 573 2790 sunt
595 2732 695 2806 taown)
719 2734 819 2791 Media
843 2754 902 2792 vox
925 2734 1037 2791 excidit
1058 2734 1089 2791 in
1111 2733 1247 2809 pluribus
1270 2732 1355 2789 codi-

271 2822 355 2878 cibus
378 2819 583 2889 deterioribns,
607 2819 686 2892 apud
708 2819 785 2876 Dav.
809 2820 854 2876 El.
873 2816 997 2898 (umal),
1031 2819 1139 2890 Maad.‚
1162 2815 1249 2888 000,
1272 2818 1353 2875 Ball.

272 2907 422 2983 (noutmm
441 2904 521 2964 Oxx.
538 2903 714 2978 appellant),
739 2905 796 2962 Ox.
819 2923 845 2980 χ.
891 2905 1023 2965 Sciantin
1044 2905 1155 2961 bonnm
1177 2911 1241 2960 orat
1252 2903 1353 2974 Erilli,

272 2983 441 3067 ἀδιαφορία
463 2989 627 3066 Pyrrhonis
649 2998 678 3045 at
701 2990 870 3061 Aristonis3
893 2991 952 3048 vid.
975 2990 1013 3046 ad
1035 2991 1077 3062 ΙΙ,
1101 2989 1151 3046 43.

358 3085 387 3132 ut
398 3079 509 3150 quidam
523 3077 680 3132 Academici
690 3109 732 3116 --
745 3077 884 3154 dicontur)
909 3077 958 3135 Sic
970 3075 1051 3147 dicit,
1075 3075 1154 3149 quod
1175 3073 1220 3131 illi
1237 3072 1353 3132 nullum

272 3179 416 3219 summum
440 3162 549 3218 bonnm
572 3168 653 3216 certa
676 3161 823 3218 sententia
845 3160 1051 3219 defendebant.
1099 3151 1280 3225 Ta'locclcm
1296 3149 1354 3233 civ

272 3235 392 3321 ἐποχήν,
420 3245 587 3303 Arcesilam
611 3245 755 3316 docuisse,
780 3246 890 3305 Sextus
902 3247 1014 3323 Empir.
1026 3247 1231 3320 eitHypotyp.
1243 3243 1353 3319 Pyrrh.

271 3331 296 3400 Ι,
321 3331 381 3386 232
407 3331 473 3406 (cfr.
502 3330 639 3390 Clemens
665 3330 756 3388 Alex.
780 3331 888 3391 Strom.
911 3334 943 3391 Π
966 3351 995 3408 p.
1027 3333 1085 3389 179
1114 3329 1221 3406 sylo).
1265 3329 1354 3402 Quae

271 3416 332 3473 sint
342 3416 407 3473 visa
419 3409 622 3493 (φαντασίαι),
646 3417 696 3489 qui
709 3435 847 3475 assensus
858 3409 1135 3497 (συγκαταθέσεις),
1159 3432 1234 3489 quaa
1247 3432 1352 3471 eorum

271 3502 447 3558 sustentatio
470 3509 500 3556 et
521 3501 647 3557 retentio
670 3487 803 3580 (ἐποχή),
832 3511 934 3559 notum
957 3501 1005 3558 vel
1028 3519 1065 3557 ax
1087 3499 1276 3557 Academicis
1299 3498 1353 3556 Ci-

272 3587 387 3644 ceronis
410 3586 503 3644 libris.
547 3583 622 3662 [Sed
634 3585 663 3642 in
677 3585 810 3644 codicum
833 3587 1027 3663 plurimorum
1050 3594 1080 3642 et
1102 3585 1263 3642 editionum
1280 3593 1354 3641 ante

272 3670 381 3730 Gzium
409 3671 555 3745 scriptura
577 3667 798 3748 (summouentem,
822 3683 851 3730 ut
867 3669 992 3748 quidam)
1015 3689 1136 3745 prorsus
1153 3671 1259 3728 vitiose
1275 3670 1353 3726 heae

270 3755 518 3814 Academicorum
546 3755 730 3830 quorundam
758 3758 905 3816 sententia
932 3755 1103 3830 adiungitur
1124 3766 1273 3830 tamquam
1296 3773 1353 3811 ex·

271 3842 399 3917 emplum
423 3860 524 3899 eorum
547 3842 720 3913 sententiae,
745 3844 795 3917 qui
818 3834 1001 3918 ἀδιαφορίαν
1013 3842 1220 3916 sequebantur.
1243 3841 1353 3914 Itaque

270 3927 412 3984 hactenns
434 3935 513 3984 recte
537 3945 553 3983 e
575 3926 659 3983 codd.
682 3927 744 3984 Erl.
762 3938 791 3986 et
804 3928 881 4003 Spir.
894 3925 950 4005 [B]
973 3923 1352 4001 scripturstiuseffecit:

270 4023 327 4083 cut,
350 4023 388 4084 ut,
412 4031 471 4087 quo
494 4011 536 4082 iit,
559 4020 593 4068 ut
614 4012 687 4068 haec
709 4021 860 4088 tamqnam
882 4011 979 4070 forma
1006 4030 1065 4068 non
1093 4012 1136 4068 ita
1158 4012 1275 4068 diversa
1296 4009 1353 4067 ad-

270 4097 409 4174 iungatur
425 4098 501 4155 illis:
519 4107 543 4154 et
565 4099 723 4171 quinalium
736 4109 791 4156 cet
820 4098 928 4176 (Gzins
950 4099 1014 4172 ipse
1026 4099 1103 4154 male
1114 4095 1255 4171 suamab)
1289 4093 1354 4154 Sed

271 4193 368 4240 umen
380 4195 428 4242 out
440 4201 493 4259 pro
516 4191 545 4238 nt
567 4201 656 4257 saepe
673 4184 812 4242 mendose
830 4183 969 4242 scribitur
991 4181 1065 4258 (vid.
1076 4182 1132 4239 hoc
1144 4183 1220 4239 libro
1233 4181 1282 4251 49,
1297 4182 1351 4252 51,

271 4267 321 4324 lib.
344 4269 369 4340 Ι,
394 4271 422 4339 7,
448 4270 498 4339 47,
523 4269 573 4338 72,
596 4267 659 4344 ab),
682 4277 712 4324 et
734 4271 832 4345 aptius
849 4270 921 4326 haec
938 4268 1026 4326 tertio
1043 4268 1188 4325 sententia
1205 4283 1353 4341 exaequo

271 4351 385 4410 duabus
407 4353 609 4430 superioribus
631 4353 854 4432 adiungendum
878 4354 979 4426 idfiet,
1003 4355 1028 4412 si
1051 4354 1127 4410 hanc
1143 4353 1352 4410 fuissevaram
