2948 5024
337 396 399 462 678
727 415 771 462 nn
794 415 924 464 rinmus
948 417 1017 463 sou.

335 584 461 648 ductum
489 603 508 648 e
535 583 635 664 prima
663 585 927 651 commendatione
960 595 1089 652 naturae
1121 585 1226 650 multis
1258 583 1399 666 gredibu

335 685 487 764 ascendit,
524 693 560 750 ut
585 687 626 750 ed
654 705 806 752 summum
834 689 1027 768 perveniret,
1060 689 1144 769 quod
1173 686 1399 752 cumulamen

334 787 513 869 integritate
534 788 674 870 corporis
697 797 729 853 et
750 809 788 854 ex
809 789 920 854 mentis
943 790 1062 856 ratione
1083 789 1230 871 perfecte.

421 889 488 955 XV.
517 892 569 954 41.
605 891 681 956 Cum
703 891 798 972 igitur
819 909 856 956 ea
879 891 928 970 sit,
951 911 1045 974 quem
1068 893 1206 975 exposui,
1228 889 1330 956 forme
1352 907 1398 954 ne·

296 992 433 1072 ituree,
456 991 491 1072 si,
513 999 548 1056 ut
568 992 655 1058 initio
677 993 749 1070 dixi,
772 993 861 1058 simul
883 1003 978 1076 atque
1000 1003 1087 1060 ortus
1110 1003 1202 1072 esset,
1224 979 1258 1058 s'e
1275 993 1398 1075 quisque

334 1102 533 1176 cognosceret
553 1093 751 1176 iudicareque
772 1104 888 1176 posset,
911 1115 992 1178 quse
1014 1098 1061 1161 uis
1083 1105 1116 1162 et
1138 1095 1232 1160 tetius
1253 1103 1397 1160 essetne·

333 1202 423 1261 turee
444 1204 476 1261 et
496 1195 632 1278 partium
654 1197 859 1278 singularum,
887 1198 1030 1263 continuo
1060 1199 1192 1276 videret,
1226 1197 1301 1278 quid
1322 1205 1396 1260 esset

333 1297 399 1376 hoe,
422 1300 505 1380 quod
516 1299 703 1380 quaerimus
726 1298 861 1364 emnium
874 1319 987 1378 rerum,
1009 1319 1088 1382 ques
1111 1299 1395 1380 expetimus,sun1·

332 1419 417 1464 mum
439 1407 471 1465 et
491 1399 641 1480 ultimum,
663 1420 720 1466 nec
740 1400 846 1466 ullein
864 1421 898 1466 re
914 1420 1045 1484 peceare
1066 1411 1183 1484 posset.
1217 1401 1307 1466 Nune
1329 1417 1394 1464 vere

276 1503 353 1568 lOa
374 1503 475 1584 primo
496 1502 620 1584 quidem
642 1503 823 1568 mirabiliter
845 1505 965 1569 occulte
986 1513 1099 1568 nature
1122 1515 1170 1569 est
1193 1521 1249 1568 nec
1270 1501 1394 1585 perspici

405 1730 424 1774 1.
443 1724 534 1774 doctum
553 1724 596 1773 ΕΡ
664 1725 841 1776 commutatione
860 1727 882 1776 E
900 1726 1062 1777 communitate
1082 1725 1172 1776 tucn
1224 1730 1247 1776 2.
1269 1723 1335 1792 [quid
1350 1718 1390 1786 ih]

334 1797 355 1842 8.
378 1791 519 1861 [οτροιεωιιε
538 1792 586 1860 Eh]

332 1987 446 2042 οιηιιὲιιιη
467 1985 676 2061 appetendorum
697 1996 778 2062 atque
800 1987 908 2043 ductum
930 1995 985 2043 cet
1021 1987 1132 2042 Verum
1154 1995 1297 2042 extremum
1319 1999 1391 2057 erne·

332 2073 471 2128 tendinum
492 2066 540 2147 (ut
561 2089 691 2150 summunt
713 2069 852 2150 bonorum)
874 2081 983 2128 certam
1005 2071 1096 2128 hebet
1105 2070 1265 2138 notionem,
1287 2069 1321 2126 tle
1341 2083 1390 2140 que

332 2154 391 2214 dici
411 2155 523 2229 aliquid
545 2156 647 2230 possit,
670 2157 778 2214 ductum
800 2177 818 2214 α
835 2158 1158 2232 primacmmnendetione
1179 2155 1390 2230 descriptionem

331 2241 407 2298 elius
429 2241 557 2298 notionis
579 2241 653 2300 adeo
676 2241 870 2313 manifestam,
895 2251 928 2299 ut
948 2261 986 2300 ne
997 2241 1189 2320 grummsties
1199 2241 1314 2316 quidem
1324 2235 1390 2295 rstio

332 2325 462 2402 patiatur
483 2327 526 2383 sic
548 2325 620 2384 diei:
643 2329 752 2384 ductrcm
773 2349 790 2385 a
809 2331 901 2404 primu
923 2330 1145 2386 eornrnendutioue
1167 2327 1248 2403 (i.e.,
1270 2321 1390 2398 1⁶11,qu

332 2413 441 2469 drictum
457 2407 510 2490 est)
533 2413 653 2470 ascendit
675 2423 730 2470 cet.
764 2413 801 2471 Id
823 2413 983 2472 sentientes
1005 2413 1165 2472 Lambinus
1188 2422 1217 2469 et
1241 2409 1387 2470 Ernestius

332 2515 398 2554 oum
420 2496 705 2569 animadvertissent,
729 2499 807 2573 quod
828 2498 915 2557 facile
939 2507 1002 2556 eret
1023 2498 1138 2568 videre,
1172 2498 1229 2554 hoc
1257 2499 1387 2554 ductuere

327 2585 421 2658 prime
441 2585 663 2640 cometesdetione
685 2584 715 2642 in
737 2593 821 2660 perte
843 2583 1005 2660 praedicati
1027 2602 1107 2654 esse,
1135 2592 1168 2640 ut
1189 2582 1388 2660 signiiiesretur

332 2668 457 2726 extremi
479 2669 709 2745 appetendorum
732 2679 762 2726 et
782 2669 898 2726 initium
921 2679 951 2726 et
972 2687 1125 2738 aseensus,
1148 2678 1230 2743 atque
1252 2666 1387 2726 eiciebant.

331 2753 371 2810 Et
392 2752 524 2829 profecte
547 2753 711 2812 rectissime
727 2754 799 2812 haee
811 2766 840 2812 et
851 2754 946 2812 oratio
958 2765 988 2812 et
1000 2752 1145 2812 sententie
1166 2754 1238 2812 erit:
1261 2754 1305 2811 Sic
1314 2759 1387 2808 estre-

331 2859 403 2896 rnum
425 2842 538 2896 emnium
561 2850 660 2915 appot,
683 2841 791 2897 dustram
813 2859 830 2894 a
850 2843 941 2915 prima
959 2841 1311 2907 eornmendats'oneuaturue,
1331 2835 1386 2891 serd-

331 2927 365 2981 tis
385 2925 516 2998 yrudibes
539 2927 724 2982 ascenditeet
753 2925 864 2982 Verum
887 2925 916 2983 in
939 2925 1025 2983 initio
1043 2924 1206 2982 sententiae
1224 2929 1386 3001 aperissem
1463 2941 1464 2950 ¹

331 3009 428 3067 mendi
451 3009 576 3086 vestigia
598 3005 643 3088 (in
661 3013 759 3086 sieque,
783 3013 821 3068 sic
843 3008 891 3090 et),
914 3011 944 3068 in
959 3021 1048 3086 utque
1070 3011 1160 3069 nulle.
1204 3011 1308 3086 ltaque
1328 3008 1386 3064 hest

330 3094 388 3154 fuit
421 3095 563 3154 orationis
595 3094 706 3154 ferme:
740 3095 786 3154 Sic
813 3098 931 3154 estitit
965 3107 1108 3154 extremum
1137 3099 1253 3154 munium
1280 3103 1386 3171 appetet·

330 3182 426 3238 dorum
454 3191 550 3256 etque,
585 3183 693 3238 dentiam
715 3215 756 3224 -
779 3191 906 3254 venturae,
941 3184 1031 3240 metuis
1059 3191 1114 3239 eet.
1158 3182 1261 3258 Ipsum
1288 3193 1385 3255 quoque

330 3267 462 3336 verbum,
486 3266 565 3341 quod
586 3267 738 3338 exciderit,
762 3285 780 3324 e
802 3286 848 3325 me
869 3275 1018 3343 repertum
1041 3277 1127 3342 puto;
1157 3267 1305 3324 aberravit
1324 3262 1386 3320 enirn

330 3351 468 3410 librarius
491 3351 600 3410 codicis
622 3352 775 3428 archetypi
797 3352 827 3409 in
850 3352 956 3410 litteris
979 3363 1031 3410 ent.
1078 3349 1197 3432 [Iteque
1221 3369 1297 3409 nune
1317 3363 1385 3426 prse-

331 3445 418 3494 eunte
439 3436 560 3494 Bsitero
581 3433 721 3516 restitui]
750 3437 857 3514 (Gzius
879 3449 960 3514 atque
982 3438 1046 3496 vult
1068 3456 1132 3495 esse
1154 3448 1180 3494 et
1193 3439 1306 3512 quiden,
1327 3453 1386 3491 sesae
1461 3473 1462 3500 2

330 3521 402 3596 quid
423 3521 472 3578 hie
493 3521 562 3580 illae
584 3523 746 3598 particulae
769 3532 858 3600 egent
878 3534 931 3581 eut
953 3524 1003 3580 ubi
1026 3523 1067 3581 sic
1090 3533 1218 3598 ponetur
1239 3533 1327 3598 atqsu.
1352 3535 1387 3574 se·

330 3605 440 3682 curus.)
474 3607 589 3664 Deinde
611 3609 728 3666 Mersus
751 3619 780 3666 et
802 3608 972 3679 Lambinus,
995 3625 1171 3683 quamquem
1190 3607 1331 3685 scripture
1341 3621 1386 3660 ne·

331 3691 437 3750 liorum
459 3693 592 3750 codicum
615 3691 869 3776 (Er1.,spir.[ss],
893 3714 949 3772 mg.
962 3693 1052 3764 Crat,
1077 3689 1136 3774 El.)
1148 3697 1339 3752 commutatione
1349 3705 1386 3744 ce·

330 3777 444 3849 rebant,
466 3775 563 3851 fenile,
586 3779 616 3837 in
638 3798 671 3836 re
687 3781 860 3855 praesertim
882 3781 991 3837 totiens
1017 3779 1048 3837 in
1075 3780 1132 3837 hoe
1159 3799 1249 3855 opere
1280 3789 1386 3836 comme·

332 3871 444 3920 nrorete
477 3873 507 3921 et
535 3865 637 3922 eodem
665 3865 753 3922 etiarn
776 3865 894 3923 nemine
917 3885 1004 3941 saepe
1028 3874 1128 3923 notate
1151 3865 1198 3938 (ut
1216 3866 1257 3936 II,
1276 3865 1326 3934 35,
1350 3857 1387 3916 bic

332 3949 382 4021 33,
395 3951 445 4019 41,
460 3947 524 4028 46),
548 3969 650 4008 verum
661 3961 864 4027 reppererunt,
888 3971 962 4026 quos
973 3952 1044 4009 Ern.
1067 3959 1097 4007 et
1109 3949 1203 4010 Gzius
1215 3951 1306 4008 secuti
1321 3955 1386 4008 suni?

331 4033 491 4093 deteriores
508 4035 608 4112 (Pell,
632 4037 722 4094 ceteri
745 4037 836 4107 Desa,
860 4035 935 4112 ξχψ,
964 4035 1072 4095 Gelani
1093 4035 1217 4114 reliqui)
1240 4047 1269 4094 et
1292 4043 1386 4092 ceterae

331 4119 473 4178 editiones
495 4124 687 4178 eornmtmitate.
735 4122 894 4180 Cumulatur
915 4133 961 4180 est
982 4124 1126 4197 temptetur
1148 4131 1172 4178 et
1193 4123 1341 4180 absolvier.

416 4205 488 4282 Cep.
511 4207 581 4276 XV,
605 4209 655 4264 41.
689 4206 769 4266 Nune
791 4227 852 4266 vero
873 4203 1013 4286 aprime)
1036 4207 1108 4266 eod.
1126 4207 1220 4265 Mon:
1250 4206 1325 4264 nun
1340 4216 1387 4260 etro

331 4291 404 4363 qrtod
425 4294 580 4348 mirabiliter
601 4295 704 4350 occidte
726 4303 781 4351 nat.
805 4303 852 4352 est.
876 4313 922 4350 trec
944 4303 1009 4356 eet..
1033 4292 1156 4350 licenter
1180 4303 1292 4351 mutate
1312 4287 1388 4360 scrip·

331 4383 405 4432 tura.
451 4377 506 4433 Nee
528 4381 649 4450 coquoses'
669 4397 704 4436 eo
728 4379 814 4437 modo
836 4378 974 4456 negative
997 4377 1177 4454 adiungitur,
1204 4378 1239 4435 de
1263 4395 1317 4452 que
1336 4367 1387 4430 dixi
1458 4387 1459 4394 ¹
