3000 5044
355 400 399 446 ur
422 351 503 454 unm
527 399 589 444 mu.
606 397 640 445 1v
663 397 736 446 cnr.
762 401 869 448 ro-rs.
1091 379 1155 446 539

77 566 183 646 stimi,
206 567 233 632 si
254 585 305 649 ec,
332 586 413 649 quiae
434 573 523 634 extra
544 568 690 634 muntem
713 567 789 645 sint,
816 569 858 634 ad
879 567 970 634 beate
991 566 1156 632 vivendum

76 668 268 750 pertineant
314 669 405 749 Quod
425 675 525 736 tobim
546 677 655 736 conus
676 675 739 748 est;
777 669 932 735 introduci
953 668 1035 734 enim
1056 669 1156 734 rues

76 771 279 838 nullomodo
300 777 418 854 potest,
451 773 510 838 uisi
531 773 648 851 omnia,
670 789 751 854 quse
772 771 855 854 leget
873 789 1017 853 quaeque
1039 770 1156 850 reiciet,

76 893 177 938 unam
198 872 372 940 referentur
393 874 435 939 od
451 891 610 940 summum
643 873 725 939 Nam
746 874 772 940 si
795 873 917 938 omnino
939 873 959 953 i
981 871 1155 954 nosuegle·

76 994 205 1057 gemus,
237 976 269 1042 in
296 976 463 1042 Aristonea
488 975 565 1042 vitia
591 975 760 1042 incidemus
787 983 821 1042 et
846 982 974 1056 peccata
995 974 1195 1043 oblivisce-b

74 1097 226 1159 murone,
259 1096 338 1160 qrrae
359 1077 467 1144 virtuti
493 1078 555 1159 ipsi
575 1078 931 1159 principiedederimus3
964 1077 1013 1142 sin
1035 1095 1073 1142 ec
1094 1094 1157 1141 non

76 1180 281 1262 neglegemus
299 1198 399 1261 neque
414 1187 519 1246 tamen
530 1181 572 1246 ad
583 1179 675 1246 finem
687 1181 798 1246 summi
809 1179 882 1246 boni
893 1178 1072 1259 referemus,
1095 1195 1157 1243 non

76 1282 214 1347 multum
234 1281 274 1347 ab
295 1282 384 1348 Erilli
405 1283 529 1348 levitate
552 1282 780 1362 aberrabimus3
813 1282 945 1347 duarum
973 1281 1054 1346 enim
1075 1280 1156 1345 vita-

133 1457 154 1503 l.
174 1461 229 1501 ruat
246 1452 293 1504 EC
328 1451 437 1518 eleyr'ii
471 1451 559 1516 reficiet
569 1451 659 1502 EPCR
695 1459 718 1500 4.
737 1454 874 1518 reserantur
891 1449 1027 1503 uPcROr.
1064 1452 1156 1502 omuino

75 1539 107 1570 ea
126 1519 273 1586 aeplcqemas
291 1519 334 1571 Or.
387 1519 523 1587 recipimus
542 1535 628 1572 omnes
682 1524 704 1571 ⁵.
723 1521 850 1572 incideres
869 1529 963 1586 transp.
982 1527 1041 1585 post
1055 1529 1157 1584 peceato

76 1588 215 1708 resno
230 1588 677 1722 irrinlnunnrneu
697 1589 715 1638 Ε
992 1588 1158 1654 msc

75 1801 147 1856 enim
170 1807 284 1870 amaro,
307 1798 386 1873 quod
407 1799 540 1870 Mersus,
569 1797 664 1869 Crat,
687 1797 753 1870 alii,
775 1808 838 1855 tum
860 1798 1035 1867 Lambinus,
1063 1795 1157 1855 Gzius

75 1883 257 1942 asciverunt.
301 1882 359 1942 Sed
382 1901 436 1940 nec
458 1889 512 1941 iam
535 1893 635 1959 aptum
658 1893 717 1954 est,
740 1883 825 1958 qussi
847 1901 925 1940 nunc
938 1882 1029 1942 Stoici
1048 1881 1156 1955 dicant,

76 1970 159 2044 qnod
182 1977 269 2026 antee
290 1987 349 2026 non
371 1969 501 2027 dixerint
523 1968 630 2048 [multo
653 1969 771 2044 quidem
800 1969 906 2038 minus,
929 1967 1157 2043 quodBaiterue

75 2054 201 2130 recepit,
213 2051 354 2126 futurum,
366 2055 446 2129 quod
456 2053 528 2112 ferri
535 2063 644 2130 posset,
659 2055 685 2112 si
696 2057 768 2112 dices
777 2054 963 2126 scriberetur,
975 2049 1156 2133 deCetone],

72 2159 133 2198 nec
156 2140 228 2198 illae
250 2141 448 2198 correctiones
470 2141 649 2217 probandae.
693 2141 770 2198 Nem
795 2151 865 2196 'curn
893 2140 930 2196 de
951 2138 1158 2197 constituenda

78 2227 192 2284 virtute
214 2234 329 2302 agatur,
352 2235 385 2283 ut
406 2227 531 2283 firmum
544 2225 768 2284 fundamentum
791 2225 899 2282 hebeet
921 2235 951 2282 et
973 2233 1096 2296 constet,
1121 2223 1157 2283 de

76 2329 149 2370 vere
172 2311 283 2368 virtute
305 2311 423 2386 quaeri,
457 2311 531 2368 nibil
554 2330 628 2387 opus
651 2321 696 2369 est
717 2310 791 2380 dici;
825 2329 879 2368 nec
908 2311 1069 2385 quidquem
1096 2309 1157 2368 tels

78 2398 200 2456 additur
220 2405 272 2455 eut
294 2402 308 2468 ᾖ
333 2399 370 2454 41
401 2395 478 2474 (nom
505 2401 630 2454 cunstitui
656 2404 745 2454 vinus
774 2397 846 2454 nullo
873 2398 951 2454 modo
968 2405 1071 2472 potest,
1106 2394 1157 2453 ubi

78 2491 214 2559 opertum
237 2491 291 2552 est,
315 2483 416 2540 eedem
438 2483 531 2540 verbe
552 2483 693 2540 adversus
717 2482 833 2542 Stoicos
855 2479 1002 2561 converti)
1025 2480 1155 2551 eut545

79 2567 242 2646 (insonnori
261 2587 312 2624 non
332 2587 412 2643 posse
433 2565 570 2647 virtatem)
591 2576 645 2625 eut
667 2571 681 2638 ξ
707 2567 746 2625 54
769 2567 830 2646 (aec
851 2572 974 2626 virtutem
992 2585 1074 2642 posse
1095 2585 1156 2624 coa·

78 2661 182 2730 storc);
205 2661 236 2710 et
256 2671 366 2730 pravus
389 2662 435 2711 est
455 2655 613 2712 verborum
636 2653 708 2711 ordo
731 2653 761 2711 in
772 2653 919 2711 adiectivo
930 2661 961 2710 et
971 2652 1157 2711 substantivo

79 2739 257 2798 divelleudo.
301 2738 397 2798 Multo
420 2740 516 2797 minus
538 2749 637 2796 natura
658 2737 730 2796 ferri
752 2747 864 2815 potest3
898 2739 968 2813 quid
996 2747 1042 2796 est
1069 2738 1156 2811 enirn,

79 2835 186 2882 nutura
208 2824 347 2882 virtutem
370 2825 519 2896 constitui,
543 2835 573 2882 et
595 2823 853 2884 ouicontrarimn?
875 2843 916 2882 an
936 2835 983 2882 est
1004 2823 1157 2898 quaedam,

80 2929 155 2986 quae
177 2919 244 2967 arte
265 2909 479 2970 constituetur?
523 2911 591 2968 Nisi
612 2931 675 2968 num
703 2919 797 2968 totum
820 2909 967 2968 scribendi
989 2927 1088 2967 errore
1110 2927 1158 2966 or·

80 3005 141 3054 tum
166 3003 221 3068 est,
245 2996 346 3053 subest
367 2996 504 3054 mendum
517 2996 670 3054 occultius.
692 2996 788 3054 Paulo
800 3004 868 3071 post
878 2997 1027 3070 riduculus·
1038 3013 1076 3052 ex
1088 3013 1157 3065 uuo,

81 3082 116 3138 de
139 3100 199 3156 quo
221 3090 346 3152 constet,
368 3081 430 3140 uri.
453 3079 497 3162 [et
518 3077 558 3161 B]
581 3082 664 3152 dedi;
687 3099 805 3138 causam
829 3081 954 3156 exposui
976 3081 1014 3137 ed
1036 3081 1094 3151 ΠΙ,
1108 3080 1158 3137 70.

81 3165 207 3245 [Reficiet
229 3167 318 3224 etiam
340 3168 366 3224 B
388 3175 419 3224 et
443 3167 522 3226 Oxx.
544 3167 613 3240 Eun
637 3167 767 3225 correxit
789 3166 951 3224 Ascensins
977 3163 1083 3242 1511.]

166 3257 193 3310 ei
213 3257 317 3310 mancino
339 3257 356 3324 †
379 3273 427 3310 nos
448 3251 626 3327 aeplepernas)
650 3252 967 3312 Sinosnominativum
978 3251 1158 3328 putabimus,

83 3348 110 3396 et
131 3338 240 3396 vitiose
261 3337 438 3409 abundabit,
467 3357 533 3396 cum
562 3338 674 3396 nullum
693 3337 741 3395 hio
763 3355 908 3414 personae
930 3346 1071 3412 tunquam
1092 3335 1159 3394 aliis

83 3423 248 3482 contrariae
270 3423 351 3482 notio
374 3432 554 3482 momentum
566 3422 667 3494 faciet,
691 3432 721 3480 et
737 3422 952 3481 desiderabitur
963 3421 1159 3494 aecusativus,

82 3509 112 3566 in
134 3529 194 3584 quo
215 3509 389 3586 pracsertim
411 3509 526 3586 pondus
548 3509 668 3584 aliquod
691 3509 854 3567 sententiae
881 3509 934 3579 sit;
967 3508 1012 3566 sin
1040 3525 1159 3566 accuso·

83 3595 176 3652 tivum
198 3613 263 3652 esse
285 3595 474 3667 voluerimus,
503 3595 642 3672 graviora
663 3605 750 3652 erunt
771 3594 859 3665 vitie;
892 3613 960 3651 uam
988 3612 1084 3668 neque
1112 3612 1160 3650 uos

84 3680 119 3736 de
129 3699 263 3757 corpore,
287 3689 318 3738 et
339 3699 415 3754 quae
437 3681 475 3737 ed
497 3680 528 3737 id
549 3681 708 3756 pertinent,
730 3680 863 3757 intellegi
874 3689 981 3756 potest,
1005 3680 1056 3737 sed
1068 3679 1160 3736 multo

84 3767 176 3844 magis
198 3766 234 3824 de
257 3766 365 3838 animo,
389 3773 419 3822 et
441 3767 587 3840 sequitur:
610 3769 893 3840 commiscendum
916 3763 1103 3824 manifestum
1116 3772 1163 3821 est

86 3861 189 3922 sutem,
205 3851 364 3926 utrobique
375 3852 453 3909 idem
464 3852 611 3910 obiectum
624 3869 688 3910 esse
700 3852 816 3910 debere.
838 3852 944 3926 Itaque
960 3851 1008 3908 hic
1020 3849 1161 3908 Davisius

85 3955 137 4011 pro
149 3957 195 3994 noe
207 3937 347 3996 substitui
359 3937 473 3996 mavult
484 3938 563 4008 boec,
587 3936 681 3996 Gaius
692 3937 842 3996 Bromium
861 3955 987 4011 sequens
1003 3956 1035 3994 co
1051 3935 1160 4011 posuit,

86 4031 118 4078 ut
127 4023 230 4080 Lemb.
243 4023 342 4080 tacite.
375 4023 487 4082 Mirum
497 4032 605 4094 temen,
625 4024 676 4098 qui
689 4032 719 4081 et
729 4023 785 4081 boo
797 4023 941 4080 exciderit
958 4031 988 4079 et
1004 4039 1052 4079 nos
1063 4029 1161 4078 ortum

88 4107 137 4178 sit;
158 4127 227 4166 nem
250 4127 298 4166 nos
320 4127 352 4166 eo
374 4109 463 4166 scribi
486 4117 608 4185 propter
630 4128 704 4180 eam,
728 4127 816 4183 quam
838 4108 923 4166 initio
946 4107 1018 4178 dixi,
1042 4124 1161 4164 causam

88 4193 194 4268 nequit
238 4191 293 4275 [Et
320 4193 345 4252 si
373 4214 404 4252 eo
433 4194 462 4251 h.
484 4194 504 4272 l.
533 4193 638 4254 Cicero
660 4195 822 4270 posuisset,
856 4203 959 4270 postea
987 4213 1022 4251 eo
1052 4191 1161 4250 omisso

89 4277 223 4338 dixisset:
251 4284 295 4338 sair
316 4299 367 4338 aon
389 4282 456 4354 aopi.
501 4280 629 4338 Tentavi
651 4289 752 4351 nostro,
775 4279 873 4337 uteie
895 4279 992 4336 minue
1014 4277 1162 4336 subtiliter

90 4361 190 4422 Cicero
201 4365 368 4443 appellarit,
392 4384 467 4441 quse
489 4366 527 4423 ed
538 4384 593 4423 nos
604 4375 722 4442 praeter
733 4365 872 4424 virtutem
884 4365 1074 4441 pertinerent
1102 4363 1163 4424 Sed
