2956 5028
292 409 355 474 276
678 427 722 472 ue
746 425 877 472 sturnus
901 426 972 472 nou.

374 595 473 661 XXV.
507 597 557 661 80.
601 595 733 661 Faceres
754 599 789 658 tu
811 595 943 677 quidem,
966 595 1134 675 Torquate,
1156 593 1233 658 haec
1254 593 1378 672 omnia,

289 698 363 764 nihil
396 699 477 764 enim
510 697 647 764 arbitror
679 716 793 780 magna
824 697 917 762 laude
948 697 1076 780 dignum
1105 715 1190 774 esse,
1223 697 1309 778 quod
1343 707 1380 762 te

289 799 583 882 praetenuissurum
605 801 729 866 credam
751 806 807 864 aut
827 799 936 864 mortis
958 807 1014 864 aut
1034 781 1151 865 doloris
1173 805 1266 864 metu
1301 799 1379 864 Non

290 903 452 984 quaeritur
473 909 586 982 autem,
609 903 684 984 quid
706 908 839 968 naturae
866 911 939 967 brae
961 909 1204 988 cousentaneum
1226 901 1282 980 sit,
1315 903 1380 966 sed

251 1005 272 1068 5
290 1005 366 1086 quid
387 1005 577 1087 disciplinae
611 1005 703 1071 Retio
720 1005 790 1084 ista
813 1003 1067 1087 quamdeiendis,
1090 1011 1267 1086 praecepta,
1291 1020 1380 1085 quae

289 1106 433 1186 didicisti,
455 1125 536 1189 quae
556 1107 681 1189 probas,
703 1105 844 1172 bruditus
866 1113 1011 1172 evertunt
1032 1105 1206 1184 arnicitiam,
1228 1107 1380 1188 quamvis

289 1227 358 1274 earn
379 1209 542 1290 Epicurus,
564 1217 600 1274 ut
621 1207 704 1288 facit,
726 1209 758 1272 in
781 1209 900 1274 caelum
922 1207 1031 1273 efferat
1053 1207 1206 1273 laudibus,
1236 1210 1298 1281 „At
1320 1227 1379 1273 co·

288 1311 347 1376 luit
368 1311 435 1392 ipse
456 1311 635 1376 amicitias.“
682 1311 768 1392 Quis,
796 1329 929 1393 quaeso,
961 1309 1048 1375 illurn
1076 1317 1169 1392 negat
1197 1317 1229 1376 et
1256 1311 1380 1375 bonum

289 1413 390 1478 virum
412 1423 444 1478 et
465 1432 581 1478 comem
604 1421 636 1479 et
657 1411 827 1478 humanum
853 1412 971 1478 brissei
1021 1413 1069 1478 De
1095 1411 1217 1494 ingenio
1245 1413 1313 1477 eins
1341 1413 1379 1478 in

231 1517 272 1581 10
288 1514 337 1580 bis
360 1515 631 1598 disputationibus,
653 1535 715 1582 nou
738 1517 777 1582 de
799 1516 937 1581 moribus
960 1516 1130 1597 quaeritur.
1175 1515 1222 1580 Sit
1248 1515 1311 1579 ista
1341 1515 1378 1580 in

289 1617 480 1683 Graecomm
502 1617 629 1682 levitate
655 1617 867 1699 perversitas,
900 1618 954 1699 qui
980 1617 1151 1682 maledictis
1178 1617 1380 1682 insectantur

289 1737 351 1799 eos,
374 1718 527 1802 aquibus
549 1721 588 1786 de
610 1720 742 1786 veritate
768 1719 963 1786 dissentiunt
1016 1719 1078 1785 Sed
1106 1718 1246 1802 quamvis
1273 1718 1378 1783 comis

357 1911 380 1958 2.
400 1913 435 1956 est
457 1909 514 1972 (pro
536 1907 607 1966 codol
632 1909 649 1956 L
703 1907 765 1972 [me
791 1923 879 1972 mappa
901 1905 972 1957 laude
990 1905 1084 1972 dr'ywu
1104 1905 1137 1974 Α]
1198 1915 1257 1956 met
1274 1905 1298 1954 E
1321 1921 1378 1955 om.

290 1975 450 2054 LPMQltOr.
505 1981 530 2029 8.
549 1985 605 2025 ructu
624 1975 811 2042 (promurale
864 1975 1005 2055 toranelli
1058 1973 1166 2039 burred
1185 1973 1256 2094 [ΔὲΕ
1278 1975 1378 2054 0me

289 2048 312 2094 d.
331 2044 461 2094 ammutium
479 2053 584 2095 malunt
603 2047 619 2092 Ι,
673 2049 696 2094 Β.
715 2044 789 2108 preasi
805 2059 891 2095 omues
910 2051 989 2108 lquor:
1006 2047 1061 2108 puis
1082 2043 1112 2106 C)
1130 2053 1197 2110 :repet
1289 2046 1328 2094 12.
1351 2061 1378 2092 :a

289 2113 389 2164 umato
407 2113 430 2163 R

290 2251 388 2328 posito
411 2252 569 2309 subiecerit
591 2271 644 2326 quo
667 2255 754 2310 minus
777 2252 828 2329 (ad
840 2253 922 2310 Fam.
946 2252 1004 2319 HI,
1028 2253 1057 2321 7,
1076 2249 1120 2328 6),
1143 2251 1215 2308 item
1228 2251 1380 2326 puqnandr'

289 2333 404 2416 (Divin.
434 2337 465 2393 in
489 2337 576 2396 Ceae.
600 2339 653 2412 58)
676 2340 882 2412 consulnrdique
904 2333 1005 2418 (Verr.
1028 2334 1170 2411 111‚16),
1194 2354 1251 2392 non
1275 2335 1377 2392 audeo

290 2439 407 2498 negare,
431 2423 473 2479 sic
496 2423 553 2480 dici
576 2423 709 2498 potuisse
732 2421 779 2502 (ut
800 2432 893 2481 esset:
916 2442 974 2481 non
998 2441 1089 2480 conor
1106 2421 1254 2498 precando
1276 2421 1378 2496 irnpe-

289 2505 382 2582 dire);
405 2508 461 2564 etsi
483 2506 612 2565 vicinum
641 2518 672 2567 et
693 2509 791 2585 aptius
814 2517 878 2566 erat
900 2511 1036 2584 deprecor.
1064 2506 1243 2567 Incredibile
1270 2513 1377 2564 autern

288 2600 348 2664 est,
382 2593 485 2665 quales
512 2593 600 2652 buius
628 2594 686 2652 loci
713 2595 782 2651 inde
809 2613 827 2652 a
850 2595 974 2652 Davisio
1003 2603 1033 2650 et
1058 2591 1319 2668 interpretationes
1345 2601 1377 2649 et

288 2678 485 2736 correctiones
508 2679 692 2756 excogitatae
715 2681 788 2740 sint.
812 2698 878 2737 curn
900 2699 960 2737 non
982 2678 1211 2755 intellegeretur,
1229 2696 1281 2733 non
1304 2695 1377 2734 curn

285 2781 428 2840 precarer:
449 2765 479 2820 in
501 2783 590 2821 unam
613 2765 763 2822 notionem
786 2765 951 2823 coalescere
974 2765 1062 2840 etde
1085 2783 1121 2820 ea
1142 2761 1319 2839 interrogari
1344 2771 1378 2820 et

287 2849 356 2906 hinc
378 2849 506 2924 pendere
529 2869 583 2923 qrro
599 2853 695 2908 minus.
734 2847 861 2930 [Oresten
884 2869 921 2907 ax
946 2851 974 2908 Α
996 2844 1189 2927 restitutum]

374 2933 448 3009 Cap.
460 2935 563 3006 XXV,
589 2936 638 2992 80.
672 2937 781 3008 dipnum
804 2933 876 3015 esse)
899 2936 1083 2993 Infinitivum
1107 2933 1376 3002 omnesomittunt,

287 3019 323 3076 de
347 3019 430 3076 codd.
454 3028 594 3077 tacentes.
639 3018 729 3098 [Esse
750 3022 806 3078 hoc
828 3022 893 3097 ipso
916 3022 983 3079 loco
1005 3019 1056 3097 B.]

378 3104 454 3173 Ques,
477 3125 585 3180 prraeso.
608 3109 683 3164 illum
704 3102 797 3187 nepot)
831 3107 873 3166 Ut
894 3107 988 3164 nostri
1010 3105 1110 3176 codd,
1139 3113 1279 3178 quattuor
1302 3101 1377 3161 Gzii

288 3185 318 3268 (e
342 3189 421 3249 Gud.
448 3194 462 3248 1
487 3199 601 3249 tantum
624 3202 703 3265 nepot
724 3189 897 3269 annotatur)
926 3201 954 3248 et
983 3191 1047 3249 sine
1075 3189 1164 3247 dubio
1195 3187 1247 3245 alii
1269 3206 1377 3246 omnes

288 3285 340 3333 aut
361 3274 424 3333 iere
447 3295 558 3347 ornnes,
582 3277 646 3346 etsi,
671 3295 736 3334 cum
759 3277 848 3353 primi
871 3277 1000 3335 editores
1022 3275 1257 3334 substituissent:
1291 3277 1380 3348 quusi

288 3363 349 3434 qui:
372 3392 413 3401 —
436 3371 518 3436 repet,
547 3362 659 3437 primus
687 3363 830 3420 Davisius
858 3361 998 3432 attendit,
1033 3361 1084 3418 illo
1112 3358 1200 3418 modo
1228 3359 1376 3434 scripturn

288 3464 353 3504 esse
375 3445 406 3503 in
428 3448 498 3505 Par.
522 3447 540 3504 ³
564 3447 627 3523 (qui
646 3447 755 3522 quaer),
789 3448 882 3520 Ball,
916 3448 1029 3518 Mead,
1064 3463 1226 3519 verumque
1248 3445 1377 3502 invenit.

288 3531 367 3590 Oxx.
391 3550 429 3588 ex
451 3533 523 3610 Εχψ
546 3541 690 3590 annotant
711 3543 799 3607 nepot,
823 3534 859 3590 de
881 3537 943 3609 quui:
956 3535 1038 3608 quasi
1058 3539 1166 3602 tacent,
1190 3529 1260 3604 quia
1282 3529 1314 3587 in
1326 3549 1377 3587 or·

289 3616 356 3674 dine
380 3625 495 3675 tantum
518 3617 676 3676 verborum
699 3618 878 3675 variabatur.
924 3619 1002 3676 Turn
1015 3617 1072 3676 Ox.
1096 3617 1132 3686 E,
1155 3614 1235 3674 Gud.
1253 3618 1278 3685 l,
1303 3615 1377 3673 Bas.

289 3721 423 3760 comrnune
444 3723 499 3779 pro
521 3723 628 3773 omnen,
646 3701 757 3761 Gudt
781 3705 1000 3760 oomrnmdatum.
1028 3703 1086 3760 Hic
1110 3701 1181 3759 satis
1203 3699 1378 3758 defenditur

288 3807 394 3858 comm,
418 3788 498 3863 quod
520 3789 677 3846 subicitur:
701 3789 758 3846 Sed
779 3793 903 3864 quaracla
924 3791 1005 3846 cornis
1027 3797 1083 3845 cet.
1127 3788 1174 3844 Ac
1197 3805 1313 3856 vereor,
1337 3805 1377 3843 ne

288 3873 377 3930 etiarn
400 3872 430 3930 in
453 3871 518 3932 Cat.
542 3874 592 3943 59,
615 3875 666 3931 ubi
689 3893 767 3932 nunc
789 3875 887 3932 editur
908 3893 946 3931 ex
969 3873 1088 3950 optimis
1111 3891 1182 3929 saue
1205 3871 1376 3930 codicibus:

288 3975 448 4016 cmnmunem
471 3979 551 4033 erqo
573 3961 751 4034 Lysandrum
772 3971 797 4016 et
820 3961 974 4030 duracmum,
997 3957 1126 4030 librarii,
1150 3956 1229 4032 quod
1251 3956 1377 4032 plenum

224 4099 228 4106 ,
289 4053 366 4100 esset
394 4043 533 4124 (emnem),
575 4063 628 4120 pro
651 4045 826 4120 compendio
848 4043 1058 4119 frequentioris
1084 4043 1166 4101 vocis
1188 4042 1376 4118 acceperint;

289 4123 334 4207 [et
355 4149 445 4187 comen
466 4131 557 4187 habet
579 4131 642 4188 cod.
666 4131 820 4188 Leidensis
844 4149 862 4186 a
884 4131 980 4205 prima
997 4125 1109 4208 manu}
1145 4127 1223 4186 Nam
1247 4128 1377 4185 aliaest

290 4219 478 4285 commonitos,
502 4235 577 4290 quac
600 4215 630 4272 in
653 4215 757 4273 Laelio
781 4216 1015 4292 depostulans,
1039 4223 1102 4272 tum
1119 4233 1195 4289 quae
1207 4213 1287 4289 apud
1301 4212 1376 4273 Sve-

290 4297 403 4356 toniuur
426 4299 457 4356 in
479 4301 702 4376 imperantibus,
726 4319 791 4358 curn
810 4319 842 4358 se
864 4301 971 4358 ceteris
993 4309 1131 4376 aequant,
1154 4299 1302 4358 laudatur.

377 4387 458 4441 comis
479 4388 507 4442 in
529 4389 622 4444 annua
645 4384 764 4464 tuendis)
786 4386 1050 4462 Transponijuerit
1065 4386 1097 4442 in
1107 4384 1170 4442 Eri.
1182 4393 1213 4442 et
1224 4384 1305 4460 Spir.
1318 4382 1376 4463 [fl]
