2948 5024
290 391 352 456 734
681 409 724 453 nn
748 407 876 456 munaus
898 409 970 456 sou.

288 585 350 642 tem
372 578 562 646 adamasset,
596 577 675 642 alter
698 577 882 643 vacuitatem
905 579 1036 658 doloris,
1064 587 1174 644 neuter
1196 580 1358 645 honestate

288 697 396 746 carere
417 679 527 760 potuit,
549 697 629 759 quae
652 686 700 744 est
721 699 741 745 a
763 681 878 745 nostris
888 680 1016 745 laudata
1031 681 1169 746 maxime.
1205 684 1255 746 74.
1279 683 1357 760 Quin

289 781 382 846 etiam
415 781 476 862 ipsi
508 780 675 861 voluptarii
714 783 902 848 devertiuda
940 781 960 864 †
988 790 1140 864 quaerant
1168 789 1200 849 et
1229 784 1357 848 virtutes

289 883 424 948 habeant
448 883 557 948 inore
584 887 666 948 totos
694 884 760 950 dies
793 886 1046 966 voluptatemque
1075 885 1239 951 dumtaxat
1260 886 1357 967 primo
1463 879 1464 936 ἶ

250 986 391 1066 dexpeti
423 985 540 1065 dicant,
578 986 690 1051 deiude
722 987 943 1052 consvetudine
976 987 1066 1069 quasi
1098 987 1229 1052 alteram
1262 1006 1356 1070 quan·

288 1088 360 1152 dam
398 1097 540 1153 naturam
575 1086 668 1166 effici,
701 1107 763 1169 qua
794 1089 919 1171 impulsi
952 1089 1049 1154 nndta
1081 1088 1212 1169 iaciunt,
1245 1090 1355 1155 nullam

359 1291 887 1346 1.MmauisthPROr.MmordraC
930 1295 1050 1344 donatote
1068 1293 1156 1344 onul'
1200 1300 1223 1344 ³.
1243 1305 1353 1360 quanam

288 1359 331 1410 Or.
352 1361 416 1418 taine
434 1365 506 1424 nota)
542 1362 684 1410 uirtuteml,
720 1370 742 1412 t.
761 1362 846 1412 labent
864 1362 907 1413 Or.
949 1361 1026 1432 primo
1044 1361 1169 1412 dumtaxat
1199 1364 1353 1426 (LPlCROr.

288 1435 310 1478 5.
330 1427 409 1479 dieunt
427 1429 470 1479 Or.
508 1429 628 1494 quandam
646 1445 695 1480 om.
716 1429 801 1481 LPCR
840 1431 928 1481 nullam
948 1460 976 1468 -
997 1439 1088 1482 resinat
1106 1431 1204 1482 Nonius
1222 1449 1247 1498 p.
1267 1436 1314 1482 8711

288 1647 463 1708 statuantur,
486 1637 627 1714 intellegi,
651 1638 675 1695 si
698 1657 772 1714 opus
784 1650 838 1710 est,
861 1648 958 1715 potest
969 1658 1006 1697 ex
1018 1639 1050 1696 II
1061 1640 1096 1696 de
1109 1639 1192 1699 Orat.
1205 1641 1257 1712 85,
1274 1641 1352 1698 Brut

290 1723 358 1789 165,
381 1723 476 1780 Aead.
498 1724 523 1794 I,
540 1725 576 1780 19
590 1733 619 1780 et
632 1723 681 1791 36,
705 1724 740 1781 de
763 1725 801 1782 N.
813 1725 851 1782 D.
863 1725 904 1794 H,
919 1725 973 1796 323
996 1726 1091 1800 primo
1109 1727 1280 1784 etaeoundo
1291 1726 1351 1782 loeo

288 1807 470 1880 Schuetzins,
482 1818 587 1884 quarto
599 1809 761 1881 Ernestina,
785 1811 887 1885 quinto
900 1811 1054 1868 Ernestius
1071 1821 1100 1868 et
1112 1811 1352 1888 wyttenbachius

287 1893 390 1952 offensi
413 1903 489 1954 sunt.

374 1981 422 2038 74.
456 1979 526 2048 Qua
548 1983 627 2037 etiam
650 2015 691 2022 -
713 1991 846 2058 quoerant
868 2014 908 2022 —
932 1982 1046 2038 labeant
1068 2014 1108 2022 -
1132 1979 1238 2060 dicatu)
1271 1983 1350 2040 Hanc

286 2066 448 2124 orationem
471 2065 607 2123 vitiosam
630 2084 705 2136 esse,
728 2066 811 2122 multi
834 2075 996 2123 senserunt
1051 2067 1128 2124 Nam
1157 2067 1236 2141 quod
1264 2065 1350 2125 Gaius

287 2151 383 2227 fingit:
406 2154 471 2225 quia
483 2151 633 2226 quaerant?
654 2169 733 2209 esse:
757 2171 859 2208 uariam
876 2154 1023 2210 sollicuria
1044 2153 1116 2210 ur'cltt
1137 2154 1207 2210 auelt
1229 2154 1349 2220 allelmi,

286 2255 381 2310 neque
402 2239 467 2310 quia
489 2237 700 2312 interrogative
722 2237 778 2294 nisi
801 2237 830 2294 in
854 2237 1036 2295 exhortando
1059 2239 1239 2314 cumprime
1261 2247 1290 2295 et
1310 2256 1350 2294 se-

286 2321 381 2378 cunda
402 2339 529 2397 persona
549 2322 702 2379 indicativi
725 2322 831 2379 dieitur
853 2333 904 2380 aut
926 2341 991 2380 eum
1014 2323 1115 2394 tertia,
1144 2324 1168 2381 ai
1191 2342 1227 2382 ea
1248 2323 1349 2380 inora-

286 2407 365 2464 tione
398 2407 474 2464 aliua
505 2408 652 2464 narranda
690 2408 719 2465 in
753 2409 898 2465 secundae
932 2409 1027 2465 locum
1062 2409 1218 2480 suecessit,
1253 2419 1296 2476 et,
1328 2407 1348 2465 si

286 2492 426 2569 seriptum
449 2501 527 2550 esset
538 2496 641 2568 quidni,
664 2512 700 2551 ea
716 2493 811 2551 ironia
828 2493 1012 2570 ineptissima
1028 2505 1113 2558 esset,
1136 2494 1276 2569 quoniam
1287 2513 1348 2555 non.

286 2578 355 2652 quid
378 2578 537 2653 voluptarii
560 2597 650 2654 prave
671 2577 791 2645 faciant,
815 2580 866 2636 sed
888 2579 958 2654 quid
980 2579 1010 2636 hi
1033 2598 1150 2654 quoque
1166 2578 1349 2637 reetefaeare

286 2672 437 2740 cogantur,
461 2664 638 2733 ostenditur3
662 2673 691 2721 et
713 2665 831 2722 omnino
854 2665 884 2721 in
906 2665 952 2721 his
975 2665 1087 2722 verbis:
1116 2669 1181 2740 quin
1203 2669 1282 2722 etiam
1303 2666 1351 2741 ipsi

287 2751 430 2824 voquttorii
451 2747 623 2806 manifestus
646 2759 691 2806 est
713 2751 854 2808 orationis
876 2768 1014 2808 aseensus
1031 2751 1061 2806 in
1074 2751 1280 2808 enumerandis
1291 2749 1349 2826 phi·

286 2834 426 2909 losophis‚
449 2834 500 2908 qui
522 2835 682 2910 particulae
704 2835 813 2892 veteris
835 2836 996 2893 sententiae
1019 2835 1227 2911 decerpserint.
1252 2835 1347 2915 (Quod

284 2918 313 2975 in
336 2929 409 2976 orat.
432 2939 486 2995 pro
497 2920 608 2978 Milone
622 2921 660 2977 65
684 2921 805 2998 legitur:
828 2925 891 2995 quin
914 2925 992 2977 etium
1013 2923 1164 2978 oredimdua
1179 2925 1268 2996 suerit
1290 2929 1347 2987 oet,

284 3005 307 3061 si
332 3023 434 3062 sanum
453 3013 506 3075 est,
531 3004 712 3064 Garatonins
734 3015 812 3063 reete
836 3006 986 3082 exposuit;
1010 3007 1140 3064 sednon
1164 3019 1209 3064 est
1227 3005 1347 3082 sanum.)

283 3091 346 3148 lam
369 3100 415 3148 ter
436 3090 627 3149 indicativum
649 3111 791 3168 reponere
814 3111 879 3148 eum
901 3091 1045 3149 Lambino
1067 3091 1347 3150 etErnestioaudax

283 3177 413 3244 videtur3
436 3185 465 3234 et
486 3186 654 3234 tamennon
667 3177 824 3234 difficulter
836 3195 963 3234 errorem
976 3178 1006 3233 in
1019 3177 1112 3253 primo
1125 3179 1216 3234 verbo
1234 3187 1347 3254 propter

283 3266 348 3336 quia
359 3262 545 3320 commissum
569 3258 635 3340 (cfr.
649 3261 747 3322 Somu.
762 3261 840 3337 Seip.
853 3263 903 3319 o.3
917 3261 986 3340 (14)
997 3266 1062 3337 quin
1084 3267 1202 3338 (rapuimus
1225 3283 1279 3340 pro
1291 3265 1347 3337 quin

282 3343 394 3424 mapalia)
418 3347 475 3404 duo
497 3347 612 3422 reliqua
634 3349 724 3406 verba
746 3348 829 3422 sequi
845 3355 1012 3423 potuerunt.
1041 3349 1089 3404 Ad
1105 3349 1221 3407 codices
1233 3349 1346 3424 propius

281 3433 404 3503 aceedit,
428 3433 641 3506 quodDavisio
663 3434 815 3508 placabat:
837 3441 969 3508 qrmerunt
996 3433 1052 3509 (sie
1065 3433 1169 3512 Ball),
1194 3445 1223 3490 ut
1246 3439 1346 3491 nimum

282 3529 336 3576 eet.
354 3517 423 3596 (hoe
441 3527 495 3588 est,
516 3523 553 3575 ita
572 3515 623 3598 ut).
656 3520 762 3593 Itaque
779 3537 843 3575 oum
860 3519 997 3595 ambigua
1014 3529 1091 3576 esset
1102 3520 1255 3578 eorrectio.
1274 3537 1345 3576 men·

282 3605 349 3661 dum
372 3613 505 3660 notatum
527 3605 642 3680 reliqui.
681 3603 850 3683 [Dunttmrot
857 3607 946 3679 ptimo
962 3623 998 3660 ex
1011 3603 1072 3662 Erl.
1084 3615 1113 3660 et
1125 3605 1150 3662 B
1162 3597 1345 3680 restitutum]

365 3691 549 3746 competentiae
560 3694 641 3764 qnasi
652 3689 922 3765 alterumquaudam)
937 3689 1153 3748 Consuetudinem
1165 3701 1233 3766 post
1241 3693 1345 3748 Ascen-

280 3775 355 3832 aium
367 3784 397 3832 et
407 3774 518 3833 Aldum
530 3776 564 3832 P.
577 3777 727 3833 Manutius
739 3795 765 3832 a.
786 3777 881 3846 1555,
904 3775 1065 3832 Lambinus
1087 3775 1261 3850 codicesque
1277 3773 1346 3833 Pell.

279 3861 425 3931 meliores,
448 3862 474 3918 si
497 3859 627 3920 Grutero
643 3861 797 3932 oredimus,
818 3871 848 3918 at
858 3859 984 3918 fortasse
1007 3859 1091 3940 (nam
1114 3861 1284 3938 typothetae
1305 3877 1345 3916 er·

280 3965 360 4004 rasse
372 3945 521 4024 videntur)
534 3947 688 4004 Davisiani
701 3957 768 4004 tres.
798 3945 935 4005 Correxit
948 3946 1011 4022 ipse
1023 3947 1103 4004 Man.
1115 3957 1245 4021 posteae
1268 3943 1343 4002 codd.

280 4031 375 4088 Tertii
387 4042 417 4089 et
434 4031 548 4109 Sigonii
567 4031 670 4110 (Oxx,
694 4041 832 4107 quattuor
843 4031 920 4104 Gaii,
934 4029 1013 4110 [B]).
1041 4033 1194 4101 erorulam.
1217 4031 1291 4106 quod
1303 4047 1343 4086 ee·

280 4117 334 4173 teri
352 4117 499 4190 omittunt,
521 4118 601 4177 Crat.
617 4119 648 4175 in
661 4127 799 4175 contexta
811 4118 954 4188 oratione,
977 4118 1057 4175 Man.
1074 4117 1104 4174 in
1116 4119 1277 4193 posteriore
1288 4113 1342 4172 edi·

279 4201 358 4259 tione
370 4221 407 4259 ex
419 4203 522 4261 iisdem
532 4205 696 4264 codicibus.
719 4202 812 4262 Gaius
824 4222 861 4260 ex
872 4203 934 4260 Erl.
947 4213 976 4260 et
989 4203 1065 4279 Spir.
1078 4201 1133 4281 [B]
1151 4204 1341 4260 restituerunt.

280 4287 356 4344 Tum
368 4291 536 4364 projectam
546 4290 603 4346 Th.
614 4290 765 4347 Bentleius
777 4301 806 4346 et
823 4289 976 4346 Ernestius
992 4293 1110 4364 jociani,
1133 4289 1278 4363 quomodo
1298 4284 1340 4344 ci-

280 4391 347 4430 oero
370 4375 497 4431 seribere
520 4375 634 4441 debuit3
662 4394 756 4449 neque
779 4375 856 4431 enim
879 4375 926 4431 hio
950 4375 985 4432 de
1008 4375 1240 4450 voluptariorunr
1263 4370 1341 4429 lactis
1385 4393 1390 4407 ·

107 4772 394 4966 t
