2956 5028
312 381 376 448 250
706 400 751 446 nu
773 399 904 448 amisus
926 401 997 447 son.

311 568 420 632 datum
451 572 501 632 est
534 566 668 632 testium.
718 568 801 645 Quid
827 568 930 634 enim?
962 573 994 634 te
1026 569 1143 650 ipsum,
1176 570 1392 652 dignissimum

312 667 481 734 maioribus
502 667 575 746 tuis,
597 669 783 750 voluptasne
804 669 935 748 induxit,
957 675 993 736 ut
1014 671 1266 736 adulescentulus
1288 673 1391 753 eripe·

312 789 364 836 res
392 769 426 834 P.
454 769 558 834 Sullae
584 770 800 835 consrdamm?
849 771 949 849 Quem
982 791 1052 838 oum
1084 773 1126 838 ad
1153 779 1276 855 petrem
1303 781 1392 839 tirum

311 871 501 950 rettulisses,
534 869 736 936 torussimum
758 873 874 952 virum,
906 874 1009 955 qualis
1040 874 1093 940 ille
1124 874 1175 940 vel
1206 876 1316 941 consul
1344 876 1392 941 vel

274 973 389 1044 bairis
411 991 481 1039 cum
504 990 636 1055 semper,
658 977 725 1038 tum
747 975 1038 1054 postconsulatum
1059 975 1133 1040 fuiti
1173 976 1244 1054 Quo
1266 976 1392 1058 quidem

312 1083 442 1141 auctore
463 1075 603 1156 nosipsi
625 1093 663 1140 ea
683 1075 847 1156 gessimus,
869 1082 906 1141 ut
926 1077 1069 1142 omnibus
1090 1078 1194 1160 potius
1206 1096 1301 1159 quam
1312 1079 1392 1160 ipsis

312 1177 400 1244 nobis
423 1176 678 1242 consuluerimus.
727 1179 778 1242 63.
806 1179 849 1242 At
870 1195 963 1260 quam
980 1179 1110 1260 pulchre
1120 1178 1223 1244 dicere
1234 1179 1391 1257 videbare,

383 1387 403 1430 l.
422 1381 513 1431 tatinum
531 1389 566 1432 eet
582 1379 670 1430 dr'rtrua
688 1379 809 1434 LPMCR
848 1387 870 1430 4.
893 1379 1026 1449 [retulisses
1044 1380 1079 1450 Δ]
1140 1387 1164 1431 5.
1186 1399 1239 1432 eum
1261 1399 1355 1446 suaper
1373 1383 1391 1432 E

310 1459 357 1500 tum
375 1466 466 1514 suaper
482 1450 511 1498 M
529 1459 565 1499 ert
580 1465 671 1515 suaper
689 1449 710 1498 P

401 1622 476 1692 Quid
496 1625 584 1680 enim!
605 1632 630 1680 te
657 1625 745 1698 prtum
773 1617 844 1702 cet.)
876 1623 946 1682 vid.
974 1633 1180 1700 argumentum
1202 1624 1270 1681 libri
1293 1623 1392 1699 primi.

311 1708 459 1766 Damnate
483 1707 567 1768 Sulla
588 1707 773 1766 consulatum
795 1707 911 1784 aceepit
931 1709 1207 1785 Torquatuspater,
1234 1726 1294 1766 non
1318 1709 1392 1785 legis

310 1792 410 1868 aliquo
432 1795 574 1870 praemio,
597 1793 650 1851 sed
671 1791 702 1850 in
724 1793 823 1850 locum
833 1811 960 1851 vacuum
971 1801 1097 1866 creatus.
1142 1789 1221 1872 (cfr.
1239 1812 1293 1870 pro
1307 1793 1391 1854 Sulla

311 1881 351 1937 49
375 1889 405 1936 et
428 1880 483 1948 503
506 1879 609 1937 eodem
632 1877 719 1936 modo
741 1877 981 1955 intellegendum,
1004 1879 1084 1954 quod
1105 1877 1213 1936 dicitur
1233 1898 1288 1955 pro
1300 1877 1391 1936 Plan-

311 1964 357 2022 cio
380 1964 431 2038 79,
454 1983 513 2040 quo
536 1963 602 2022 loco
624 1981 683 2021 non
700 1962 847 2021 satisfacit
858 1964 929 2021 milri
940 1964 988 2021 vir
998 1963 1186 2022 doctissimus
1196 1964 1391 2037 Wunderus.)

396 2052 486 2124 qualis
507 2051 552 2106 ille
573 2051 615 2106 uel
635 2051 729 2106 omssul
749 2050 791 2105 vel
811 2053 1001 2125 cium—post
1021 2044 1202 2131 consumtum)
1225 2049 1389 2126 Significat,

310 2143 344 2192 ut
354 2135 469 2210 opinor,
492 2134 637 2210 Torquati
659 2132 816 2216 Uortrsabzi
824 2137 949 2204 consulib,
972 2154 1026 2210 pro
1039 2133 1124 2194 Sulla
1137 2135 1186 2206 30,
1209 2134 1238 2190 in
1256 2134 1320 2192 Pis.
1333 2133 1389 2214 78)

310 2219 495 2296 vigilantiam
517 2219 548 2276 in
571 2219 712 2296 periculis
734 2219 936 2295 reipublicae
959 2219 1142 2289 domesticis;
1175 2238 1243 2277 nam
1271 2219 1303 2276 in
1327 2221 1390 2276 eius

310 2323 420 2362 annum
442 2304 547 2362 incidit
567 2305 649 2381 prior
670 2303 818 2364 Catilinae
840 2323 907 2362 cum
924 2304 1034 2364 Pisone
1045 2303 1225 2375 coniurati03
1247 2300 1324 2384 (vid.
1336 2323 1389 2381 pro

311 2389 396 2450 Sulla
412 2392 446 2447 11
472 2408 546 2465 sqqs
570 2389 691 2450 Sallust
714 2389 780 2449 Cet.
806 2391 844 2447 18
867 2399 897 2448 et
922 2391 970 2462 19,
993 2391 1104 2448 Asson.
1126 2391 1165 2448 ad
1186 2409 1229 2448 or.
1251 2390 1281 2446 in
1302 2389 1339 2447 T.
1356 2389 1389 2449 C.

309 2496 339 2552 p.
364 2477 423 2534 110
441 2485 471 2532 et
491 2477 560 2547 117,
587 2475 647 2533 Dio
670 2475 752 2535 Cass.
768 2475 922 2546 XXXVI,
941 2477 992 2546 44,
1015 2475 1081 2533 Liv.
1098 2474 1390 2552 epit101,8reton.

308 2561 367 2620 Iul.
391 2560 440 2637 9);
463 2560 591 2618 uliares
613 2559 737 2619 illustris
758 2560 797 2617 ab
809 2579 844 2618 eo
861 2571 944 2638 gesta
960 2560 1018 2618 uon
1031 2568 1285 2620 commemoratur.
1314 2561 1389 2618 Eum

309 2657 407 2704 tamen
431 2665 540 2704 annum
552 2645 653 2716 fuisse,
676 2646 727 2720 qui
744 2645 836 2703 firmis
846 2645 1017 2704 oonsulibus
1028 2655 1137 2722 ageret,
1160 2646 1289 2704 ostendit
1301 2646 1390 2704 etiam

309 2733 360 2790 lex
372 2732 468 2807 Papia
480 2732 516 2789 da
527 2731 691 2808 peregrinis
708 2732 781 2788 urbe
797 2731 942 2806 pellendis
959 2731 1020 2788 lata
1031 2740 1061 2788 et
1072 2750 1148 2807 quae
1160 2731 1196 2789 de
1208 2731 1264 2807 leg.
1273 2749 1337 2807 ngr.
1348 2731 1389 2800 Π,

310 2819 351 2874 44
374 2816 585 2892 significantur.
629 2817 703 2874 Post
730 2816 915 2874 consulatum
942 2817 1113 2892 Torquatus
1140 2815 1292 2876 Ciceronis
1322 2834 1389 2874 con-

309 2902 382 2960 sulis
405 2902 595 2960 consiliorum
623 2901 771 2977 particeps
800 2899 858 2959 fuit
885 2903 950 2978 (pro
974 2901 1059 2960 Sulla
1087 2902 1140 2976 34)
1163 2919 1288 2976 eumque
1313 2901 1389 2978 peri-

309 2987 460 3046 clitantem
487 2996 593 3063 postea
619 2987 760 3044 adiuvare
788 2995 911 3044 conatus
938 2995 984 3044 est
1012 2987 1057 3066 (in
1080 2987 1182 3045 Pison.
1205 2988 1244 3043 77
1268 2994 1299 3043 et
1323 2985 1388 3064 78).

309 3073 503 3132 Macedoniae
524 3072 741 3129 administratio
764 3080 795 3129 et
816 3071 994 3148 supplicatio
1021 3073 1060 3130 ob
1082 3091 1130 3130 res
1153 3072 1194 3129 ibi
1216 3081 1317 3148 gestes
1340 3072 1389 3129 de·

309 3169 391 3216 creta
412 3158 508 3216 minus
529 3158 588 3214 huc
610 3157 738 3234 pertinet
760 3156 804 3233 (in
827 3157 888 3214 Pis.
912 3159 979 3228 44).
1021 3157 1058 3214 In
1080 3157 1224 3234 proximis
1241 3155 1388 3216 Catilinae

309 3244 543 3302 coniurationem
565 3261 738 3318 oppressam
760 3251 790 3299 et
812 3241 933 3300 axilium
956 3241 1116 3318 significari
1134 3242 1388 3300 manifestumest.

394 3322 616 3408 consuluerimus)
666 3327 725 3386 Ox.
757 3321 788 3398 ξ,
828 3326 906 3386 Gud.
944 3331 958 3384 l
993 3330 1197 3386 consuleremus.
1246 3327 1294 3384 De
1334 3328 1388 3385 hoo

308 3431 416 3490 genero
439 3413 563 3489 perfecti
585 3422 653 3488 post
675 3424 718 3482 ut,
753 3413 789 3469 de
812 3430 870 3486 quo
882 3411 954 3472 Otto
976 3423 1045 3488 post
1065 3414 1251 3490 Kruegerum
1275 3412 1320 3489 (in
1344 3431 1388 3468 ae-

308 3499 405 3556 eundo
421 3498 493 3557 fasc.
527 3497 740 3572 Quaestionum
763 3496 901 3574 greum.)
930 3517 983 3556 suo
1011 3517 1092 3556 more
1114 3516 1271 3556 excursum
1294 3497 1388 3573 scrip-

308 3583 362 3656 sit‚
395 3584 535 3660 exposuit
561 3592 591 3641 et
617 3582 755 3658 exempla
782 3582 903 3660 collegit
922 3583 1084 3642 Putaehius
1110 3583 1141 3640 in
1162 3583 1262 3641 Iahnii
1283 3584 1387 3642 Anna·

307 3669 381 3727 lium
408 3667 621 3745 supplementis
648 3668 707 3726 vol.
737 3668 753 3726 Ι
785 3687 814 3743 p.
838 3669 878 3726 66
906 3686 970 3743 sqq.
1025 3669 1071 3726 Eo
1105 3669 1203 3745 posito
1240 3668 1387 3744 posterior

306 3773 356 3812 res
378 3754 474 3811 minus
496 3773 588 3831 prope
611 3772 677 3812 cum
700 3753 798 3829 priore
821 3753 1006 3811 connectitur
1027 3772 1081 3811 nec
1098 3753 1272 3830 simpliciter
1283 3753 1387 3810 eodem

307 3847 440 3916 tempore
462 3839 636 3910 includitur,
665 3839 716 3897 sed
739 3855 871 3896 seorsum
899 3838 1066 3898 distinctius
1087 3839 1263 3915 concipitur.
1295 3838 1387 3896 Velut

306 3924 363 3982 hoc
385 3925 450 3984 loco
473 3941 532 3983 non
554 3933 624 3997 tam,
646 3925 745 3982 animo
767 3923 825 3980 iam
848 3925 1089 3999 adpraeteritum
1111 3933 1227 4001 tempus
1242 3924 1386 3982 translato

308 4018 338 4066 et
360 4009 389 4067 in
413 4020 622 4080 comanente,
654 4027 747 4086 genus
775 4018 805 4066 et
832 4018 938 4067 natura
959 4018 1227 4088 rerumgestarum
1256 4028 1295 4066 ex
1318 4027 1385 4068 eon·

308 4095 458 4153 secutione
480 4095 517 4153 iis
539 4096 678 4154 adiuncta
704 4095 884 4165 ostenditur,
918 4114 1020 4170 quem,
1054 4095 1154 4154 animo
1181 4095 1219 4152 ed
1246 4111 1385 4170 praesens

308 4189 425 4257 tempus
457 4190 607 4252 revocato,
641 4181 748 4238 iterum
781 4179 906 4256 perfecti
940 4181 1081 4257 temporis
1114 4182 1206 4239 verbo
1239 4179 1384 4256 signifiea-
1459 4195 1460 4198 ’

307 4273 370 4334 tur,
398 4265 501 4340 quales
528 4275 632 4343 postea
659 4266 757 4324 exitus
784 4264 853 4322 illae
880 4283 928 4323 res
955 4265 1121 4324 habuerint.
1170 4265 1261 4341 Apud
1293 4265 1384 4321 histo·

307 4348 394 4420 ricos,
417 4349 588 4409 Cornelium
612 4351 755 4421 maxime,
782 4350 813 4407 in
836 4350 892 4408 hoc
913 4370 1021 4427 genere
1043 4352 1217 4428 simplicitas
1240 4350 1382 4424 quasdam
