3034 5030
381 434 424 478 nr
450 433 530 479 unm
548 433 612 478 eno.
629 431 665 478 m
689 433 763 479 cnr.
782 436 858 479 n-n.
1107 413 1171 479 355

93 601 247 682 loquemur
268 603 353 666 inter
375 620 434 666 nos
457 619 649 684 agemusque
661 601 873 666 eommuniter.
908 601 969 666 Sed
987 600 1170 678 reddamur,

93 704 193 784 inquit
218 705 245 768 ei
266 704 381 785 placet
427 705 539 786 Itaque
561 701 699 767 ierimus,

170 807 227 871 ΠΙ.
264 809 313 870 10.
337 807 420 870 Tum
441 806 507 871 ille:
543 805 593 869 Tu
615 815 729 883 autern,
752 823 822 869 eum
844 805 912 886 ipse
934 813 1054 870 tentum
1077 803 1171 869 libro-

94 927 154 971 mm
176 909 304 982 habeas,
327 926 408 989 quos
430 907 479 972 bie
502 909 629 972 tandem
640 907 796 988 requiris?
819 907 1064 972 Commentarios
1076 925 1170 988 quos-

93 1011 166 1079 dnm
188 1011 326 1092 inquom,
352 1009 564 1088 AristotelioS,
587 1027 667 1092 qnos
696 1009 746 1074 hio
768 1010 902 1074 sciebam
925 1027 1009 1086 esse,
1043 1009 1114 1074 veni
1136 1011 1209 1075 ntb

93 1111 249 1191 auferrent
273 1131 353 1194 quos
376 1113 522 1193 legerem,
544 1113 618 1176 dum
642 1131 744 1176 essem
767 1113 901 1190 otiosum
934 1112 1019 1193 quod
1046 1110 1170 1192 quidem

94 1215 174 1279 nobis
203 1233 265 1280 non
299 1233 396 1296 saepe
424 1214 584 1295 contingit
635 1215 736 1291 Qnmrn
764 1215 890 1293 vellem,
923 1213 1038 1294 inquit,
1071 1219 1103 1277 te
1130 1213 1170 1276 od

94 1315 207 1382 Stoicos
228 1317 459 1382 inclinavissest
504 1317 584 1380 Erat
604 1315 695 1392 enim,
718 1316 745 1380 si
767 1317 959 1398 unusquam,
982 1323 1066 1380 certe
1084 1323 1172 1378 tuum

95 1418 161 1483 nihil
189 1431 318 1501 praeter
346 1420 495 1484 virmtem
522 1418 554 1483 in
582 1417 673 1482 bonis
700 1419 823 1483 dooere.
874 1417 968 1496 Vide,
1002 1435 1041 1481 ne
1063 1416 1171 1498 megin,

94 1519 221 1600 inquam,
244 1531 334 1586 tuum
356 1520 459 1598 suerit
482 1539 552 1586 oum
575 1539 611 1584 re
620 1519 703 1585 idem
714 1519 779 1598 tibi,
801 1520 885 1600 quod
896 1519 980 1598 mibi,
1003 1519 1170 1596 videretur,
1189 1525 1231 1590 10

95 1641 148 1686 non
177 1633 321 1689 novate
348 1623 443 1688 rebus
471 1621 598 1688 nomina
625 1621 794 1704 imponere.
839 1621 932 1686 Ratio
960 1621 1040 1686 enim
1063 1629 1172 1686 nostre

159 1866 180 1910 l.
201 1860 255 1941 [que
273 1879 323 1912 orn.
344 1862 393 1928 Eh]
431 1860 579 1912 resideamus
597 1860 761 1910 LPMCROr.
803 1865 824 1908 2.
846 1859 994 1924 defecimus
1014 1860 1035 1908 Ε
1071 1865 1093 1911 1.
1113 1875 1171 1923 quoe

96 1930 163 1977 omi?¹
181 1929 302 1998 tumn:
357 1935 380 1983 5.
400 1929 532 1980 Aristotilis
552 1931 570 1978 E
590 1927 757 1980 Aristotelem
777 1928 892 1978 [Proca
949 1933 972 1976 6.
995 1929 1109 1992 afferrem
1127 1927 1172 1976 E?

98 1997 115 2042 1.
134 1996 193 2048 Post
209 1999 276 2050 nobr'r
294 2001 352 2049 add.
372 1999 434 2048 neret
450 1999 499 2048 κίε
518 1999 592 2047 PMR
614 1999 650 2047 sic
673 1997 865 2048 caeteteris
888 1997 953 2048 coe
1007 1995 1082 2060 inquit
1102 2005 1128 2046 ut
1149 2005 1171 2045 te

97 2062 187 2116 Lince
239 2073 262 2116 Β.
284 2068 345 2134 [moi
361 2084 408 2134 pro
427 2067 522 2119 seona
542 2065 571 2134 A]
619 2065 800 2117 wmwac
854 2071 876 2115 9.
895 2065 956 2116 uitet
969 2073 1067 2129 promer
1085 2091 1115 2102 -
1135 2064 1170 2114 iu-

98 2148 159 2194 qtmru
177 2146 239 2186 tuum
258 2153 309 2187 om.
329 2137 350 2185 P
390 2141 429 2188 to.
438 2135 519 2200 suerit
537 2145 563 2184 ut
581 2135 604 2184 r'u
621 2153 648 2185 re
665 2135 687 2183 L
696 2133 778 2200 suerri
795 2133 818 2183 iu
836 2151 862 2184 re
880 2133 901 2182 P

98 2342 169 2399 nnniln
181 2344 332 2420 praeeedit
343 2343 546 2419 interrogatio.
570 2353 603 2400 ut
615 2341 693 2400 infre
705 2343 743 2414 V,
769 2343 808 2398 27
832 2351 861 2398 et
872 2343 961 2400 nunc.
985 2342 1027 2412 Π,
1042 2343 1091 2413 67,
1115 2342 1170 2400 etei

98 2429 243 2504 utrobique
266 2429 387 2486 additur
404 2449 522 2504 prorem
550 2428 617 2504 (cir.
646 2427 681 2486 de
710 2427 793 2486 Oret·
817 2429 863 2496 ΙΙ,
893 2429 933 2484 44
956 2437 1024 2504 pont
1045 2427 1170 2486 iuterro-

98 2514 258 2594 potionem).
305 2516 378 2572 Mox
407 2515 443 2570 de
471 2517 623 2571 residamus
644 2514 703 2570 vid.
727 2513 765 2570 ed
787 2514 834 2584 Π,
858 2514 913 2582 59;
947 2513 1097 2571 hebebant
1128 2515 1171 2571 eie

98 2598 177 2656 etium
200 2601 336 2658 Lambini
360 2600 428 2658 libri
451 2599 665 2675 manuscripti
693 2597 759 2677 [B].

175 2685 245 2761 Cap.
269 2687 329 2754 111,
356 2687 402 2743 10.
438 2705 506 2760 quoe
529 2684 715 2760 diodoridem)
744 2679 858 2764 [Aliter
881 2683 1054 2744 Ciceronem
1077 2685 1170 2760 serip-

100 2767 163 2826 niene
186 2772 320 2848 suspicor
343 2772 380 2828 ob
403 2771 520 2827 oodioee
533 2770 614 2846 (nam
627 2771 652 2828 B
665 2789 783 2844 qnoque
806 2772 857 2837 nio,
881 2789 937 2826 om.
951 2769 1031 2845 quoe)
1049 2779 1079 2827 et
1090 2771 1169 2844 quod

99 2851 213 2913 debebat
236 2857 294 2914 dici
318 2876 386 2931 quos
408 2859 516 2914 taudem
539 2859 589 2913 bio.
635 2856 757 2913 Fuitne:
780 2859 848 2930 quid
870 2859 955 2934 (quit)
978 2853 1120 2934 undoni]

179 2945 388 3000 (bunummrioo
410 2943 542 3016 quosdam
566 2937 749 3021 onocoetae)
783 2943 919 2999 Formam
943 2942 1082 3000 adieetiri
1105 2959 1169 2999 eor-

100 3027 169 3083 rexit
190 3027 278 3086 Grut.
302 3048 318 3084 e
342 3027 406 3084 Pal.
434 3029 448 3083 1
474 3036 504 3084 et
526 3027 665 3084 Lambini
688 3027 787 3094 tibrim
811 3027 889 3104 Spir.
903 3023 958 3105 [B]
981 3027 1098 3099 utErl.‚
1122 3045 1169 3084 ce-

101 3112 147 3166 teri
169 3113 235 3171 Gzii
260 3124 291 3170 et
313 3107 377 3188 ΰξχ
400 3113 530 3170 deterius
553 3121 682 3170 servent.
706 3113 770 3170 Hos
783 3112 889 3171 Cicero
912 3131 1088 3188 quamquem
1101 3113 1169 3171 ideo

99 3198 260 3269 nominavit,
285 3207 319 3257 nt
341 3199 485 3256 sermonis
507 3199 625 3256 initium
649 3207 737 3270 esset,
761 3217 796 3255 eo
818 3207 917 3255 tomen
935 3199 1116 3256 commodius
1139 3198 1169 3254 id

97 3277 168 3351 feeit,
191 3285 270 3359 quod
293 3284 452 3342 multorum
475 3284 649 3341 Aristotelio
677 3285 819 3342 librorum
848 3285 964 3342 codices
991 3284 1043 3341 itia
1071 3293 1169 3342 eetete

99 3381 171 3425 rurus
192 3370 285 3428 fuisse
308 3379 411 3427 notum
435 3379 487 3426 eet
533 3368 635 3448 [Quod
659 3379 726 3444 post
748 3371 823 3426 nobie
845 3370 1009 3427 addebatur
1030 3374 1100 3427 meoet
1116 3373 1169 3427 ecio

100 3447 148 3515 (nie
169 3452 245 3512 enim
269 3456 335 3512 edd.
358 3465 430 3511 vett.
459 3455 574 3531 plures,
611 3455 695 3512 codd.
719 3455 798 3513 Oxx.
822 3467 851 3512 et
874 3455 942 3514 Gzii
965 3465 1084 3532 praeter
1105 3455 1167 3512 Erl.

100 3548 124 3591 et
145 3539 232 3616 Spir.;
257 3541 323 3598 edd.
345 3540 415 3597 inde
437 3559 456 3596 e
477 3541 613 3598 Manutio
637 3551 666 3596 ut
686 3542 768 3615 soie),
797 3541 828 3598 id
839 3559 926 3612 nuno,
950 3541 1106 3598 accedente
1130 3542 1167 3597 nd

100 3619 158 3680 illos
179 3625 251 3683 dnos
275 3621 331 3706 (Β)
354 3625 442 3682 etiam
466 3626 636 3684 testimonio
666 3627 729 3683 eod.
752 3629 791 3696 Α,
816 3626 1010 3684 omittendum
1032 3626 1103 3693 fuit,
1139 3639 1168 3684 et

100 3709 226 3768 omiserat
249 3712 399 3769 Baiterus.
441 3711 529 3771 Unde
553 3721 651 3768 temen
674 3721 769 3768 ortum
794 3714 847 3779 eit,
877 3708 1000 3792 neseio]
1051 3713 1167 3771 Deinde

101 3797 186 3854 remu
209 3809 233 3854 te
254 3797 386 3854 restituit
403 3795 550 3854 Gruterus
563 3816 578 3853 e
593 3797 688 3855 Pati
708 3809 738 3854 et
755 3799 850 3855 tribue
865 3809 937 3856 uett.
961 3799 1044 3856 libris
1066 3799 1095 3855 iu
1109 3817 1167 3875 mg.

99 3882 295 3954 repetitionum
313 3882 574 3940 Lambinienerum
588 3881 660 3960 [B];
684 3895 711 3940 ut
733 3883 925 3959 interponunt
947 3883 1026 3944 Oxx.
1050 3902 1166 3950 omues:

102 3959 165 4022 Dur.
187 3977 216 4026 et
239 3967 333 4026 Gzius
357 3977 463 4024 tacent.
507 3967 588 4024 Raro
611 3968 725 4031 Cicero.
750 3988 803 4024 nee
826 3980 923 4027 temen
943 3989 1112 4045 numquam,
1136 3971 1165 4026 in

99 4053 217 4123 optando
240 4053 318 4110 dixit
341 4055 425 4122 velim,
450 4065 478 4110 ut
494 4057 596 4127 ‚focium
620 4057 719 4112 velleio.
745 4067 773 4111 ut
795 4055 848 4130 (od
869 4057 933 4113 Art
957 4057 997 4126 Χ,
1016 4057 1104 4126 16,1,
1129 4055 1166 4112 nd

100 4131 170 4194 Foru.
193 4140 264 4208 vll,
289 4139 339 4208 31,
364 4139 393 4207 2,
416 4139 474 4210 xl,
502 4141 549 4210 18,
575 4140 603 4203 3,
627 4160 680 4215 pro
704 4139 778 4200 suit.
805 4145 831 4210 1,
855 4141 986 4218 Philipp.
1000 4143 1086 4203 VIII.
1101 4142 1165 4216 31).

173 4245 223 4281 non
246 4245 314 4281 nono
337 4235 361 4280 te
383 4225 461 4281 rebem
483 4229 589 4282 nornine
611 4227 757 4304 inponere)
785 4227 821 4284 Te
843 4237 873 4284 et
895 4239 1165 4285 contraeonnvetu-

100 4303 185 4366 dinem
207 4321 238 4367 et
260 4319 364 4367 contre
386 4311 531 4368 rationem
553 4311 685 4369 abundet
712 4323 781 4388 poet
808 4323 881 4369 tuum
904 4325 957 4383 eet;
991 4333 1058 4370 uam
1087 4314 1165 4370 ectio

99 4395 231 4463 quaedem
254 4415 307 4472 per
330 4414 361 4453 ee
384 4394 490 4476 (opere)
518 4397 625 4456 dieitur
652 4397 777 4456 alieuius
800 4416 879 4463 esee,
914 4417 973 4455 non
1000 4400 1078 4457 ectio
1105 4399 1165 4456 iem
1248 4435 1250 4440 ,

907 4515 959 4568 23*
986 4525 989 4530 '
