2928 5012
333 409 439 474 XXIV
773 425 969 472 salernum.

334 598 474 680 priorum
503 597 657 677 scriptura
686 613 792 660 errore
822 596 945 659 detorta
973 615 1043 660 esse
1076 604 1143 674 aut,
1180 597 1262 678 quod
1290 615 1326 660 ea
1355 607 1415 661 aut

334 726 396 772 non
419 705 649 786 intellegeretur
677 713 731 768 ant
758 703 828 783 ipsa
855 703 964 768 leviter
991 705 1163 784 depravata
1191 713 1275 768 esset
1300 705 1414 768 autin

333 814 391 878 bos
419 814 505 878 initio
533 813 730 893 neglegenter
759 811 962 892 transcripta,
996 813 1037 876 ad
1064 810 1275 877 difficultatem
1297 811 1415 876 tollon-

334 923 405 986 dam
432 929 487 986 ant
508 921 652 985 mendum
680 920 895 984 occultandum
923 920 1096 999 excogitata
1123 939 1200 984 esse.
1246 921 1355 1001 ltaque
1378 921 1415 984 in

333 1029 490 1112 prioribus
512 1029 585 1105 illis,
615 1028 642 1092 si
664 1028 824 1092 consilium
852 1033 883 1092 et
905 1027 1049 1092 voluntas
1069 1028 1212 1093 universe
1239 1033 1416 1109 spectatur,

334 1137 448 1202 codicis
471 1136 629 1218 archetypi
652 1135 808 1217 scriptura
831 1134 964 1200 fideliter
986 1143 1170 1200 conservata
1193 1143 1224 1200 et
1235 1147 1417 1218 propagata

334 1251 391 1320 est,
415 1251 549 1325 suntque
570 1244 613 1308 ilb
636 1245 788 1322 medones,
810 1244 842 1308 in
865 1243 913 1308 bis
936 1263 972 1308 oa
994 1244 1176 1326 saepissime
1192 1245 1416 1326 interpolando

334 1359 482 1435 corrupta
504 1361 563 1418 est.
596 1355 699 1434 Atque
721 1351 753 1416 id
776 1360 840 1416 tam
862 1359 910 1416 est
932 1351 1136 1432 manifestum,
1159 1362 1195 1417 ut
1211 1353 1416 1418 etaBremio

334 1461 584 1526 animadversum
607 1461 648 1524 sit
669 1469 701 1524 et
723 1469 834 1540 postea
852 1459 1054 1526 aGoerenzio
1083 1467 1114 1524 et
1136 1461 1203 1524 aliis
1225 1462 1339 1542 duplex
1363 1461 1415 1525 fa-

333 1569 417 1633 miba
439 1569 578 1632 codicum
600 1577 848 1633 commemorata.
883 1569 943 1634 Sed
966 1569 1057 1634 iidem
1082 1569 1218 1651 (tantum
1234 1569 1351 1648 aberat,
1377 1579 1418 1634 nt

333 1677 557 1758 intellegerent
580 1676 671 1757 quale
693 1683 793 1740 totum
815 1675 873 1741 hoc
895 1676 1060 1742 discrimen
1083 1686 1166 1742 esset
1188 1683 1218 1741 et
1236 1695 1328 1758 quam
1346 1679 1415 1741 rim

333 1784 462 1850 baberet
483 1785 523 1848 ad
545 1803 665 1849 omnem
688 1783 932 1850 testimoniorum
955 1786 995 1850 de
1017 1784 1146 1865 siugulis
1167 1784 1242 1849 locis
1264 1785 1415 1850 aestima-

334 1891 462 1964 tioneml
490 1892 671 1973 saepissime
698 1893 729 1956 in
760 1893 899 1974 apicibus
928 1893 1164 1958 deterrimorum
1186 1893 1322 1956 codicum
1345 1893 1414 1957 iac-

334 2000 598 2078 tandislusernnt,
621 2001 811 2066 Goerennius
834 2001 927 2066 etiam
939 1999 1017 2066 falsa
1028 2001 1068 2065 de
1080 2000 1234 2064 codicibus
1252 2003 1415 2066 narrando

334 2115 432 2172 totam
460 2107 644 2172 familiarum
677 2109 905 2174 distinctionem
940 2109 1082 2190 plurimis
1114 2108 1190 2172 locis
1223 2109 1413 2174 obscuravit.

334 2215 530 2294 veronna,
564 2216 696 2296 uldini,
730 2235 813 2295 esse,
843 2217 976 2298 primum
1000 2218 1167 2281 ostendunt
1190 2215 1414 2296 additamenta,

334 2323 468 2405 quaein
490 2323 600 2388 iisdem
621 2325 777 2390 codicibus
796 2325 926 2390 haerent
952 2325 1067 2406 partim
1094 2331 1267 2400 casanata
1294 2325 1413 2404 partim

334 2431 581 2512 interpolatione
603 2433 635 2497 in
657 2433 756 2498 altero
779 2452 892 2514 genere
915 2453 976 2498 non
1000 2439 1082 2497 sunt.
1128 2433 1240 2497 Casum
1268 2443 1299 2495 et
1321 2451 1413 2495 erro-

335 2557 400 2603 rem
423 2539 545 2617 babent,
568 2559 648 2621 quae
670 2542 694 2618 1,
706 2543 747 2606 26
771 2541 930 2606 adduntur
953 2541 1073 2621 (etenim
1095 2546 1167 2619 cet.)
1190 2547 1219 2604 et
1242 2541 1265 2617 1,
1279 2541 1321 2603 30
1343 2547 1414 2616 (ro-

333 2643 479 2725 loptotem
491 2648 580 2711 eriora
593 2649 665 2726 cet)
679 2649 715 2730 Ι1,
738 2649 1008 2730 interpolationem
1019 2646 1222 2724 manifestam,
1234 2664 1313 2729 quae
1332 2649 1355 2722 1,
1367 2651 1415 2712 50

306 2769 311 2782 ·
334 2762 410 2836 (non
425 2759 525 2834 potest
544 2757 625 2837 ficri)
648 2767 680 2821 et
702 2757 741 2834 11,
757 2758 795 2820 12
819 2755 884 2838 (sed
903 2755 982 2836 sorte
1003 2757 1126 2834 dicitas),
1151 2758 1188 2820 11
1214 2755 1343 2836 (dicere),
1370 2757 1411 2819 lu

335 2863 425 2942 (qui),
447 2865 489 2927 44
512 2867 677 2944 (tractarat
699 2869 734 2927 rrt
755 2864 920 2950 sapueras),
943 2867 985 2930 aa
1008 2865 1245 2942 (condoleat),
1274 2865 1313 2928 61
1338 2862 1412 2939 (lm-

334 2969 400 3034 bere
421 2971 538 3034 testium
560 2977 686 3050 soteri),
709 2974 751 3037 92
764 2976 896 3056 (procur),
918 2972 1077 3053 multaque
1097 2991 1155 3052 per
1177 2979 1296 3035 ceteros
1312 2971 1412 3035 libros

334 3077 453 3143 simma
498 3080 616 3145 oenoe
637 3081 717 3146 uem
740 3081 900 3146 uaeramus
920 3065 1017 3146 veroa
1037 3081 1068 3144 ru
1090 3081 1139 3144 ms
1161 3079 1301 3143 omnious
1326 3079 1412 3144 coor-

334 3185 420 3250 cibus
442 3189 551 3252 eadem
574 3189 698 3268 omissa
721 3189 813 3268 velut
837 3197 872 3253 nt
894 3189 1013 3253 minora
1036 3188 1177 3268 exempla
1193 3205 1315 3267 ponam,
1337 3188 1411 3263 ΙΙ,2

334 3295 440 3376 (carru).
463 3298 483 3358 r'r
506 3299 624 3374 (irone),
649 3299 665 3362 1
692 3298 806 3380 (rere),
835 3297 878 3361 20
899 3297 1031 3377 (parom).
1059 3304 1094 3360 ut
1115 3295 1298 3376 insigniora,
1321 3297 1344 3373 Ι,
1367 3297 1412 3358 bt)

334 3404 434 3486 (nora),
458 3403 552 3482 11‚·2o
576 3403 643 3485 tpro‘
663 3403 736 3468 traco
762 3441 794 3451 —
821 3403 922 3482 soleat,
945 3405 998 3469 ubl
1020 3403 1175 3484 inpaucis
1197 3423 1243 3481 ea
1265 3421 1411 3484 quaeer-

334 3509 482 3587 cideraut,
505 3511 566 3575 alio
588 3513 655 3576 loco
678 3521 815 3577 retracta
837 3517 933 3591 sunt),
957 3513 993 3590 V,
1007 3514 1044 3576 11
1069 3511 1264 3590 (romo'totcm
1286 3509 1410 3590 doloris)

334 3627 365 3682 et
389 3619 428 3681 111
452 3619 582 3697 (etiarnsi
605 3617 679 3682 nibil
700 3623 911 3700 consequare),
946 3639 1046 3702 neque
1068 3621 1169 3684 minus
1192 3627 1276 3684 certo
1298 3618 1410 3683 indicio

334 3725 500 3790 vorbormn
522 3727 781 3807 transpositiones
804 3747 996 3806 communes,
1025 3739 1059 3792 ut
1080 3729 1118 3799 l',
1134 3729 1176 3792 59
1199 3724 1288 3804 (nibil
1309 3725 1412 3806 itaque

333 3832 467 3912 oruplr'rrs
487 3853 545 3914 pro
568 3833 643 3898 ailad
664 3833 797 3915 cupidius
818 3835 934 3916 r'taprrc)
957 3846 988 3901 ot
1010 3838 1051 3900 112
1076 3853 1229 3914 impressa
1253 3833 1412 3896 introlero

334 3959 392 4020 pro
415 3961 556 4020 capr-esar
582 3963 649 4006 vcro
671 3943 701 4006 in
725 3944 783 4022 iis).
828 3944 991 4009 Postremo
1020 3943 1139 4008 accedit
1166 3941 1264 4006 omnis
1292 3941 1412 4022 rebqua

367 4222 384 4265 'l
404 4217 430 4265 ln
452 4221 535 4279 priore
554 4219 611 4268 loro
631 4219 751 4270 llorrltus
775 4233 802 4269 sr
822 4219 898 4278 burc,
912 4223 952 4280 „ln
977 4227 1062 4269 vetere
1080 4217 1214 4280 quodam
1233 4218 1409 4279 manuscripto

402 4301 506 4352 rodite⁸
527 4309 670 4367 repperisse
688 4307 730 4358 alt.
750 4305 881 4368 quomodo
900 4307 931 4354 dr
950 4317 998 4354 suo
1017 4305 1187 4353 lllomellorls
1203 4303 1303 4365 generis
1323 4308 1407 4362 {quem

403 4390 454 4437 lam
473 4393 512 4438 ter
529 4395 603 4440 ariter
623 4391 768 4454 appellarltl
788 4403 931 4453 rruorqnam
952 4389 1072 4452 loquitur.
