2920 5012
333 385 376 451 80
726 403 771 449 nn
792 401 924 451 rrmnus
946 403 1018 450 eon.

330 573 502 655 percipitur
525 573 607 637 omni
629 573 735 638 dolore
757 573 906 638 detracto.
948 572 1029 637 Nam
1052 571 1211 654 quonlam,
1245 590 1313 635 cum
1338 572 1395 652 pri-

332 694 442 740 vamur
463 675 583 752 dolore‚
605 674 673 755 ipsa
694 674 876 741 liberatione
897 685 929 740 et
949 674 1105 740 vacuitate
1126 674 1226 739 omnis
1247 673 1396 740 molestiae

331 778 510 860 gaudemus,
532 795 623 841 omne
643 785 747 842 autem
768 777 810 856 id,
832 796 894 859 quo
916 779 1096 861 gaudemus,
1119 775 1266 857 voluptas
1287 783 1347 854 est,
1367 785 1397 840 ut

331 897 435 960 omne,
468 898 529 961 quo
552 878 749 958 offendimur,
781 881 885 959 dolor,
908 879 1024 946 doloris
1046 879 1146 944 omnis
1167 879 1300 960 privatio
1322 889 1397 944 recte

243 989 256 1040 t
291 981 489 1048 innominata
510 988 559 1047 est
577 982 730 1064 voluptas.
773 981 818 1048 Ut
838 983 929 1062 euim,
951 1001 1019 1047 cum
1036 981 1103 1046 cibo
1121 987 1152 1046 ct
1166 981 1293 1062 potione
1307 980 1397 1046 fames

331 1084 460 1166 sitisque
482 1084 613 1166 depulsa
634 1092 691 1164 est
713 1085 782 1167 ipsa
804 1085 954 1150 detractio
977 1084 1137 1149 molestiae
1158 1083 1396 1148 consecutionem

330 1185 423 1252 affert
442 1186 625 1269 voluptatis,
658 1188 703 1253 sic
728 1187 760 1252 in
788 1187 871 1252 omni
897 1207 931 1252 rc
958 1185 1076 1252 doloris
1099 1185 1213 1250 amotio
1236 1185 1397 1251 successio-

330 1307 401 1354 nem
433 1287 526 1356 efficit
557 1288 734 1371 voluptatis.
789 1291 839 1354 38.
872 1290 983 1371 Itaque
1016 1307 1077 1354 non
1111 1288 1230 1369 placuit
1260 1287 1397 1369 Epicuro,

329 1391 463 1456 meditmr
489 1410 559 1457 esse
586 1391 733 1474 quiddam
759 1392 842 1457 inter
870 1392 1009 1457 dolorem
1036 1397 1068 1456 et
1093 1391 1297 1471 voluptatem
1330 1389 1399 1453 illud

272 1497 314 1561 10
330 1493 412 1559 enim
432 1494 548 1575 ipsum,
571 1495 655 1576 quod
677 1495 861 1576 quibusdam
882 1494 1016 1558 medium
1037 1494 1210 1586 videretur,
1232 1511 1300 1557 cum
1322 1491 1398 1557 omni

401 1686 421 1731 l.
440 1680 551 1745 quoniam
568 1696 617 1732 om.
637 1682 658 1731 a
692 1683 817 1747 paramur
838 1681 902 1732 omni
917 1657 1037 1732 dolore'E
1073 1685 1097 1730 ³.
1116 1697 1182 1730 mnae
1199 1689 1276 1730 autem
1294 1707 1325 1716 —
1342 1696 1397 1746 qau-

329 1749 519 1803 demaeom.c
553 1751 739 1801 antenomE
783 1751 883 1800 eredit
920 1755 942 1800 b.
962 1749 1106 1801 caenomc
1143 1749 1293 1798 7.motrolt
1329 1749 1398 1813 8.ςρ

329 1819 426 1870 fecitll
461 1825 483 1869 9.
503 1819 620 1884 quoddam
639 1819 729 1872 ELOr.
767 1824 807 1870 to.
825 1818 920 1869 videtur
937 1835 1033 1882 omnes,
1052 1817 1095 1870 Or.
1132 1835 1183 1868 cum
1202 1833 1251 1868 om.
1270 1818 1313 1868 Or.

414 2003 444 2050 at
465 1991 555 2072 omae)
578 1993 731 2051 Editiones
753 1994 911 2070 pleraeque
927 2012 946 2051 a
963 1992 1097 2050 Victorio
1120 1991 1158 2049 ad
1180 1991 1347 2050 Ernestium
1373 1999 1398 2047 et

329 2078 466 2136 Bremius
489 2089 518 2136 ut
539 2098 614 2136 anone
639 2081 682 2147 id,
711 2089 814 2137 contra
845 2079 961 2137 codices
982 2073 1086 2160 (0qu
1109 2076 1192 2154 cett)

416 2165 466 2222 38.
487 2166 602 2222 aredium
624 2162 769 2241 quiddam)
792 2164 857 2244 [Sic
868 2163 923 2242 A.]
950 2163 1094 2233 Quoddam
1111 2163 1200 2220 otiam
1212 2163 1300 2239 Spin,
1325 2161 1399 2222 Oxx.

330 2245 382 2321 Εξ,
406 2250 574 2326 recepitque
597 2249 705 2320 Gzius;
727 2251 860 2326 alioquin
888 2251 965 2309 enim
997 2251 1146 2326 qnidqaam
1168 2250 1239 2324 poni
1260 2248 1400 2305 debuisse.

329 2335 376 2392 Ex
399 2334 454 2391 bac
477 2336 594 2410 quidem
623 2345 708 2412 parte
736 2337 839 2394 eadem
860 2337 937 2393 ratio
959 2345 1005 2393 est
1026 2335 1203 2394 substantivi
1224 2332 1401 2410 pronominis

330 2429 360 2478 et
381 2421 533 2490 adiectivi3
562 2421 614 2478 sed
641 2422 759 2499 negatio
781 2421 910 2498 pertinet
931 2422 968 2479 ad
991 2421 1139 2479 delinitam
1162 2421 1311 2478 notionem
1333 2417 1401 2476 certi

329 2507 481 2565 cuiusdam
505 2507 608 2578 medii;
631 2507 735 2565 deinde
758 2527 817 2565 non
839 2509 915 2565 solet
926 2507 1030 2567 Cicero
1051 2505 1220 2564 huiusmodi
1241 2503 1400 2569 adieetivis,
1451 2502 1452 2544 Τ

329 2593 416 2667 quale
439 2602 484 2650 est
505 2595 633 2664 medinm,
662 2594 839 2651 adiectivum
866 2611 1028 2670 pronomen
1050 2591 1167 2650 addere.
1210 2589 1272 2652 cfr.
1294 2591 1333 2648 ad
1358 2591 1401 2646 18.
1451 2625 1452 2644 2

415 2680 483 2736 illud
504 2681 572 2736 enirn
593 2682 681 2754 ipsum
704 2675 773 2755 ete.)
796 2679 928 2737 Pm'muru
951 2678 1109 2736 tenendum
1139 2685 1198 2749 est,
1232 2695 1290 2734 non
1318 2694 1401 2752 posse

329 2763 430 2820 divelli
453 2765 506 2822 has
528 2783 630 2822 voces:
653 2767 722 2822 illud
742 2767 809 2822 enim
832 2768 928 2840 marem,
951 2766 1032 2840 quod,
1055 2772 1088 2820 ut
1109 2763 1175 2820 illa:
1208 2764 1282 2838 qnod
1302 2795 1345 2804 —
1366 2763 1401 2817 oi-

329 2851 408 2906 detar
441 2847 497 2931 (sic
530 2851 608 2906 enirn
641 2860 686 2908 est
717 2851 747 2907 in
782 2851 865 2907 codd.
894 2859 925 2906 et
951 2850 1016 2907 edd.
1044 2843 1194 2928 omnibus)
1222 2846 1401 2922 eTorqueti

329 2953 456 3010 persona
488 2954 542 3011 pro
576 2937 743 3010 parenthesi
777 2936 1015 3012 interponantur,
1049 2935 1128 3009 qnod
1158 2934 1301 2991 evadebat
1329 2933 1401 2990 Mat·
1451 2997 1452 3000 Ἴ

329 3021 453 3092 thimeus,
476 3031 509 3078 ut
531 3021 636 3078 deinde
658 3021 844 3098 appositione
860 3022 1081 3098 adiungeretur:
1104 3023 1175 3076 oanni
1195 3021 1285 3077 dolere
1305 3038 1401 3076 carere.

330 3115 505 3182 secutusque
527 3115 573 3164 est
585 3106 679 3166 Gaius
700 3109 731 3164 in
753 3107 812 3164 alia
834 3107 989 3182 scriptura.
1040 3107 1080 3164 Et
1101 3125 1172 3163 sane
1194 3106 1267 3163 heco
1289 3114 1334 3162 est
1355 3122 1402 3159 ne·

329 3193 458 3250 cessaria
479 3211 548 3269 pare
569 3193 692 3268 Epicuri
720 3193 876 3266 orationis,
910 3211 969 3266 qua
996 3191 1180 3263 declarabat,
1214 3189 1285 3266 quid
1307 3190 1343 3246 de
1370 3207 1402 3245 eo

329 3277 487 3350 iudicaret,
521 3279 599 3353 quod
633 3279 683 3336 alii
712 3278 839 3336 medium
866 3285 1012 3355 putarent.
1057 3276 1117 3337 Sed
1145 3285 1207 3333 turn
1229 3294 1287 3334 non
1310 3275 1402 3331 minus

329 3364 495 3422 necessario
523 3364 709 3421 scribendum
736 3373 801 3421 erat
821 3365 969 3435 videreta,
1002 3381 1078 3438 quae
1100 3362 1251 3420 lenissima
1283 3361 1403 3418 mutatio
1451 3359 1452 3366 ’

328 3447 388 3506 iam
410 3449 519 3507 Rathio
542 3449 572 3506 in
594 3459 722 3507 mentem
743 3458 875 3508 venerat.
918 3451 996 3508 'Imm
1018 3449 1174 3506 edebatur:
1197 3467 1257 3506 cam
1273 3449 1345 3503 mani
1359 3447 1403 3502 do

329 3537 384 3591 lore
404 3545 487 3604 earet,
510 3534 617 3593 vitiose
640 3543 670 3592 et
691 3543 793 3593 contra
814 3535 940 3608 codices,
964 3535 1014 3610 qui
1035 3535 1147 3592 habent
1167 3543 1270 3591 careret
1290 3526 1405 3613 (Manet

328 3619 390 3692 lib,
413 3621 477 3677 eod.
499 3621 593 3692 viee,
627 3621 703 3678 Poll.
726 3639 842 3694 omnes,
865 3621 950 3679 Parr.
973 3629 1048 3692 tres,
1071 3618 1298 3691 Meoc.‚13a11.,
1328 3617 1404 3677 Oxx.
1451 3617 1452 3648 ³

328 3706 418 3781 Ηχψ,
452 3705 521 3765 Gaii
554 3715 707 3780 quattuor-3
741 3707 866 3764 alterum
898 3715 1056 3764 annotatur
1083 3724 1099 3763 e
1127 3704 1204 3764 CCC
1233 3713 1264 3762 et
1294 3701 1404 3760 Elienai
1451 3703 1452 3768 ξ

329 3787 478 3866 utroque).
522 3791 581 3851 Sed
598 3793 758 3867 quaeritur,
781 3793 928 3867 quodnam
951 3793 990 3850 sit
1011 3792 1183 3850 subiectum.
1217 3789 1310 3849 Gaius
1323 3795 1404 3864 putat
1451 3803 1452 3860 j

330 3896 393 3934 csse
416 3880 590 3954 voluptatem,
619 3887 768 3952 tamquam
791 3879 857 3953 quis
884 3877 915 3934 in
936 3878 1088 3953 voluptate
1111 3877 1238 3933 medium
1260 3875 1334 3932 illud
1356 3892 1405 3949 po·

330 3963 423 4021 suerit
454 3963 532 4020 inter
564 3963 746 4039 voluptatem
774 3972 804 4020 et
826 3963 956 4021 dolorem
980 3971 1010 4020 et
1031 3972 1180 4037 tamquam
1202 3960 1332 4037 Epicuro
1365 3959 1405 4015 di·
1451 3951 1452 3992 ἶ

330 4049 454 4106 cendum
487 4047 593 4120 fuerit,
627 4050 809 4126 voluptatem
843 4067 907 4105 esee
941 4049 1132 4124 voluptatem.
1175 4047 1256 4123 Ergo
1284 4063 1350 4103 cum
1377 4045 1404 4100 in
1451 4049 1452 4054 ’

330 4133 449 4192 Morelli
482 4135 546 4192 cod.
576 4132 623 4213 (nt
650 4134 681 4191 in
707 4135 734 4192 I.
756 4135 791 4192 F.
814 4133 973 4206 Gronovii)
1007 4135 1124 4191 abesset
1156 4152 1231 4204 corn,
1265 4131 1405 4189 Moralius

332 4228 361 4275 et
384 4219 536 4278 Manutius
570 4221 756 4278 scribendum
787 4227 980 4296 putaverant:
1013 4223 1084 4277 omrn'
1109 4221 1200 4276 dolore
1225 4235 1330 4284 carere,
1364 4215 1405 4272 id·

332 4321 389 4376 que
412 4305 574 4363 Lambinus
602 4315 633 4364 et
659 4305 711 4363 alii
738 4313 926 4381 receperunt.
961 4305 999 4362 ad
1031 4305 1207 4363 sententiam
1234 4303 1296 4361 fere
1318 4309 1404 4359 reete.

330 4388 387 4446 nisi
421 4391 500 4464 quod
539 4391 578 4448 ad
616 4391 704 4450 medii
745 4391 894 4449 notionem
932 4391 1166 4448 constituendam
1204 4387 1406 4464 requirebatur
