3000 5044
408 417 451 462 ur
474 417 556 462 nnn.
578 416 642 461 nra.
665 416 699 462 ιν
722 415 794 462 use.
815 419 856 466 ao,
1093 393 1158 460 565

79 585 266 666 sapientiam
289 593 419 668 possent
440 586 613 668 pervenire,
635 585 723 663 alios
745 584 799 666 qui
820 591 958 665 possent,
981 585 1007 648 si
1029 584 1062 647 id
1079 583 1159 664 egis-

80 695 161 766 sent,
184 689 367 770 sapientiam
391 689 546 770 consequi.
590 689 641 752 57.
665 687 723 751 Hie
745 687 930 768 loquebatur
953 687 1044 750 aliter
1066 692 1160 766 atque

79 811 202 870 omnes,
236 791 390 855 sentiebat
416 792 511 870 idem,
551 791 635 872 quod
673 789 778 854 ceteri.
828 789 893 854 Neo
925 809 1000 854 vero
1033 787 1160 852 minoris

79 893 275 958 aestimanda
298 893 430 958 ducebat
452 913 502 972 ea,
527 911 607 975 quae
629 893 698 974 ipse
721 892 802 957 bona
815 899 944 973 negaret
965 911 1043 971 esse,
1067 911 1160 973 quam

79 997 134 1075 illi,
158 995 211 1077 qui
233 1015 270 1060 ea
292 996 373 1060 bona
395 1015 465 1060 esse
488 996 639 1060 dicebant.
676 995 757 1072 Quid
779 995 875 1076 igitur
897 995 994 1059 volunt
1016 994 1082 1073 sibi,
1106 993 1198 1076 quis

79 1098 135 1164 illa
158 1098 344 1162 mutaverit?
388 1097 506 1162 Saltem
533 1098 651 1179 aliquid
678 1098 718 1161 de
746 1099 885 1178 pondere
913 1097 1102 1162 detraxisset
1130 1103 1162 1161 et

79 1201 176 1282 paulo
192 1199 321 1292 minoris
343 1193 571 1264 aestimavisset
592 1219 630 1264 ea
652 1219 745 1281 quam
767 1199 977 1281 Peripatetici,
999 1205 1034 1264 ut
1045 1199 1161 1263 sentire

80 1321 206 1384 quiaque
228 1301 327 1381 aliud,
355 1322 418 1367 non
441 1302 540 1366 solum
562 1302 664 1366 dioere
687 1303 853 1367 videretur.
899 1303 1002 1380 der
1030 1302 1069 1365 de
1091 1302 1162 1382 ipsa

80 1406 174 1470 beata
197 1405 269 1483 vita
292 1405 331 1468 ad
355 1423 449 1486 quarn
471 1405 573 1468 onmia
585 1403 771 1483 referamur,
794 1405 1008 1494 quaedicitis‘t
1030 1404 1161 1484 Negatis

81 1527 153 1571 eam
176 1526 255 1585 esse,
279 1525 360 1588 quae
382 1506 505 1588 expleta
528 1507 568 1570 sit
588 1506 628 1571 iis
651 1506 743 1571 rebus
765 1509 922 1587 omnibus,
945 1525 1024 1589 quas
1046 1515 1160 1571 natura
1180 1507 1220 1570 10

81 1610 255 1687 desideret,
290 1616 447 1690 totamque
476 1627 544 1673 eam
570 1609 602 1672 in
631 1627 694 1673 una
720 1611 835 1674 virtute
861 1611 991 1691 ponitis;
1031 1627 1161 1690 cumque

82 1713 183 1777 omnis
211 1711 423 1776 controversia
450 1719 506 1776 aut
532 1713 572 1776 de
599 1731 634 1776 re
662 1713 762 1777 soleat
788 1720 844 1776 aut
870 1711 1053 1776 denomino
1083 1730 1161 1790 esse,

155 1921 176 1963 l.
192 1917 331 1980 pereunti}
364 1915 492 1981 pessumas
509 1915 577 1966 PCR
617 1922 640 1970 3.
659 1917 789 1966 sentiebant
808 1917 848 1965 EL
890 1923 912 1964 4.
932 1917 986 1980 apsa
1004 1917 1049 1966 ΕΡ
1090 1933 1161 1982 wem

85 1983 235 2034 -dicebanr
253 1985 344 2034 omE
390 1991 412 2032 5.
430 1983 665 2049 sr'biilleqair'llaii
707 1991 730 2036 8.
749 1984 918 2050 aliudquoque
936 1987 960 2036 E
1000 1991 1036 2038 10,
1056 1985 1161 2036 omuibus

83 2053 111 2102 iis
129 2055 199 2102 rebus
218 2053 351 2103 LPCROr.
393 2060 431 2110 ll,
448 2070 497 2102 aaa
515 2070 565 2108 om.
583 2055 605 2103 P

169 2247 194 2300 si
215 2245 245 2301 id
265 2246 391 2321 epissent)
416 2245 466 2304 Sic
488 2246 577 2302 etiam
601 2245 678 2323 Spir.
702 2243 768 2326 [B‚]
791 2242 844 2316 Εξ,
868 2257 929 2303 turn
952 2245 1064 2304 Latinii
1086 2246 1162 2302 liber

85 2339 114 2386 et
135 2330 202 2388 Pal.
227 2331 259 2398 23
283 2330 412 2387 restituit
435 2331 585 2388 Davisius.

171 2417 220 2472 57.
245 2416 346 2473 Saltem
369 2451 410 2457 —
433 2415 609 2495 detraxisset)
628 2417 776 2474 iussione
806 2417 908 2474 modus
937 2425 982 2474 est
1009 2417 1162 2492 praeteriti

85 2502 236 2576 temporis,
261 2502 296 2557 de
319 2520 378 2576 quo
401 2502 464 2558 dixi
486 2503 523 2559 ad
546 2503 587 2573 ΙΙ,
602 2503 651 2559 35.
696 2499 806 2582 [Paulo
828 2511 896 2578 post
918 2503 970 2574 ln'js
989 2503 1161 2559 rebrrsomm'-

88 2588 135 2642 dos
158 2586 246 2643 etiarn
259 2587 285 2644 B
308 2597 411 2644 contra
423 2587 575 2646 editiones.
614 2589 697 2645 Idem
710 2589 807 2658 habet,
818 2613 821 2618 ·
831 2607 906 2662 quae
918 2589 980 2646 Erl.
992 2588 1081 2665 paulo
1093 2597 1162 2645 ante

86 2672 202 2744 omittit,
227 2673 278 2729 sed
301 2670 524 2753 dissimulasse]

169 2778 282 2832 cumque
298 2763 382 2815 orariis
399 2757 592 2834 coneo-uersis)
610 2759 780 2817 Admodum
798 2760 888 2816 durus
901 2759 1042 2817 orationis
1055 2760 1162 2815 transi·

87 2853 131 2899 tus
154 2853 207 2910 est.
232 2844 309 2918 quod
334 2844 451 2904 Stoicae
474 2846 647 2917 sententiae,
671 2863 757 2919 quarn
781 2845 1018 2921 reprehensionis
1042 2845 1161 2902 etrefu-

88 2930 205 2986 tationis
229 2948 318 2986 causa
340 2931 509 3006 proposuit,
539 2932 706 3008 copulative
730 2932 802 2988 haec
825 2931 959 3006 adiungit
986 2931 1022 2986 de
1045 2941 1162 2987 contro-

88 3015 247 3072 versiarum
282 3013 464 3086 differentia,
499 3037 575 3092 quae
608 3017 773 3074 contrariae
807 3015 1015 3092 disputationis
1044 3017 1161 3073 initium

88 3094 250 3157 continent:
285 3102 347 3158 Ista
369 3111 469 3158 vestra
491 3104 637 3160 sententia
660 3121 725 3159 cunr
748 3111 889 3158 veterum·
904 3111 1074 3177 comparata
1096 3121 1161 3158 ver-

88 3185 187 3243 borum
212 3195 326 3243 tanturn
355 3189 586 3245 controversiam
614 3189 703 3244 habet
731 3188 889 3255 eiusmodi,
924 3197 957 3243 ut
991 3187 1033 3243 illi
1063 3197 1160 3243 tamen

89 3271 189 3328 melius
218 3273 317 3329 verbis
344 3281 474 3330 utantur.
525 3274 640 3334 Deinde
669 3283 766 3330 autem
795 3273 868 3330 haec
896 3273 961 3348 ipsa
989 3273 1160 3348 disputatio,

89 3373 161 3428 quae
184 3365 300 3432 spectat
322 3359 360 3414 ad
382 3378 425 3428 ea5
450 3379 525 3434 quae
548 3359 623 3418 Cato
641 3360 699 3426 ΙΙΙ,
719 3361 756 3415 41
778 3378 840 3433 sqq.
861 3358 986 3429 dixerat,
1009 3377 1067 3415 non
1081 3367 1162 3414 certe

91 3451 117 3496 et
139 3453 218 3500 reeta
240 3444 290 3499 via
312 3444 348 3500 ad
371 3446 521 3502 notionem
550 3446 653 3502 beatae
677 3445 755 3500 vitae
778 3445 928 3520 dirigitur,
963 3444 1013 3501 sed
1037 3445 1161 3501 circuni·

89 3527 200 3585 ducitur
222 3530 349 3604 quodam
373 3531 460 3588 modo
488 3551 546 3586 non
570 3532 633 3588 sine
664 3529 818 3587 manifeste
846 3530 1021 3606 repetitione
1050 3549 1160 3600 eorum,

90 3629 161 3684 quae
182 3615 240 3671 iam
263 3625 331 3671 ante
355 3615 433 3672 dicta
455 3626 524 3674 sunt
546 3617 642 3695 (velut
664 3617 692 3672 in
717 3635 780 3691 cap.
796 3613 858 3695 22).
893 3619 939 3673 Ac
956 3635 993 3671 ne
1010 3615 1083 3672 illud
1096 3617 1160 3690 qui-

90 3697 153 3754 dem
173 3719 227 3774 pro
249 3709 330 3757 certo
352 3711 489 3777 apparet,
523 3712 618 3759 utram
649 3703 684 3758 de
713 3703 800 3759 beata
826 3703 888 3759 vita
915 3703 1089 3758 sententiam
1113 3702 1161 3758 hio

91 3780 193 3841 Stoicis
216 3795 355 3861 opponat,
379 3806 533 3858 eorumne,
568 3789 618 3862 qui
640 3789 780 3844 virtutem
804 3789 895 3845 solam
919 3789 955 3844 ad
979 3789 1093 3845 beatam
1117 3788 1162 3842 vi-

91 3875 147 3924 tam
169 3870 302 3928 sufficere
326 3875 478 3948 putabant,
503 3893 556 3930 nec
579 3883 676 3930 tamen
700 3875 737 3930 ad
759 3875 974 3944 beatissimam,
998 3885 1031 3930 ut
1052 3873 1161 3949 gradus

91 3953 272 4014 efficerentur
294 3959 461 4016 accessione
484 3969 536 4016 aut
558 3960 728 4016 decessione
745 3960 877 4036 corporis
890 3960 1108 4016 commodorum
1132 3967 1162 4015 et

92 4049 273 4100 externorum
297 4042 398 4121 (quarn
421 4045 452 4101 in
475 4046 551 4102 libro
563 4047 590 4104 V
604 4051 618 4115 ξ
633 4047 670 4102 81
695 4045 833 4102 Pisonem
852 4044 1057 4102 defendentem
1075 4045 1160 4100 indu·

95 4124 154 4198 cit),
177 4147 212 4183 an
236 4148 352 4200 eorum,
377 4132 442 4205 qui,
467 4151 531 4187 curn
555 4132 702 4188 adfinem
727 4131 963 4205 consequendum
987 4139 1039 4188 aut
1061 4129 1161 4186 omnia

94 4221 141 4266 unt
162 4213 287 4287 plurima
309 4225 338 4272 et
360 4217 536 4291 gravissima
558 4218 636 4273 bona
657 4217 893 4291 requirerentur,
928 4217 1044 4273 beatam
1068 4217 1160 4272 vitam

94 4295 152 4351 sola
173 4299 279 4356 virtute
303 4301 379 4358 effici
402 4321 498 4378 posse,
523 4303 547 4359 si
570 4303 629 4359 alia
652 4303 750 4360 omnia
768 4311 871 4359 eontra
883 4312 989 4372 essent,
1013 4303 1180 4380 negabant⁸

96 4381 164 4454 (vid.
188 4383 268 4444 Stob.
291 4387 354 4444 Ecl.
376 4389 444 4445 Eth.
468 4409 495 4464 p.
510 4390 594 4466 280).
639 4389 680 4445 Et
701 4397 814 4459 tamen,
838 4388 1033 4445 conveniatne
1055 4407 1160 4464 reapse
