2948 5024
331 407 394 470 724
718 421 762 466 na
785 420 915 468 ammos
937 421 1010 468 eos.

330 551 429 656 tremo
452 591 609 656 bonorum
655 594 705 656 68.
728 590 777 654 Ita
797 587 841 670 fit,
866 599 901 654 ut
922 591 985 654 duo
1007 608 1123 671 genera
1141 599 1274 671 propter
1300 608 1337 654 se
1360 609 1406 652 es·

329 799 417 876 stigia
438 799 527 856 habet
548 797 685 874 propriae
707 797 849 855 Antiochi
871 797 1034 854 sententiae
1056 807 1109 854 aut
1130 797 1236 854 saltem
1253 815 1408 874 argumen-

331 884 451 942 tationis
474 885 510 941 de
532 883 663 942 externis
685 883 785 954 honis,
819 883 871 940 sed
899 901 1003 958 parum
1031 893 1083 940 aut
1110 901 1164 958 per
1186 901 1217 940 ae
1241 893 1334 940 acute
1362 902 1407 938 ex·

330 970 475 1047 cogitatae
498 980 550 1026 aut
570 969 619 1026 hic
640 969 795 1044 perspicue
817 969 979 1043 expositae.
1031 969 1164 1026 Primum
1187 987 1225 1024 ex
1250 987 1302 1036 eo,
1336 967 1407 1042 quod
1472 970 1473 975 ’

331 1056 361 1114 in
383 1056 493 1112 virtute
516 1055 585 1112 insit
608 1072 679 1111 cura
701 1054 845 1128 quaedam
868 1053 948 1110 foras
961 1063 1097 1129 spectans
1120 1054 1212 1129 (quod
1225 1053 1328 1128 ipsum
1341 1072 1408 1126 quo·

331 1141 418 1199 modo
442 1141 477 1197 de
501 1139 670 1216 prudentia
693 1139 902 1215 temperantia,
938 1139 1004 1196 de'
996 1159 1061 1215 ipsa
1084 1139 1210 1214 denique
1233 1139 1408 1196 fortitudine

330 1226 502 1293 affirmetur,
526 1225 645 1282 difficile
668 1235 712 1282 est
723 1225 850 1323 dicere,
853 1243 906 1281 nec
928 1225 1071 1282 rationem
1094 1226 1166 1283 Piso
1189 1225 1334 1299 exposuit
1358 1223 1408 1280 nisi

331 1313 367 1369 de
389 1306 526 1391 iustitie),
551 1311 622 1368 mire
645 1309 744 1379 efficit,
768 1295 901 1367 homines
923 1329 1025 1368 omnes
1047 1319 1170 1386 propter
1191 1329 1222 1366 se
1247 1311 1408 1385 arpeteudw

332 1417 410 1468 esse,
445 1396 529 1472 qnasi
562 1396 620 1472 ipsi
654 1396 738 1452 nobis
771 1396 912 1453 bonorum
943 1396 1022 1467 loeo,
1045 1413 1121 1471 quae
1149 1406 1316 1466 teneamus,
1347 1396 1409 1452 sint.

332 1483 448 1541 Deinde
470 1483 535 1540 hoc.
558 1482 635 1556 quod
658 1481 694 1537 de
718 1481 853 1538 omnihus
876 1481 1046 1538 conclusum
1069 1493 1140 1551 erat,
1164 1481 1355 1538 contrahitur
1377 1481 1409 1536 ad

332 1568 523 1644 propinquos,
547 1567 666 1636 anticos,
689 1557 834 1642 patriam,
848 1585 941 1640 eaque
964 1567 1006 1624 sie
1028 1567 1231 1624 summobono
1245 1567 1409 1624 exeludun-

333 1665 390 1725 tur,
414 1662 447 1710 ut
469 1653 535 1709 ideo
558 1662 671 1709 tantum
693 1652 732 1709 ad
754 1651 783 1709 id
806 1653 952 1727 pertinere
975 1653 1125 1724 dicantur,
1154 1652 1231 1726 quod
1255 1653 1408 1709 materiem

333 1740 461 1796 habeant
482 1748 561 1795 reete
588 1737 725 1795 faciendi.
774 1737 880 1811 Itaque
909 1737 934 1794 si
961 1738 1036 1794 hanc
1065 1738 1209 1798 rationem
1237 1749 1409 1794 constanter

333 1825 551 1900 persequimur,
579 1824 632 1880 has
654 1841 701 1880 res
725 1823 821 1898 (velut
842 1821 966 1900 andoos)
988 1823 1097 1880 habere
1120 1833 1149 1880 et
1171 1824 1207 1880 iis
1229 1821 1292 1880 frui
1316 1824 1408 1898 ipsum

333 1930 387 1986 per
408 1929 439 1967 se
461 1911 492 1966 in
513 1919 598 1985 parte
620 1910 705 1966 beate
727 1907 846 1964 vivendi
868 1927 926 1966 non
950 1919 1003 1980 est,
1027 1910 1113 1966 modo
1136 1929 1172 1964 ne
1195 1909 1272 1965 desit
1292 1909 1409 1965 omnino

333 2005 413 2054 reete
436 1995 542 2072 agendi
564 1994 710 2051 materies.
754 1994 915 2050 Praeterea
936 1994 991 2050 hoc
1015 1994 1078 2052 loco
1101 1995 1188 2064 haec,
1211 2013 1290 2068 quae
1315 1993 1409 2050 nobis-

334 2101 400 2140 cum
422 2081 478 2137 hoc
500 2079 590 2137 oflicii
613 2087 643 2136 et
654 2079 785 2142 caritatis
796 2079 914 2136 vinculo
926 2089 1147 2138 eonnectuntur.
1171 2098 1227 2136 non
1240 2081 1335 2136 modo
1353 2079 1408 2134 sola

334 2167 522 2224 nominantur
543 2166 573 2222 in
596 2173 784 2222 externorum
802 2165 943 2221 bonorum
955 2183 1071 2240 genere,
1094 2166 1156 2236 sed,
1180 2163 1256 2238 quod
1270 2165 1331 2222 hoc
1348 2163 1409 2220 lun·

335 2253 471 2309 damento
493 2251 567 2307 illud
589 2269 681 2326 genus
703 2250 900 2321 constituitur,
923 2250 987 2308 sola
998 2251 1142 2307 nominari
1153 2259 1289 2325 possunt.
1320 2249 1408 2323 Atqui

335 2334 382 2418 (ut
404 2337 472 2393 hinc
494 2331 657 2416 ordiamur)
684 2353 743 2392 non
766 2335 859 2392 solnm
882 2336 989 2410 reliqui
1001 2336 1191 2411 Peripatetici
1214 2335 1313 2412 (apud
1331 2335 1408 2394 Sext.

336 2423 420 2498 Emp.
445 2421 511 2478 adv.
534 2421 628 2478 Math.
646 2421 703 2490 XI,
724 2421 774 2490 45,
797 2421 875 2495 apud
897 2421 1000 2478 Ioann.
1014 2421 1173 2480 stobaeum
1196 2441 1224 2496 p.
1238 2421 1319 2492 264)
1343 2420 1407 2477 Ari·

320 2507 472 2566 'stotelem
494 2507 590 2580 ipsum
613 2515 768 2581 sequentes
780 2501 862 2584 (Eth.
874 2506 989 2564 Nicom.
1007 2507 1032 2568 1,
1051 2505 1094 2584 8),
1118 2507 1168 2564 sed
1192 2507 1281 2563 etiam
1308 2507 1408 2565 Licere

336 2603 440 2670 postea
461 2590 491 2671 (ξ
506 2589 569 2670 81),
592 2591 702 2649 Pisone
724 2592 920 2666 permittente,
944 2592 1004 2649 alia
1025 2592 1056 2648 in
1078 2593 1133 2649 hoo
1145 2610 1251 2668 genere
1263 2605 1406 2649 nantes-et.

336 2677 465 2748 divitias,
488 2677 629 2747 honores,
652 2694 732 2753 opes.
777 2677 814 2733 Et
837 2677 909 2733 haec
931 2687 1028 2735 autem
1052 2686 1081 2733 et
1103 2678 1155 2734 illa
1178 2678 1334 2753 superiora
1357 2695 1407 2731 non

336 2772 458 2840 propter
479 2761 591 2831 officia,
625 2762 732 2837 quibus
760 2780 795 2818 ea
817 2773 965 2829 tueamur,
1000 2763 1030 2819 in
1053 2763 1139 2820 bonis
1160 2771 1329 2836 ponuntur,
1362 2760 1406 2818 sed

337 2849 417 2924 qnod
438 2847 587 2926 praesidia
607 2848 718 2904 habent
740 2847 818 2904 vitae
842 2848 904 2906 sine
927 2848 1062 2905 molestia
1074 2849 1223 2924 degendae
1246 2859 1276 2904 ct-
1295 2847 1408 2905 virtmh

337 2935 430 2992 libere
452 2933 648 3004 exercendam
671 2933 701 2990 in
723 2933 834 3002 amicis,
858 2934 1038 3008 parentibus,
1062 2934 1173 3001 liberis,
1196 2953 1269 3008 quos
1295 2953 1409 2990 nonst-

338 3021 398 3078 lum
420 3019 539 3078 omnino
561 3019 688 3086 habere,
711 3018 762 3076 sed
788 3019 880 3076 bonos
903 3020 1011 3076 habere
1034 3019 1232 3094 expetendum
1254 3031 1316 3078 est.
1342 3015 1408 3074 illud

338 3124 455 3182 quoque
476 3105 576 3162 valere
597 3104 728 3176 videtur,
763 3105 855 3179 quod.
884 3122 950 3161 cum
978 3105 1008 3161 hi
1030 3105 1158 3162 naturali
1182 3104 1266 3161 nobis
1289 3104 1409 3162 caritate

338 3191 588 3261 commendentur,
612 3207 719 3248 eorum·
735 3199 787 3246 aut
809 3189 935 3266 privatio
958 3199 1009 3246 ant
1031 3191 1162 3266 pravitas
1185 3191 1353 3247 nosdolore
1371 3187 1409 3244 al·

338 3277 426 3334 ficiat.
470 3277 575 3350 Itaque
609 3276 697 3333 etiam
730 3275 796 3350 ipsa
828 3294 942 3332 summo
975 3276 1052 3332 bono
1080 3277 1122 3332 ita
1150 3277 1349 3336 continentur.
1374 3287 1409 3329 ut.

338 3363 432 3438 ipsius
453 3360 597 3419 Antiochi
619 3361 774 3426 sententia
797 3361 860 3418 sine
883 3361 920 3418 iis
943 3361 1003 3418 vita
1026 3363 1113 3418 beata
1136 3380 1201 3418 esse
1223 3362 1332 3460 possit.
1356 3377 1410 3414 non

339 3447 509 3504 beatissima
521 3445 600 3523 (81)
624 3455 846 3542 extremumque
868 3447 907 3504 sit
928 3438 994 3501 κατ’
1019 3436 1125 3538 ἀρετὴν
1148 3440 1236 3522 ζῆν’
1221 3466 1251 3502 aa
1266 3447 1334 3509 τοῖς
1349 3432 1409 3514 περὶ

341 3548 427 3604 σωμα
449 3521 596 3594 καὶτοῖς
618 3523 756 3599 ἔξωθεν
779 3522 909 3606 ἀγαθοις
932 3549 948 3604 η
966 3547 1056 3586 auom
1079 3516 1095 3604 ἢ
1117 3533 1183 3594 τοῖς
1204 3523 1356 3594 πλείστοις
1366 3515 1409 3581 ani

340 3603 535 3685 κυριωτάτοις
556 3609 630 3695 (vid.
649 3615 686 3671 ad
709 3615 787 3685 526,
811 3613 946 3692 etalihi)
975 3614 1103 3672 Videtur
1114 3614 1278 3672 Antiochus
1290 3633 1328 3670 eo
1341 3614 1408 3669 loo

340 3718 427 3773 quem
450 3698 498 3756 hie
520 3699 624 3758 Cicero
646 3709 715 3757 ante
737 3701 837 3757 oculos
860 3698 977 3768 habuit,
1001 3717 1066 3756 earn
1089 3699 1334 3774 disputationem.
1358 3715 1407 3770 que

340 3785 500 3842 utebantur
522 3785 624 3858 Stoici,
647 3804 713 3843 cum
736 3785 866 3844 iustitiae
889 3794 919 3842 et
940 3785 1086 3841 amicitiae
1109 3805 1127 3841 a
1149 3794 1271 3852 natura,
1292 3803 1353 3840 non
1376 3781 1407 3836 ab

340 3871 478 3928 utilitatis
500 3889 552 3947 spe
575 3872 748 3948 repetebant
759 3871 911 3947 originem,
936 3871 1121 3928 transtulisse
1144 3871 1313 3938 adhesum,
1337 3864 1407 3943 quod

341 3955 372 4012 in
395 3956 525 4013 amicitia
548 3966 578 4013 et
600 3957 629 4014 in
652 3957 726 4032 ipsis
748 3957 849 4013 amicis
872 3965 958 4026 esset,
982 3956 1065 4012 ouius
1088 3955 1229 4013 transitus
1252 3955 1348 4012 simile
1360 3951 1406 4008 ali·

341 4041 411 4114 quid
434 4042 534 4099 notavi
556 4043 586 4098 in
610 4041 718 4101 Stoicis
739 4043 778 4098 ad
788 4041 847 4109 ΠΙ,
862 4043 901 4098 55
914 4043 957 4119 (p.
970 4041 1031 4098 438
1051 4039 1134 4117 ima),
1157 4041 1262 4098 deinde
1274 4040 1312 4096 ad
1324 4049 1407 4096 totum

342 4145 434 4202 genus
457 4135 645 4184 externorum
667 4128 819 4197 bonorum,
843 4127 960 4197 oblitus,
984 4127 1013 4182 in
1037 4146 1072 4183 eo
1095 4127 1238 4200 quaedam
1263 4145 1320 4183 non
1339 4125 1408 4180 eius-

343 4211 489 4270 demmodi
502 4214 658 4270 numerari.
681 4213 710 4270 N
712 4232 749 4269 on
761 4212 932 4270 dissimilem
944 4211 1067 4269 soranam
1080 4212 1199 4284 habent,
1222 4229 1297 4286 quae
1320 4211 1355 4266 de
1366 4227 1409 4263 co·

343 4297 494 4370 pnlatione
517 4298 665 4355 hominum
694 4307 724 4354 et
751 4299 787 4354 de
810 4299 939 4354 amicitia
962 4298 1147 4354 disseruntur
1174 4297 1252 4372 apud
1275 4297 1409 4353 loannem

344 4381 503 4440 Stobaenm
526 4403 554 4459 p.
573 4385 634 4442 250
657 4384 695 4440 ad
717 4403 744 4459 p.
765 4385 834 4440 254.
885 4383 970 4457 Quod
998 4391 1097 4440 autem
1125 4393 1313 4440 externorum
1343 4377 1408 4436 nihil
