3018 5052
361 389 425 454 494
749 409 794 454 nu
815 408 945 457 surmus
967 409 1038 456 aon.

361 576 470 642 iisdem
498 577 655 642 derebus
684 593 807 658 semper
839 577 928 658 quasi
955 577 1071 642 dictata
1099 579 1265 644 decantare
1285 598 1417 662 nequer

361 677 617 744 commentariolis
638 678 703 744 suis
725 679 891 744 discedere
934 679 1014 745 Nam
1036 680 1089 762 qui
1110 680 1195 760 sciet,
1217 682 1269 746 ubi
1288 683 1418 764 quidque

362 781 497 862 positum
529 780 571 846 sit
596 799 719 863 queque
746 800 782 846 eo
814 782 932 862 renim,
964 782 1007 861 is,
1034 781 1154 848 etiamsi
1180 783 1255 864 quid
1282 784 1418 850 obrutum

361 882 435 962 erit,
467 882 582 964 poterit
612 901 723 950 eruere
754 902 937 966 semperque
968 901 1037 950 esse
1068 885 1099 949 in
1126 885 1313 966 disputando
1341 905 1417 952 snus

324 985 344 1047 b
362 985 452 1062 Quod
473 985 533 1050 etsi
554 985 683 1068 ingeniis
705 975 825 1068 magnis
853 986 986 1067 praediti
1013 987 1138 1069 quidam
1165 988 1284 1054 dicendi
1305 990 1418 1071 copiam

361 1087 427 1152 sine
449 1088 568 1154 ratione
589 1097 827 1170 consequuntur,
848 1107 900 1154 ars
921 1095 1024 1154 tamen
1046 1096 1095 1154 est
1115 1090 1177 1154 dux
1198 1090 1312 1155 certior
1333 1109 1417 1172 quern

361 1197 480 1256 natura
510 1190 602 1256 Aliud
624 1198 673 1256 est
693 1191 775 1258 eninr
795 1197 958 1273 poetarum
969 1210 1054 1257 more
1076 1189 1320 1273 verbaiundere,
1342 1193 1417 1258 aliud

361 1310 407 1371 ea,
429 1282 514 1374 quae
530 1293 624 1372 dicas,
646 1293 766 1359 ratione
788 1300 820 1358 et
840 1299 908 1360 arte
929 1281 1127 1376 dsmgiere.

446 1394 483 1460 V.
507 1397 555 1460 11.
589 1394 705 1462 Similia
737 1396 797 1462 dici
824 1403 956 1477 possunt
987 1396 1026 1460 de
1053 1395 1255 1476 explicatione
1286 1405 1418 1472 naturae,

304 1495 344 1558 10
361 1514 423 1578 qua
444 1499 472 1560 el
492 1496 525 1562 hi
546 1503 676 1562 utuntur
697 1504 729 1564 et
749 1499 854 1578 vestri,
875 1517 974 1581 neque
995 1515 1069 1562 vero
1091 1498 1129 1563 ob
1150 1499 1230 1563 duas
1245 1499 1337 1564 modo
1352 1517 1417 1563 mu·

361 1617 421 1676 sae,
443 1600 597 1679 quomodo
618 1599 753 1681 Epicuro
775 1601 910 1680 videtur,
943 1608 978 1665 ut
1003 1599 1137 1681 pellatur
1164 1600 1273 1665 mortis
1301 1608 1332 1666 et
1352 1599 1417 1665 reli-

360 1699 458 1782 gionis
480 1709 594 1779 metus;
617 1703 672 1766 sed
693 1702 786 1766 etiam
807 1702 988 1768 modestiam
1010 1703 1165 1784 quandam
1177 1702 1310 1784 cognitio
1321 1719 1417 1769 rennu

429 1911 451 1954 2.
471 1905 727 1956 commentotonbuoll
778 1911 801 1956 5.
824 1905 888 1970 qood
908 1906 933 1955 εἰ
953 1905 986 1958 0·
1026 1905 1101 1972 mapa
1122 1906 1144 1955 1.
1196 1910 1219 1957 6.
1237 1905 1417 1971 comcqudwl]

360 1983 395 2024 est
412 1975 503 2029 ormi}
556 1979 577 2024 7.
596 1975 655 2024 ea'im
671 1983 707 2024 eat
724 1975 748 2024 R
807 1981 845 2028 10.
869 1991 912 2038 que
935 1975 953 2024 E
975 1983 997 2024 et
1018 1990 1066 2025 orn.
1086 1989 1180 2032 omnes,
1199 1974 1242 2025 Or.
1295 1976 1333 2025 llio
1352 1973 1416 2042 [Δ]Ε

362 2041 417 2092 tit,
455 2047 495 2097 ll.
514 2043 577 2107 quod
592 2042 697 2108 Epicrao
715 2041 871 2094 nuscum.
906 2051 928 2094 et
942 2042 1085 2108 pelialuril
1125 2052 1150 2092 ul
1167 2041 1343 2108 appellatorii

359 2252 378 2290 a
398 2232 533 2293 Munatio
555 2235 645 2292 ceteri
667 2253 704 2292 ex
726 2235 771 2292 ed.
787 2235 882 2310 prime
896 2234 1067 2306 tenuissent,
1090 2233 1183 2293 Gaius
1194 2229 1416 2308 exEEsuisquc,

360 2319 464 2395 nteit,
492 2320 627 2380 omnibus
648 2322 730 2395 offecit
751 2320 863 2395 posuit3
891 2337 1004 2377 errasse
1031 2337 1097 2377 eum
1125 2321 1161 2377 de
1183 2319 1354 2378 melioribus
1372 2337 1418 2392 ap-

360 2413 453 2481 peret.
485 2405 621 2463 Baiterus
643 2406 674 2463 in
696 2405 741 2462 ed.
753 2405 821 2462 min.
844 2415 961 2463 secutus
972 2406 1035 2463 cod.
1046 2406 1077 2466 A
1089 2405 1188 2462 omisit
1198 2415 1291 2463 totum
1303 2421 1415 2470 nomem

361 2491 411 2548 sed
438 2489 470 2547 id
496 2509 594 2548 errore
622 2491 760 2549 omissum
787 2509 852 2549 esse
879 2501 913 2548 nt
933 2491 1027 2548 multa
1047 2491 1078 2547 in
1099 2491 1273 2562 illooodice,
1296 2489 1416 2550 ostendit

360 2575 537 2634 deteriorum
565 2593 631 2634 cnm
658 2577 720 2635 Erl.
747 2585 778 2634 et
803 2578 829 2635 B
856 2593 1023 2634 consensus.
1072 2575 1137 2633 Nec
1164 2576 1236 2634 artis
1257 2595 1363 2634 nomeu
1383 2592 1414 2630 ex

360 2661 503 2738 proximis
525 2659 650 2741 (arufiam
671 2673 697 2720 el
717 2657 775 2744 oia)
796 2661 892 2719 audiri
921 2658 1042 2738 potest]
1080 2662 1195 2733 Verbo,
1216 2663 1299 2737 qnod
1320 2671 1364 2720 eet
1382 2661 1415 2732 cs·

353 2749 427 2820 Jior'o,
450 2755 519 2804 snut
540 2748 591 2823 qui
613 2748 739 2818 tradant,
761 2766 781 2804 e
802 2747 944 2807 Cicerone
966 2746 1087 2822 eiusque
1109 2747 1282 2821 aequalibus
1310 2761 1416 2821 semper

361 2843 389 2890 ut
411 2851 451 2904 oe,
474 2851 633 2909 numquam
655 2833 780 2908 simplex
802 2852 835 2890 ae
856 2832 963 2904 subici,
997 2849 1071 2906 quos
1093 2840 1124 2890 et
1144 2832 1192 2889 hie
1213 2833 1296 2890 locus
1317 2829 1416 2890 refellit

360 2927 390 2975 et
411 2919 487 2976 alter
508 2937 526 2976 a
547 2919 758 2996 Wesenbergio
780 2926 946 2981 annotatus,
968 2917 1006 2975 ed
1027 2917 1120 2974 Attio.
1141 2919 1197 2988 VI,
1223 2920 1314 2990 1,16,
1338 2925 1366 2975 et
1384 2912 1415 2971 ad

360 3004 442 3061 Fam.
465 3005 536 3074 XV,
563 3005 610 3074 12,
635 3005 663 3060 2.
696 3005 770 3062 Mox
780 3005 854 3078 quod
876 3006 902 3060 si
922 3004 1009 3061 etiarn
1021 2998 1073 3074 Εξ,
1096 3003 1164 3061 Bos.
1188 3004 1323 3080 Estpost
1339 3014 1414 3061 maen

360 3089 470 3148 omittit
491 3089 579 3147 etiam
602 3089 680 3166 Spir.
702 3086 768 3167 [B],
790 3106 849 3147 non
871 3099 950 3146 recte
971 3089 1003 3146 in
1024 3089 1192 3148 huiusmodi
1213 3089 1346 3165 epodosi.

445 3173 517 3251 Cep.
540 3176 578 3246 V,
604 3178 652 3232 ll.
685 3195 741 3250 que
762 3184 787 3232 el
808 3176 837 3232 la·
852 3170 1105 3255 namtmmveatrr‘)
1127 3175 1187 3232 Hos
1197 3175 1340 3251 appellat,
1352 3187 1416 3248 quon
1489 3211 1490 3252 ,

360 3279 458 3336 supra,
481 3260 551 3334 quia
571 3261 742 3318 remotiores
754 3269 846 3332 erent,
869 3260 987 3337 saepius
998 3260 1145 3317 contrario
1156 3261 1330 3336 pronomine
1341 3257 1415 3338 (ilat)

360 3346 571 3404 demonstravit
593 3345 635 3422 (5,
649 3347 677 3418 6,
691 3346 719 3418 8,
733 3346 761 3418 9,
777 3344 844 3424 10),
874 3346 992 3422 opinor,
1014 3345 1098 3420 qnia,
1121 3363 1186 3402 cum
1209 3346 1322 3420 topice,
1351 3357 1416 3419 quae
1489 3395 1490 3404 ,

360 3449 461 3489 eornm
477 3431 597 3507 proprie
607 3440 700 3503 erent,
722 3439 987 3502 commemorasset,
1009 3430 1271 3507 animopropiores
1293 3445 1416 3488 occurrue-

359 3516 439 3574 bent,
483 3515 543 3576 Sed
564 3517 595 3574 in
618 3517 673 3574 bac
694 3517 916 3594 significatione,
939 3516 1010 3590 quid
1031 3515 1148 3590 utrique
1160 3515 1416 3578 sinrilirertooiant,
1489 3537 1490 3594 3

360 3602 545 3660 scribendum
567 3603 697 3660 videtur:
730 3613 760 3660 et
781 3604 810 3660 ΙιιΙ
829 3613 941 3660 utantur
961 3613 986 3660 el
1006 3605 1100 3672 omtri,
1129 3619 1166 3658 ex
1193 3618 1253 3675 que
1281 3601 1417 3677 scriptum
1489 3595 1490 3598 ’

360 3687 390 3744 in
412 3687 473 3744 Eri.
496 3687 595 3745 codice
618 3698 713 3747 ortum
735 3698 888 3764 putoque.
910 3684 951 3768 [B
967 3705 1154 3762 qnoqueque.
1180 3686 1286 3761 Itaque
1302 3689 1418 3744 nuncet
1489 3759 1490 3764 η

360 3772 468 3830 addidi.
516 3773 651 3842 Quomodo
673 3775 729 3850 Ep.
753 3775 797 3842 A;
819 3773 849 3830 in
872 3775 898 3831 B
920 3781 984 3830 erat
1005 3769 1082 3852 qud]

444 3859 494 3915 sed
509 3862 587 3916 mom
608 3855 777 3939 nodosam)
798 3858 959 3916 Lambinus
970 3858 1089 3935 scripsit
1098 3859 1147 3916 sed
1156 3859 1230 3932 quod
1239 3866 1274 3930 el,
1285 3854 1417 3914 Davisius

360 3944 489 4002 malebat
509 3947 558 4003 sed
578 3955 603 4002 et
624 3949 698 4020 qaia,
721 3944 807 4003 nimis
829 3963 931 4002 severe
953 3944 1115 4002 cretionem
1137 3943 1289 4020 exigentes
1305 3941 1343 4000 ad
1360 3955 1417 3997 nor·
1489 3959 1490 3966 ¹

361 4043 452 4098 mem3
476 4029 534 4087 vid.
557 4047 621 4088 exe.
643 4030 681 4089 ed
702 4031 727 4102 1,
751 4031 791 4088 23
804 4030 903 4109 (VII).
925 4031 998 4088 Mox
1010 4032 1159 4087 calcedam
1181 4025 1417 4086 omittituretiam

360 4117 390 4173 in
413 4114 491 4174 Gud.
513 4125 648 4190 utroque,
670 4117 739 4174 Bas.
783 4115 886 4175 Genus
908 4115 1097 4192 praecipuum
1119 4133 1226 4186 rernm,
1248 4131 1323 4188 ques
1344 4113 1418 4169 inre·

361 4201 469 4276 stigare
490 4201 521 4258 in
543 4201 672 4279 physicis
695 4201 860 4272 studebant,
884 4199 988 4260 Cicero
1010 4200 1142 4258 nominat
1159 4196 1228 4276 (cir.
1239 4199 1278 4256 ed
1289 4199 1349 4268 111,
1362 4192 1418 4266 37).

361 4285 444 4359 Quae
456 4296 626 4362 sequuntur,
649 4287 775 4345 maxime
798 4287 964 4345 desummo
985 4293 1099 4344 rectore
1122 4296 1152 4343 et
1173 4285 1209 4342 de
1230 4284 1294 4341 cius
1317 4283 1355 4340 nd
1376 4297 1419 4338 na·

361 4379 456 4429 turem
478 4381 549 4449 epta
569 4373 692 4444 ratione,
714 4391 790 4447 ques
812 4372 851 4430 sit
872 4390 985 4429 summo
1006 4372 1064 4442 lex,
1087 4389 1124 4428 ea
1144 4369 1275 4427 emedia
1286 4369 1360 4429 Stoa
1369 4365 1419 4431 bib
