3018 5052
352 377 420 442 480
741 396 786 442 nu
809 397 939 445 rursus
962 399 1032 444 sou.

355 565 476 642 datam,
509 580 615 630 verum
647 565 741 630 etiam
762 573 933 632 extructam
960 567 1151 648 disciplinam
1179 586 1240 632 non
1267 574 1315 634 est
1333 566 1405 630 mele

355 667 543 748 perdiscere.
588 667 668 732 Tum
694 667 758 733 ille:
791 668 860 733 Ain'
887 669 1034 734 tandem?
1066 669 1179 750 inquit;
1212 688 1282 734 cum
1308 688 1361 750 ego
1382 677 1405 730 te

355 768 415 834 hac
436 789 516 836 nova
537 769 605 851 lege
625 771 748 834 videam
774 771 883 836 eodem
910 771 960 836 die
987 770 1160 836 accusatori
1181 773 1367 853 respondere
1384 777 1405 833 et

355 870 456 936 tribus
477 871 563 937 horis
584 891 745 954 perorare,
778 873 811 938 in
836 872 895 938 hac
921 891 971 937 me
997 891 1092 938 causa
1113 881 1236 955 tempus
1258 873 1406 938 mutinum

314 975 469 1054 dputes?
491 993 571 1056 quae
591 983 696 1040 tamen
718 993 737 1039 a
758 981 790 1040 te
811 981 921 1056 agetur
943 995 1003 1040 non
1015 975 1131 1054 melior,
1153 995 1246 1058 quam
1262 976 1407 1049 illaesmt,

357 1093 435 1156 quas
467 1076 624 1142 interdum
656 1077 785 1143 obtines.
835 1078 939 1155 Quare
971 1077 1063 1144 istam
1090 1096 1214 1160 quoque
1246 1079 1407 1161 aggredere

357 1181 522 1242 tractatam
544 1180 730 1260 praesertim
751 1186 782 1244 et
802 1179 842 1244 ab
863 1179 932 1244 aliis
955 1187 987 1244 et
1007 1199 1027 1244 a
1048 1187 1081 1245 te
1102 1179 1298 1263 ipsosaepe,
1319 1188 1352 1244 ut
1365 1178 1407 1242 tihi

362 1270 481 1345 deesse'
494 1299 556 1346 non
578 1281 680 1363 possit
695 1282 802 1347 oratio.
847 1283 876 1346 2.
899 1282 979 1346 Tum
990 1300 1061 1363 ego:
1084 1282 1153 1346 Non
1176 1283 1354 1360 mehercule,
1372 1283 1408 1344 io·

355 1400 459 1464 quum,
483 1383 566 1448 soleo
589 1388 706 1449 temere
728 1390 835 1448 contra
857 1383 990 1464 Stoicos,
1012 1403 1073 1449 non
1095 1403 1157 1466 quo
1178 1385 1238 1449 illis
1260 1384 1409 1450 admodum

426 1628 448 1672 2.
467 1631 515 1672 tum
532 1621 571 1672 ills
588 1639 621 1672 aa
638 1623 731 1672 tandem
750 1623 773 1672 Ε
790 1632 844 1672 tane
861 1621 926 1672 illam
944 1623 1037 1672 tandem
1056 1623 1076 1671 L
1094 1631 1145 1673 leue
1163 1623 1228 1674 ullum
1247 1623 1341 1674 laudea
1356 1621 1410 1671 Pon

355 1695 380 1740 8.
399 1707 445 1740 noa
460 1691 537 1756 percu
553 1691 634 1742 decem
654 1694 670 1741 l.
706 1693 800 1756 rirpuum
818 1707 858 1742 om
886 1692 976 1744 LPCR
1020 1697 1042 1741 9.
1064 1691 1122 1759 [cole
1139 1701 1160 1742 re
1178 1707 1224 1758 pro
1240 1693 1304 1742 soleo
1323 1690 1354 1759 Δ]
1371 1688 1410 1738 sele

357 1759 375 1808 Ε
394 1758 469 1810 solere
487 1759 555 1812 PCR
589 1769 671 1810 contro
690 1760 784 1812 Stor'cor
802 1769 886 1810 torrere
904 1761 925 1810 P

356 1966 529 2026 difficultate
552 1970 650 2046 potius
673 1969 769 2027 dicere
792 1969 898 2025 debere
921 1968 1064 2040 videatur,
1087 1969 1194 2044 partim
1218 1969 1297 2044 quod
1319 1970 1410 2042 imago,

356 2072 432 2127 quae
454 2055 492 2112 sit
514 2055 543 2111 in
567 2055 665 2112 verbis
680 2057 829 2130 firndulum
848 2065 877 2111 et
898 2065 1056 2126 extructam,
1079 2073 1137 2112 non
1160 2065 1302 2112 servetur.
1325 2053 1411 2131 (Lam-

354 2139 425 2196 bino
447 2141 596 2198 moverem
617 2149 669 2198 aut
690 2151 803 2198 werdere
824 2149 876 2196 ant
897 2140 1008 2214 aliquid
1035 2140 1093 2197 tale
1116 2141 1227 2215 requiri
1248 2133 1411 2210 videbatur.)

354 2223 415 2284 Sed
437 2225 557 2298 Cicero,
586 2227 663 2300 qnod
686 2226 744 2284 iam
766 2225 911 2284 Lambino
939 2225 969 2282 in
997 2235 1124 2282 mentem
1146 2226 1245 2292 venit,
1277 2235 1411 2300 tamqnam

356 2319 457 2368 orator
478 2311 608 2368 dicturus
635 2312 764 2369 nondum
792 2331 823 2369 se
851 2331 961 2368 causam
988 2312 1060 2368 satia
1082 2313 1208 2368 didicisse
1229 2311 1372 2388 significat
1389 2319 1411 2363 et

355 2404 524 2470 praeterea,
558 2416 594 2454 ne
626 2397 688 2455 sine
716 2411 805 2455 causa
832 2395 906 2456 Cato
940 2405 999 2453 tarn
1029 2397 1123 2454 multa
1149 2397 1259 2454 dixisse
1282 2397 1412 2454 videatur.

357 2481 487 2540 modeste
509 2483 603 2560 fingit,
626 2501 657 2540 se
680 2483 822 2557 quaedam
845 2501 923 2539 nunc
945 2482 982 2538 ab
1004 2501 1039 2540 eo
1051 2482 1198 2554 didicisse,
1221 2482 1258 2539 ed
1271 2498 1412 2557 quaecun-

353 2566 511 2626 siderande
532 2569 629 2645 spatio
651 2587 725 2645 opus
747 2570 794 2627 sit.
837 2568 1002 2644 Imaginnm
1024 2567 1105 2625 illam
1128 2569 1324 2626 constantiam
1339 2565 1413 2624 inhis

353 2653 459 2710 saltem
481 2654 565 2712 libris
587 2673 645 2712 non
667 2663 727 2712 tam
749 2654 863 2712 curiose
885 2663 1012 2711 sectatus
1035 2663 1104 2710 est..

446 2739 514 2796 Tum
535 2743 591 2798 ille:
613 2739 676 2796 Aio'
698 2735 818 2820 ιαηάεηι)
842 2739 892 2800 Sic
913 2759 970 2815 mg.
994 2738 1083 2810 Oret,
1106 2748 1168 2796 tum
1184 2739 1263 2796 vict.
1286 2747 1317 2795 et
1337 2733 1414 2796 ceteri

355 2823 503 2901 deinceps,
516 2824 603 2884 Grut
615 2823 718 2904 [ch]
731 2834 761 2882 et
771 2827 847 2884 Dav.
865 2825 900 2882 de
913 2825 1061 2882 codicibus
1073 2835 1217 2889 tacentem
1236 2824 1313 2900 Spin.
1328 2821 1378 2902 [B]
1389 2831 1413 2876 ut

355 2909 427 2974 nri..
449 2911 584 2986 proxime
595 2930 706 2970 verum.
734 2911 813 2970 Oxx.
834 2923 879 2987 χψ
902 2913 1051 2968 concillum
1074 2913 1189 2976 loom,
1212 2906 1255 2978 Εξ
1277 2921 1332 2966 cern
1353 2911 1414 2966 tuan

354 2999 471 3067 modom,
495 2994 573 3056 Gud.
594 3000 620 3070 l,
634 2999 662 3068 2,
685 2997 811 3066 Monac,
835 2997 903 3056 Bas.
927 2999 1082 3054 concillum
1105 2991 1198 3074 (Gud.
1224 2999 1251 3066 1,
1274 2997 1343 3054 Bas.
1364 2993 1413 3062 illo)

355 3085 471 3140 madon.

442 3171 492 3226 lac
514 3187 583 3225 noua
605 3167 672 3244 lupe)
695 3187 753 3242 qua
775 3167 935 3243 Pompeius
958 3167 1076 3224 tertium
1099 3167 1202 3224 consul
1224 3167 1265 3242 (a.
1285 3167 1338 3240 52)
1360 3166 1413 3220 bre·

354 3255 467 3311 viorem
489 3254 663 3311 iudiciorum
685 3253 808 3311 formam
832 3253 998 3324 constituit,
1031 3261 1065 3309 ut
1086 3252 1188 3310 eodem
1211 3253 1259 3309 die
1282 3254 1320 3309 ab
1341 3267 1415 3308 accu-

356 3349 453 3398 satore
476 3349 505 3396 et
526 3340 564 3396 ab
586 3358 636 3396 rec
659 3347 859 3414 perureretur,
894 3349 923 3396 et
944 3339 1019 3395 duae
1041 3338 1131 3395 horae
1153 3339 1333 3401 accusatori,
1365 3347 1414 3391 tres

354 3445 406 3483 reo
428 3425 581 3494 darentur·;
604 3424 662 3481 vid.
685 3427 795 3483 Ascon.
818 3443 929 3500 argum.
946 3424 1048 3482 Milon.
1073 3443 1101 3499 p.
1117 3424 1174 3480 145
1198 3424 1269 3480 Hot.
1293 3437 1414 3500 quaeque

356 3511 391 3567 de
414 3530 449 3568 ea
471 3512 544 3586 lege,
568 3509 707 3568 adhibitis
718 3510 822 3568 celeris
834 3510 1009 3566 testimoniis
1031 3510 1128 3586 (Brut
1142 3509 1213 3582 324,
1230 3509 1311 3566 Pluc
1323 3509 1415 3579 Pomp·

358 3597 407 3668 55,
430 3596 559 3671 Appian.
583 3593 648 3654 civ.
670 3597 717 3666 11,
747 3597 802 3668 23,
832 3595 920 3652 Dion.
944 3595 1026 3654 Cass.
1048 3595 1115 3665 XL,
1140 3592 1210 3672 52),
1244 3593 1367 3670 exposui
1391 3590 1415 3646 in

357 3681 554 3757 disputatione
577 3681 613 3737 de
631 3681 756 3740 tribunis
768 3681 899 3752 aerariis,
923 3681 1031 3756 Opusc.
1055 3680 1149 3738 Acad.
1161 3681 1234 3756 Hp.
1248 3681 1319 3738 246.
1351 3678 1415 3756 (Pro

356 3769 459 3826 videam
487 3767 550 3824 cod.
572 3767 648 3824 Mor.
675 3767 809 3844 aridium.)
853 3767 967 3824 Deinde
995 3767 1070 3826 Cato
1093 3766 1275 3839 Ciceronem,
1300 3779 1415 3824 cumve·

353 3873 417 3911 ram
441 3853 605 3913 Stoicorum
628 3852 812 3928 disciplinam
834 3853 999 3928 impugnet,
1027 3871 1086 3909 non
1108 3853 1216 3909 bonam
1237 3869 1357 3910 causam
1376 3864 1417 3904 ar·

355 3951 452 3997 turum
475 3939 555 4010 dicit,
579 3938 702 3995 similem
725 3957 834 4008 earum,
858 3957 930 4012 quas
952 3938 1099 3995 interdum
1122 3939 1150 3994 in
1169 3933 1417 3996 iudiciisoratorio

354 4025 479 4082 artificio
501 4025 640 4082 obtineat.

443 4112 470 4167 2.
493 4111 555 4168 Non
576 4111 730 4181 mehercule,
753 4112 871 4183 inquiam,
895 4109 976 4184 solco)
1000 4109 1116 4183 inquam
1137 4108 1251 4166 addidit
1273 4107 1353 4167 Crat.
1380 4103 1417 4176 (in

233 4215 236 4222 ’
355 4194 524 4272 contextu),
548 4205 609 4253 lum
631 4195 771 4252 Davisius
796 4213 811 4251 e
831 4194 939 4266 tribus,
968 4193 1061 4253 Gzins
1083 4212 1121 4250 ex
1143 4194 1279 4251 omnibus
1302 4191 1343 4270 (l)
1365 4188 1418 4248 suis

356 4281 610 4356 praeterfluus,
633 4281 746 4338 accedit
758 4280 861 4338 Moral.
874 4277 936 4360 [B].
970 4281 1047 4337 Tum
1066 4282 1119 4336 cole
1131 4275 1184 4359 [B]
1206 4279 1311 4336 hebuit
1332 4277 1417 4335 codex

353 4367 546 4443 archetypum
569 4369 652 4424 solere
673 4367 749 4424 Pall.
769 4365 796 4436 3,
816 4368 844 4437 4,
865 4369 892 4438 5,
912 4369 940 4437 6,
968 4366 1060 4434 Dav.,
1084 4366 1177 4435 Ouio,
1201 4364 1279 4423 Gud.
1307 4367 1333 4436 1,
1356 4363 1418 4420 Bas·
1486 4411 1487 4446 ,
