2944 5040
325 408 387 472 792
750 421 923 471 uxounsns
949 423 969 470 1.

325 597 461 657 Ciceroni
479 598 512 655 11
534 597 572 654 N.
585 597 623 654 D.
642 598 677 665 6,
707 597 756 654 ubi
780 595 911 671 scripsit:
946 597 1032 670 quue
1060 599 1143 654 euenit
1164 617 1215 653 nou
1238 607 1332 653 teum
1352 616 1392 652 uec

324 703 399 752 casu,
422 685 471 740 sed
492 683 565 757 quod
586 692 617 738 et
634 693 790 758 praecones
812 683 993 756 sucpediuim
1016 701 1093 738 auem
1116 684 1270 752 declarant,
1294 693 1322 738 ut
1342 694 1391 738 cet.

326 767 478 844 Significat
500 767 641 838 Lucilius,
664 786 695 824 se
708 777 826 842 praeter
837 767 1032 842 praesentiam
1046 768 1166 824 deorum
1179 769 1266 824 aliam
1281 786 1390 824 causam

324 853 505 930 prolaturum
518 871 597 922 osse;
621 853 720 928 itaque
742 851 811 909 huic
832 853 991 928 respondet
1013 852 1086 910 illud
1109 854 1175 922 §72
1200 855 1391 910 Prnedictroues

327 959 386 996 vero
408 948 432 994 ct
449 942 651 1014 praesensiones
674 957 762 995 rerum
778 940 940 1011 suturarum
962 947 1017 994 cet.
1052 939 1138 1014 (Post
1151 940 1226 1012 quod
1246 938 1320 994 huuc
1335 938 1389 994 ior-

325 1043 402 1081 mam
414 1023 542 1080 vidimus
554 1024 641 1080 etiam
655 1023 772 1081 Partitt.
786 1022 881 1081 Oratt.
895 1024 944 1080 50.
960 1021 986 1100 ¹)
1008 1025 1109 1098 Atque
1121 1024 1263 1080 hactenus
1274 1023 1389 1080 ostendi.

326 1111 427 1184 quales
449 1109 508 1167 loci
530 1119 609 1166 recte
632 1109 670 1166 ad
692 1109 768 1166 hanc
791 1109 933 1166 orationis
955 1109 1077 1184 figuram
1090 1119 1314 1171 revocarentur:
1334 1107 1388 1164 dixi

325 1195 384 1252 iam
408 1195 502 1260 initio,
526 1194 556 1250 iu
579 1195 646 1251 eliis
669 1194 741 1258 locis
764 1212 848 1251 secus
871 1193 900 1250 id
924 1194 996 1250 fieri.
1030 1195 1135 1268 ltaque
1157 1195 1221 1250 inre
1244 1193 1388 1270 reprehen-

325 1281 442 1350 duntur,
466 1279 517 1354 qni
540 1280 595 1336 huc
618 1278 968 1348 trahuntIdeOff.14‘2,
992 1279 1043 1337 ubi
1065 1298 1160 1354 neque
1172 1279 1305 1353 sequntur
1314 1279 1388 1352 quid·

325 1385 422 1440 quam,
446 1365 524 1440 qnod
546 1365 584 1421 ad
606 1375 630 1422 et
652 1364 812 1432 referatur,
842 1374 871 1422 et
893 1365 1038 1440 particula
1060 1365 1125 1440 ipsa
1146 1365 1275 1422 refertur
1295 1365 1330 1421 ad
1348 1381 1387 1421 ca.

325 1471 401 1526 quae
424 1461 492 1508 ante
515 1451 594 1508 dicta
617 1460 685 1508 sunt
707 1451 742 1506 de
765 1451 853 1507 rebus
875 1469 929 1508 suo
951 1451 1017 1507 loco
1039 1451 1235 1518 collocandis,
1259 1461 1292 1506 nt
1312 1450 1387 1526 plane

326 1555 379 1612 pro
402 1539 481 1593 eu'om
503 1546 638 1612 ponatur.
672 1535 777 1594 Nede
800 1535 883 1594 Orat
906 1536 922 1592 Ι
944 1536 1062 1610 quidem
1089 1536 1148 1592 113
1166 1535 1385 1593 allueret-ratio..

326 1641 377 1680 cur
399 1621 504 1680 Cicero
526 1622 644 1678 brevem
657 1631 687 1678 et
698 1630 798 1696 aptam
810 1621 1051 1697 compositionem
1064 1621 1254 1690 dissolveret3
1277 1632 1306 1678 et
1319 1619 1386 1695 quod

327 1707 411 1764 mult-i
434 1707 550 1764 codices
573 1707 709 1764 dicuntur
721 1725 774 1781 pro
786 1717 810 1762 et
832 1708 955 1784 (siquis)
978 1706 1087 1763 habere
1109 1709 1166 1775 sed,
1191 1707 1277 1764 valde
1288 1706 1385 1769 dubito,

325 1811 466 1850 verumne
479 1792 531 1863 sit,
555 1793 658 1849 saltem
670 1810 764 1866 neque
776 1791 839 1850 Eri.
857 1791 946 1848 habet
957 1811 1051 1866 neque
1063 1791 1142 1850 Oxx.
1166 1793 1247 1850 Male
1259 1793 1341 1848 etiam
1352 1791 1386 1846 ita

326 1877 493 1936 defenditur
504 1877 536 1934 ΙΙ
560 1879 594 1934 de
608 1877 691 1936 Orat
705 1878 775 1948 319,
799 1878 849 1934 ubi
861 1877 945 1934 adest
956 1889 980 1934 et
992 1910 1032 1918 —
1044 1888 1077 1948 et,
1101 1878 1152 1935 sed
1164 1878 1320 1953 posteriori
1332 1894 1386 1951 per·

325 1983 409 2021 verse
421 1964 612 2039 praeponitur
623 1967 669 2020 itu.
704 1962 799 2021 Omisi
821 1962 877 2026 hic,
901 1964 971 2038 qnia
982 1962 1040 2019 iam
1052 1963 1090 2019 ad
1102 1965 1139 2033 V,
1154 1965 1193 2020 64
1217 1973 1337 2020 tractata
1348 1979 1385 2018 res

326 2061 380 2118 est,
403 2067 491 2107 unam
504 2049 590 2106 huius
602 2047 803 2106 dissolutionis
820 2049 957 2124 speciem,
976 2067 1041 2105 cnm
1054 2067 1108 2123 pro
1120 2059 1145 2106 et
1156 2082 1196 2090 —
1209 2050 1275 2106 etin
1287 2048 1385 2105 duabus

327 2135 489 2202 sententiis,
513 2143 611 2192 cetera
622 2134 754 2190 oratione
771 2143 896 2201 servata,
921 2134 1109 2191 substituitur
1130 2145 1155 2190 et
1171 2170 1213 2177 —
1231 2155 1290 2209 que.
1309 2143 1338 2189 nt
1353 2131 1385 2188 id.

326 2221 404 2293 quod
428 2239 464 2276 ex
487 2237 582 2292 aequo
605 2219 737 2294 copulari
761 2219 900 2285 debebat,
929 2218 1015 2276 alteri
1037 2220 1222 2295 adiungatur.
1266 2221 1314 2276 Ab
1340 2219 1386 2274 hac

326 2303 422 2362 forma
438 2304 648 2380 seiungendum
661 2314 713 2363 est.
737 2305 814 2378 qnod
826 2305 855 2360 in
868 2305 883 2362 I
895 2305 931 2360 de
944 2305 1011 2362 Div.
1039 2307 1097 2362 126
1110 2306 1252 2362 accidisse
1264 2305 1384 2369 vidimus,

327 2400 360 2447 ut
382 2390 427 2458 id,
450 2389 528 2464 qnod
551 2390 696 2465 superiori
723 2399 747 2446 et
768 2391 946 2465 respondere
968 2390 1097 2460 deberet,
1119 2391 1305 2447 induceretur
1324 2386 1384 2448 illud

325 2475 443 2551 quidem
465 2494 519 2550 per
540 2475 714 2551 particulam
737 2495 796 2549 que,
821 2476 870 2532 sed
896 2475 955 2532 alio
977 2476 1110 2532 relatam.

411 2560 451 2617 II.
484 2561 626 2618 Proxima
649 2561 761 2636 species
784 2571 837 2631 ost,
860 2579 926 2617 cum
950 2561 1121 2618 dissolvitur
1143 2560 1291 2636 copulatio
1310 2575 1385 2634 nege·

325 2646 396 2715 tiva,
419 2663 494 2720 quae
512 2646 579 2724 ,fieri
601 2646 689 2702 debet
710 2666 793 2720 neque
814 2647 971 2722 geminato.
1021 2647 1094 2702 Eum
1117 2646 1241 2703 formam
1265 2645 1346 2702 habet
1365 2642 1384 2698 is

325 2731 418 2800 locus,
442 2732 492 2806 qni
515 2732 600 2790 nobis
622 2732 694 2788 haec
717 2731 930 2806 complectendi
947 2732 1131 2788 occasionem
1144 2732 1233 2798 dedit,
1257 2732 1305 2787 lib.
1317 2731 1338 2789 Ι,
1352 2727 1384 2782 23

326 2827 355 2873 et
378 2817 418 2873 24
441 2827 471 2873 et
492 2818 568 2874 alter
590 2817 619 2873 iu
642 2817 718 2874 libro
740 2818 781 2886 11,
796 2819 845 2874 71.
879 2816 1017 2875 Ostendit
1039 2817 1153 2888 Cicero,
1177 2818 1228 2891 qni
1250 2816 1384 2890 voluptate

326 2901 425 2958 omnia
447 2901 584 2978 dirigunt,
606 2903 744 2959 uirtutem
773 2903 849 2959 tueri
877 2921 935 2960 uon
964 2921 1064 2977 posse3
1098 2904 1285 2977 persequitur
1309 2899 1385 2975 igitur

326 2987 451 3044 virtutes
478 2988 649 3063 primarias:
683 2988 755 3044 num
783 3007 839 3045 neo
866 2992 908 3044 eur
930 2989 1012 3044 botius
1034 3007 1066 3044 ae
1088 2991 1174 3045 iustus
1203 2988 1294 3044 lebeti
1312 2985 1383 3041 deut.

326 3076 382 3147 qui,
406 3093 438 3129 ne
459 3076 558 3130 multem
581 3075 691 3140 habeut,
725 3075 857 3129 abstiuent
883 3093 911 3130 se
938 3074 973 3129 ob
994 3076 1102 3130 deiurio.
1147 3073 1238 3148 Sequi
1260 3070 1384 3128 debebat:

328 3177 374 3215 nee
390 3161 484 3231 J'crtie,
507 3158 594 3215 etde
617 3159 722 3216 ceteris
745 3159 903 3216 virtutibus
925 3158 1014 3216 simili
1044 3159 1145 3228 mod03
1180 3159 1232 3215 aed
1254 3159 1383 3232 digressus

326 3253 372 3301 est
393 3244 430 3300 ad
453 3244 579 3319 primum
601 3243 674 3300 illud
697 3244 816 3301 uberius
838 3244 1059 3314 declaranduu13
1083 3245 1262 3319 itaqu0572
1280 3237 1383 3299 subicit:

333 3329 409 3398 Quinc
431 3331 486 3386 dici
506 3331 597 3386 eodem
620 3331 653 3386 de
674 3333 766 3386 ceteras
789 3331 929 3386 virtutibus
946 3342 1068 3404 possunt,
1092 3338 1125 3386 ut
1148 3329 1203 3386 hoc
1226 3347 1277 3404 per
1297 3323 1382 3383 relati·

326 3434 396 3471 vum
419 3415 597 3490 adiungatur
618 3415 669 3483 eis,
694 3433 769 3488 quae
792 3415 827 3472 de
849 3415 964 3472 iustitia
985 3415 1064 3472 dicte
1086 3423 1179 3472 erant.
1224 3413 1327 3474 Eadem
1347 3417 1384 3464 et

327 3501 403 3556 ratio
426 3500 546 3557 ‘tuscul
560 3502 613 3570 lV,
628 3501 684 3557 59:
709 3502 815 3556 Eorum
838 3503 920 3574 ipitur
932 3503 1177 3574 perturbationum,
1200 3519 1269 3575 quius
1280 3497 1382 3572 ammiti

329 3589 419 3656 uom'ue
441 3595 503 3641 curet
525 3589 682 3642 curationes.
729 3586 800 3642 ,lituu
822 3605 927 3660 ireque
948 3590 1032 3642 omru's
1061 3587 1203 3659 aegritudo
1225 3605 1277 3642 uua
1298 3585 1383 3638 ratione

327 3673 448 3726 oculatur.
471 3670 571 3728 Prima
582 3672 654 3728 haec
667 3683 711 3728 est
723 3672 859 3739 varietas,
873 3671 1042 3745 quemdum
1056 3671 1159 3730 Cicero
1177 3669 1318 3745 exemplis
1327 3682 1384 3722 cou-

327 3755 433 3826 firmat,
451 3756 644 3831 significatam
656 3757 843 3833 partitionem
856 3756 978 3814 deserit:
1001 3759 1064 3812 Alio
1082 3767 1121 3812 est
1137 3761 1205 3813 eitun
1217 3758 1318 3830 tepenti,
1337 3751 1383 3806 eliu

327 3845 467 3898 miseranti
493 3851 540 3898 cut
571 3844 699 3899 incidenti
719 3843 872 3899 adhibenda
894 3844 1034 3899 medicina.
1079 3842 1196 3898 Deinde
1224 3841 1310 3898 redit:
1340 3835 1384 3891 Eu

359 4097 376 4150 't
396 4093 569 4144 Ciceronianis
588 4095 709 4158 excuiplie
729 4107 805 4142 uuum
825 4092 921 4142 uddem'
936 4093 1066 4157 scriptoris
1075 4093 1169 4142 horridi
1190 4107 1213 4142 et
1224 4091 1338 4142 orationis
1353 4086 1383 4134 di·

395 4163 502 4224 ligentur
520 4164 654 4212 struendae
671 4173 694 4210 et
714 4165 745 4211 nd
765 4163 885 4211 amussim
903 4162 1101 4211 conformandue
1119 4163 1248 4212 incuriosi.
1268 4156 1382 4208 Varronis,

395 4233 461 4294 upud
485 4245 558 4296 quem
578 4231 608 4279 de
628 4232 656 4280 R.
673 4233 699 4279 u.
717 4231 751 4286 ll,
772 4237 792 4282 l.
815 4237 845 4278 Ἡ
870 4231 909 4279 bis
928 4231 1023 4278 verbis:
1054 4228 1118 4279 Nom
1136 4239 1158 4279 et
1176 4230 1219 4294 qui
1232 4237 1302 4296 purat
1316 4239 1381 4291 pem·

396 4315 488 4348 necesse
506 4309 540 4348 eet
558 4299 685 4348 constituat
703 4317 819 4348 numerum
839 4300 916 4364 paulo
935 4309 992 4363 post
1013 4298 1074 4348 hacc
1086 4301 1247 4364 t'cspoudeut:
1267 4295 1382 4346 Prouerca

394 4371 456 4416 scire
474 4376 563 4430 oportet
580 4377 626 4418 cet.
