<?xml version="1.0" encoding="UTF-8"?>
<!DOCTYPE html PUBLIC "-//W3C//DTD XHTML 1.0 Transitional//EN"
    "http://www.w3.org/TR/xhtml1/DTD/xhtml1-transitional.dtd">
<html xmlns="http://www.w3.org/1999/xhtml" xml:lang="en" lang="en">
 <head>
  <title>
</title>
<meta http-equiv="Content-Type" content="text/html;charset=utf-8" />
  <meta name='ocr-system' content='tesseract 3.04.00' />
  <meta name='ocr-capabilities' content='ocr_page ocr_carea ocr_par ocr_line ocrx_word'/>
</head>
<body>
  <div class='ocr_page' id='page_1' title='image "./definibusbonoru04cicegoog_0630.png"; bbox 0 0 3000 5044; ppageno 0'>
   <div class='ocr_carea' id='block_1_1' title="bbox 336 367 1021 434">
    <p class='ocr_par' dir='ltr' id='par_1_1' title="bbox 336 367 1021 434">
     <span class='ocr_line' id='line_1_1' title="bbox 336 367 1021 434; baseline 0 -2"><span class='ocrx_word' id='word_1_1' title='bbox 336 367 402 432; x_wconf 76' lang='lat'>554</span> <span class='ocrx_word' id='word_1_2' title='bbox 731 386 775 432; x_wconf 86' lang='lat' dir='ltr'>nn</span> <span class='ocrx_word' id='word_1_3' title='bbox 797 379 928 434; x_wconf 66' lang='lat' dir='ltr'>ruamus</span> <span class='ocrx_word' id='word_1_4' title='bbox 950 387 1021 433; x_wconf 85' lang='lat' dir='ltr'>non.</span> 
     </span>
    </p>
   </div>
   <div class='ocr_carea' id='block_1_2' title="bbox 281 555 1416 1969">
    <p class='ocr_par' dir='ltr' id='par_1_2' title="bbox 281 555 1416 1969">
     <span class='ocr_line' id='line_1_2' title="bbox 337 555 1414 638; baseline 0.004 -20"><span class='ocrx_word' id='word_1_5' title='bbox 337 563 403 633; x_wconf 90' lang='lat' dir='ltr'>est,</span> <span class='ocrx_word' id='word_1_6' title='bbox 426 571 517 618; x_wconf 91' lang='lat' dir='ltr'>omne</span> <span class='ocrx_word' id='word_1_7' title='bbox 538 555 702 619; x_wconf 91' lang='lat' dir='ltr'>honestum</span> <span class='ocrx_word' id='word_1_8' title='bbox 724 555 801 636; x_wconf 85' lang='lat' dir='ltr'>est);</span> <span class='ocrx_word' id='word_1_9' title='bbox 834 555 885 620; x_wconf 87' lang='lat'>49.</span> <span class='ocrx_word' id='word_1_10' title='bbox 913 555 983 638; x_wconf 89' lang='lat' dir='ltr'>quis</span> <span class='ocrx_word' id='word_1_11' title='bbox 1011 555 1106 638; x_wconf 85' lang='lat' dir='ltr'>igitur</span> <span class='ocrx_word' id='word_1_12' title='bbox 1133 556 1190 623; x_wconf 92' lang='lat' dir='ltr'>tibi</span> <span class='ocrx_word' id='word_1_13' title='bbox 1217 557 1301 624; x_wconf 90' lang='lat' dir='ltr'>istud</span> <span class='ocrx_word' id='word_1_14' title='bbox 1328 559 1414 625; x_wconf 84' lang='lat' dir='ltr'>dabit</span> 
     </span>
     <span class='ocr_line' id='line_1_3' title="bbox 339 656 1414 742; baseline 0.006 -22"><span class='ocrx_word' id='word_1_15' title='bbox 339 661 466 738; x_wconf 90' lang='lat' dir='ltr'>praeter</span> <span class='ocrx_word' id='word_1_16' title='bbox 487 656 689 738; x_wconf 86' lang='lat' dir='ltr'>Pyrrhonem,</span> <span class='ocrx_word' id='word_1_17' title='bbox 712 658 889 724; x_wconf 80' lang='lat' dir='ltr'><strong>Aristonem</strong></span> <span class='ocrx_word' id='word_1_18' title='bbox 901 677 1046 724; x_wconf 87' lang='lat' dir='ltr'>eorumve</span> <span class='ocrx_word' id='word_1_19' title='bbox 1057 659 1194 724; x_wconf 74' lang='lat' dir='ltr'>nmdes?</span> <span class='ocrx_word' id='word_1_20' title='bbox 1217 667 1414 742; x_wconf 88' lang='lat' dir='ltr'>quostunou</span> 
     </span>
     <span class='ocr_line' id='line_1_4' title="bbox 338 758 1413 842; baseline 0.007 -20"><span class='ocrx_word' id='word_1_21' title='bbox 338 758 463 840; x_wconf 86' lang='lat' dir='ltr'>probas.</span> <span class='ocrx_word' id='word_1_22' title='bbox 507 759 701 839; x_wconf 81' lang='lat' dir='ltr'>Aristoteles,</span> <span class='ocrx_word' id='word_1_23' title='bbox 723 759 924 840; x_wconf 89' lang='lat' dir='ltr'>Xenocrates,</span> <span class='ocrx_word' id='word_1_24' title='bbox 946 767 1013 826; x_wconf 86' lang='lat' dir='ltr'>tota</span> <span class='ocrx_word' id='word_1_25' title='bbox 1033 761 1087 826; x_wconf 87' lang='lat' dir='ltr'>illa</span> <span class='ocrx_word' id='word_1_26' title='bbox 1107 760 1225 828; x_wconf 79' lang='lat' dir='ltr'>familia</span> <span class='ocrx_word' id='word_1_27' title='bbox 1246 764 1413 842; x_wconf 84' lang='lat' dir='ltr'>nondahit,</span> 
     </span>
     <span class='ocr_line' id='line_1_5' title="bbox 339 861 1414 945; baseline 0.007 -21"><span class='ocrx_word' id='word_1_28' title='bbox 339 861 455 944; x_wconf 85' lang='lat' dir='ltr'>quippe</span> <span class='ocrx_word' id='word_1_29' title='bbox 476 861 530 943; x_wconf 93' lang='lat' dir='ltr'>qui</span> <span class='ocrx_word' id='word_1_30' title='bbox 553 861 768 941; x_wconf 89' lang='lat' dir='ltr'>valetudinem,</span> <span class='ocrx_word' id='word_1_31' title='bbox 791 862 884 943; x_wconf 83' lang='lat' dir='ltr'>uires,</span> <span class='ocrx_word' id='word_1_32' title='bbox 907 863 1039 943; x_wconf 69' lang='lat' dir='ltr'>dividas</span> <span class='ocrx_word' id='word_1_33' title='bbox 1061 863 1207 945; x_wconf 81' lang='lat' dir='ltr'>gloriam,</span> <span class='ocrx_word' id='word_1_34' title='bbox 1235 866 1333 930; x_wconf 85' lang='lat' dir='ltr'>multa</span> <span class='ocrx_word' id='word_1_35' title='bbox 1355 867 1414 932; x_wconf 85' lang='lat' dir='ltr'>alia</span> 
     </span>
     <span class='ocr_line' id='line_1_6' title="bbox 297 963 1414 1050; baseline 0.003 -19"><span class='ocrx_word' id='word_1_36' title='bbox 297 963 421 1032; x_wconf 75' lang='lat' dir='ltr'>bbona</span> <span class='ocrx_word' id='word_1_37' title='bbox 442 981 511 1028; x_wconf 89' lang='lat' dir='ltr'>esse</span> <span class='ocrx_word' id='word_1_38' title='bbox 533 964 647 1043; x_wconf 84' lang='lat' dir='ltr'>dicant,</span> <span class='ocrx_word' id='word_1_39' title='bbox 668 964 836 1030; x_wconf 80' lang='lat' dir='ltr'>laudabilia</span> <span class='ocrx_word' id='word_1_40' title='bbox 856 985 919 1031; x_wconf 92' lang='lat' dir='ltr'>non</span> <span class='ocrx_word' id='word_1_41' title='bbox 941 966 1054 1031; x_wconf 84' lang='lat' dir='ltr'>dicant</span> <span class='ocrx_word' id='word_1_42' title='bbox 1098 965 1139 1031; x_wconf 86' lang='lat' dir='ltr'>Et</span> <span class='ocrx_word' id='word_1_43' title='bbox 1165 967 1197 1032; x_wconf 94' lang='lat' dir='ltr'>hi</span> <span class='ocrx_word' id='word_1_44' title='bbox 1224 969 1352 1050; x_wconf 89' lang='lat' dir='ltr'>quidem</span> <span class='ocrx_word' id='word_1_45' title='bbox 1373 971 1414 1034; x_wconf 84' lang='lat' dir='ltr'>ita</span> 
     </span>
     <span class='ocr_line' id='line_1_7' title="bbox 338 1064 1413 1150; baseline 0.005 -19"><span class='ocrx_word' id='word_1_46' title='bbox 338 1084 401 1131; x_wconf 92' lang='lat' dir='ltr'>non</span> <span class='ocrx_word' id='word_1_47' title='bbox 423 1066 490 1131; x_wconf 87' lang='lat' dir='ltr'>sola</span> <span class='ocrx_word' id='word_1_48' title='bbox 511 1066 626 1132; x_wconf 87' lang='lat' dir='ltr'>virtute</span> <span class='ocrx_word' id='word_1_49' title='bbox 648 1064 740 1133; x_wconf 89' lang='lat' dir='ltr'>finem</span> <span class='ocrx_word' id='word_1_50' title='bbox 763 1067 916 1133; x_wconf 90' lang='lat' dir='ltr'>bonorum</span> <span class='ocrx_word' id='word_1_51' title='bbox 938 1067 1088 1133; x_wconf 78' lang='lat' dir='ltr'>contineri</span> <span class='ocrx_word' id='word_1_52' title='bbox 1109 1075 1237 1150; x_wconf 85' lang='lat' dir='ltr'>putant,</span> <span class='ocrx_word' id='word_1_53' title='bbox 1265 1077 1299 1135; x_wconf 89' lang='lat' dir='ltr'>ut</span> <span class='ocrx_word' id='word_1_54' title='bbox 1322 1072 1413 1136; x_wconf 89' lang='lat' dir='ltr'>rebus</span> 
     </span>
     <span class='ocr_line' id='line_1_8' title="bbox 338 1168 1414 1252; baseline 0.005 -18"><span class='ocrx_word' id='word_1_55' title='bbox 338 1175 442 1234; x_wconf 86' lang='lat' dir='ltr'>tamen</span> <span class='ocrx_word' id='word_1_56' title='bbox 464 1168 604 1232; x_wconf 91' lang='lat' dir='ltr'>omnibus</span> <span class='ocrx_word' id='word_1_57' title='bbox 626 1168 773 1236; x_wconf 80' lang='lat' dir='ltr'>urmtem</span> <span class='ocrx_word' id='word_1_58' title='bbox 795 1176 998 1251; x_wconf 88' lang='lat' dir='ltr'>anteponant;</span> <span class='ocrx_word' id='word_1_59' title='bbox 1032 1170 1107 1252; x_wconf 91' lang='lat' dir='ltr'>quid</span> <span class='ocrx_word' id='word_1_60' title='bbox 1133 1189 1242 1238; x_wconf 86' lang='lat' dir='ltr'>censes</span> <span class='ocrx_word' id='word_1_61' title='bbox 1270 1191 1324 1238; x_wconf 89' lang='lat' dir='ltr'>eos</span> <span class='ocrx_word' id='word_1_62' title='bbox 1347 1193 1414 1238; x_wconf 83' lang='lat' dir='ltr'>esse</span> 
     </span>
     <span class='ocr_line' id='line_1_9' title="bbox 337 1270 1414 1357; baseline 0.002 -19"><span class='ocrx_word' id='word_1_63' title='bbox 337 1271 485 1350; x_wconf 79' lang='lat' dir='ltr'>nonnos,</span> <span class='ocrx_word' id='word_1_64' title='bbox 507 1270 562 1353; x_wconf 91' lang='lat' dir='ltr'>qui</span> <span class='ocrx_word' id='word_1_65' title='bbox 584 1271 706 1336; x_wconf 88' lang='lat' dir='ltr'>omnino</span> <span class='ocrx_word' id='word_1_66' title='bbox 728 1273 875 1336; x_wconf 88' lang='lat' dir='ltr'>virtutem</span> <span class='ocrx_word' id='word_1_67' title='bbox 896 1272 1078 1338; x_wconf 81' lang='lat' dir='ltr'>abonornun</span> <span class='ocrx_word' id='word_1_68' title='bbox 1088 1273 1150 1339; x_wconf 90' lang='lat' dir='ltr'>fine</span> <span class='ocrx_word' id='word_1_69' title='bbox 1162 1283 1414 1357; x_wconf 81' lang='lat' dir='ltr'>segregaverunt,</span> 
     </span>
     <span class='ocr_line' id='line_1_10' title="bbox 337 1373 1414 1457; baseline 0.006 -19"><span class='ocrx_word' id='word_1_70' title='bbox 337 1374 516 1456; x_wconf 86' lang='lat' dir='ltr'>Epicurum,</span> <span class='ocrx_word' id='word_1_71' title='bbox 535 1373 765 1456; x_wconf 86' lang='lat' dir='ltr'>Hieronymum,</span> <span class='ocrx_word' id='word_1_72' title='bbox 787 1375 970 1454; x_wconf 86' lang='lat' dir='ltr'>illosetiam,</span> <span class='ocrx_word' id='word_1_73' title='bbox 992 1375 1086 1457; x_wconf 88' lang='lat' dir='ltr'>siqui</span> <span class='ocrx_word' id='word_1_74' title='bbox 1096 1377 1313 1442; x_wconf 85' lang='lat' dir='ltr'>Carneadeum</span> <span class='ocrx_word' id='word_1_75' title='bbox 1322 1377 1414 1444; x_wconf 85' lang='lat' dir='ltr'>finem</span> 
     </span>
     <span class='ocr_line' id='line_1_11' title="bbox 281 1475 1414 1562; baseline 0.002 -20"><span class='ocrx_word' id='word_1_76' title='bbox 281 1479 323 1545; x_wconf 90' lang='lat'>10</span> <span class='ocrx_word' id='word_1_77' title='bbox 339 1476 421 1542; x_wconf 87' lang='lat' dir='ltr'>tueri</span> <span class='ocrx_word' id='word_1_78' title='bbox 443 1475 570 1540; x_wconf 78' lang='lat' dir='ltr'>volunt?</span> <span class='ocrx_word' id='word_1_79' title='bbox 603 1477 654 1541; x_wconf 83' lang='lat'>50.</span> <span class='ocrx_word' id='word_1_80' title='bbox 678 1477 743 1540; x_wconf 90' lang='lat' dir='ltr'>Iam</span> <span class='ocrx_word' id='word_1_81' title='bbox 765 1483 821 1540; x_wconf 89' lang='lat' dir='ltr'>aut</span> <span class='ocrx_word' id='word_1_82' title='bbox 842 1476 982 1558; x_wconf 79' lang='lat' dir='ltr'>Callipho</span> <span class='ocrx_word' id='word_1_83' title='bbox 1003 1484 1059 1543; x_wconf 93' lang='lat' dir='ltr'>aut</span> <span class='ocrx_word' id='word_1_84' title='bbox 1080 1479 1239 1544; x_wconf 90' lang='lat' dir='ltr'>Diodorus</span> <span class='ocrx_word' id='word_1_85' title='bbox 1260 1483 1414 1562; x_wconf 91' lang='lat' dir='ltr'>quomodo</span> 
     </span>
     <span class='ocr_line' id='line_1_12' title="bbox 338 1577 1414 1662; baseline 0.004 -19"><span class='ocrx_word' id='word_1_86' title='bbox 338 1583 487 1661; x_wconf 87' lang='lat' dir='ltr'>poterunt</span> <span class='ocrx_word' id='word_1_87' title='bbox 508 1577 563 1643; x_wconf 90' lang='lat' dir='ltr'>tibi</span> <span class='ocrx_word' id='word_1_88' title='bbox 583 1577 668 1643; x_wconf 89' lang='lat' dir='ltr'>istud</span> <span class='ocrx_word' id='word_1_89' title='bbox 690 1579 874 1660; x_wconf 86' lang='lat' dir='ltr'>concedere,</span> <span class='ocrx_word' id='word_1_90' title='bbox 897 1580 951 1662; x_wconf 93' lang='lat' dir='ltr'>qui</span> <span class='ocrx_word' id='word_1_91' title='bbox 972 1581 1014 1645; x_wconf 91' lang='lat' dir='ltr'>ad</span> <span class='ocrx_word' id='word_1_92' title='bbox 1035 1580 1230 1646; x_wconf 79' lang='lat' dir='ltr'>honestatem</span> <span class='ocrx_word' id='word_1_93' title='bbox 1252 1583 1338 1648; x_wconf 87' lang='lat' dir='ltr'>aliud</span> <span class='ocrx_word' id='word_1_94' title='bbox 1361 1584 1414 1647; x_wconf 89' lang='lat' dir='ltr'>ad-</span> 
     </span>
     <span class='ocr_line' id='line_1_13' title="bbox 338 1681 1415 1766; baseline 0.004 -20"><span class='ocrx_word' id='word_1_95' title='bbox 338 1681 479 1762; x_wconf 80' lang='lat' dir='ltr'>iungunt,</span> <span class='ocrx_word' id='word_1_96' title='bbox 502 1681 587 1762; x_wconf 93' lang='lat' dir='ltr'>quod</span> <span class='ocrx_word' id='word_1_97' title='bbox 608 1699 646 1744; x_wconf 81' lang='lat' dir='ltr'>en</span> <span class='ocrx_word' id='word_1_98' title='bbox 668 1681 777 1745; x_wconf 88' lang='lat' dir='ltr'>eodem</span> <span class='ocrx_word' id='word_1_99' title='bbox 798 1701 912 1762; x_wconf 84' lang='lat' dir='ltr'>genere</span> <span class='ocrx_word' id='word_1_100' title='bbox 934 1701 995 1747; x_wconf 91' lang='lat' dir='ltr'>non</span> <span class='ocrx_word' id='word_1_101' title='bbox 1018 1684 1079 1748; x_wconf 74' lang='lat' dir='ltr'>sit?</span> <span class='ocrx_word' id='word_1_102' title='bbox 1107 1683 1214 1748; x_wconf 83' lang='lat' dir='ltr'>Placet</span> <span class='ocrx_word' id='word_1_103' title='bbox 1234 1685 1331 1766; x_wconf 84' lang='lat' dir='ltr'>igitru</span> <span class='ocrx_word' id='word_1_104' title='bbox 1354 1685 1415 1764; x_wconf 85' lang='lat' dir='ltr'>tibi,</span> 
     </span>
     <span class='ocr_line' id='line_1_14' title="bbox 339 1782 1416 1864; baseline 0.003 -15"><span class='ocrx_word' id='word_1_105' title='bbox 339 1783 432 1864; x_wconf 87' lang='lat' dir='ltr'>Cato,</span> <span class='ocrx_word' id='word_1_106' title='bbox 466 1801 535 1848; x_wconf 92' lang='lat' dir='ltr'>curu</span> <span class='ocrx_word' id='word_1_107' title='bbox 563 1801 614 1846; x_wconf 89' lang='lat' dir='ltr'>res</span> <span class='ocrx_word' id='word_1_108' title='bbox 642 1782 812 1862; x_wconf 79' lang='lat' dir='ltr'>sumpseris</span> <span class='ocrx_word' id='word_1_109' title='bbox 841 1802 901 1848; x_wconf 91' lang='lat' dir='ltr'>non</span> <span class='ocrx_word' id='word_1_110' title='bbox 924 1802 1096 1864; x_wconf 72' lang='lat' dir='ltr'>concessae,</span> <span class='ocrx_word' id='word_1_111' title='bbox 1129 1805 1168 1850; x_wconf 85' lang='lat' dir='ltr'>ex</span> <span class='ocrx_word' id='word_1_112' title='bbox 1194 1785 1255 1851; x_wconf 91' lang='lat' dir='ltr'>illis</span> <span class='ocrx_word' id='word_1_113' title='bbox 1283 1785 1416 1864; x_wconf 85' lang='lat' dir='ltr'>efficere,</span> 
     </span>
     <span class='ocr_line' id='line_1_15' title="bbox 337 1885 1414 1969; baseline 0.002 -19"><span class='ocrx_word' id='word_1_114' title='bbox 337 1887 423 1968; x_wconf 93' lang='lat' dir='ltr'>quod</span> <span class='ocrx_word' id='word_1_115' title='bbox 444 1885 541 1950; x_wconf 82' lang='lat' dir='ltr'>velis?</span> <span class='ocrx_word' id='word_1_116' title='bbox 563 1885 629 1948; x_wconf 87' lang='lat' dir='ltr'>Iam</span> <span class='ocrx_word' id='word_1_117' title='bbox 651 1885 702 1949; x_wconf 91' lang='lat' dir='ltr'>ille</span> <span class='ocrx_word' id='word_1_118' title='bbox 724 1885 845 1965; x_wconf 65' lang='lat' dir='ltr'>sorites</span> <span class='ocrx_word' id='word_1_119' title='bbox 868 1905 930 1969; x_wconf 94' lang='lat' dir='ltr'>quo</span> <span class='ocrx_word' id='word_1_120' title='bbox 952 1886 1027 1951; x_wconf 87' lang='lat' dir='ltr'>nihil</span> <span class='ocrx_word' id='word_1_121' title='bbox 1049 1888 1167 1968; x_wconf 85' lang='lat' dir='ltr'>putatis</span> <span class='ocrx_word' id='word_1_122' title='bbox 1178 1907 1249 1954; x_wconf 88' lang='lat' dir='ltr'>esse</span> <span class='ocrx_word' id='word_1_123' title='bbox 1259 1889 1414 1955; x_wconf 87' lang='lat' dir='ltr'>vitiosius:</span> 
     </span>
    </p>
   </div>
   <div class='ocr_carea' id='block_1_3' title="bbox 338 2073 1417 2353">
    <p class='ocr_par' dir='ltr' id='par_1_3' title="bbox 338 2073 1417 2353">
     <span class='ocr_line' id='line_1_16' title="bbox 410 2073 1417 2138; baseline 0.005 -17"><span class='ocrx_word' id='word_1_124' title='bbox 410 2079 430 2124; x_wconf 87' lang='lat' dir='ltr'>t.</span> <span class='ocrx_word' id='word_1_125' title='bbox 455 2081 489 2122; x_wconf 75' lang='lat' dir='ltr'>eat</span> <span class='ocrx_word' id='word_1_126' title='bbox 506 2074 699 2138; x_wconf 68' lang='lat' dir='ltr'>portionarium</span> <span class='ocrx_word' id='word_1_127' title='bbox 717 2089 766 2123; x_wconf 90' lang='lat' dir='ltr'>om.</span> <span class='ocrx_word' id='word_1_128' title='bbox 786 2074 805 2124; x_wconf 90' lang='lat' dir='ltr'>E</span> <span class='ocrx_word' id='word_1_129' title='bbox 829 2089 895 2123; x_wconf 84' lang='lat' dir='ltr'>omne</span> <span class='ocrx_word' id='word_1_130' title='bbox 917 2073 1039 2126; x_wconf 72' lang='lat' dir='ltr'>laudabile</span> <span class='ocrx_word' id='word_1_131' title='bbox 1060 2076 1179 2126; x_wconf 76' lang='lat' dir='ltr'>honestum</span> <span class='ocrx_word' id='word_1_132' title='bbox 1202 2085 1237 2127; x_wconf 76' lang='lat' dir='ltr'>eet</span> <span class='ocrx_word' id='word_1_133' title='bbox 1260 2077 1305 2128; x_wconf 79' lang='lat' dir='ltr'>tc</span> <span class='ocrx_word' id='word_1_134' title='bbox 1379 2077 1417 2126; x_wconf 76' lang='lat' dir='ltr'>nbi</span> 
     </span>
     <span class='ocr_line' id='line_1_17' title="bbox 338 2141 1415 2208; baseline 0.005 -17"><span class='ocrx_word' id='word_1_135' title='bbox 338 2159 393 2208; x_wconf 75' lang='lat' dir='ltr'>erqo</span> <span class='ocrx_word' id='word_1_136' title='bbox 410 2142 544 2193; x_wconf 84' lang='lat' dir='ltr'>LPCROr.</span> <span class='ocrx_word' id='word_1_137' title='bbox 616 2147 638 2193; x_wconf 78' lang='grc'>3.</span> <span class='ocrx_word' id='word_1_138' title='bbox 658 2144 720 2193; x_wconf 80' lang='lat' dir='ltr'>Post</span> <span class='ocrx_word' id='word_1_139' title='bbox 737 2141 878 2193; x_wconf 61' lang='lat' dir='ltr'>Aristoteles</span> <span class='ocrx_word' id='word_1_140' title='bbox 897 2145 956 2197; x_wconf 83' lang='lat' dir='ltr'>add.</span> <span class='ocrx_word' id='word_1_141' title='bbox 974 2145 1068 2196; x_wconf 82' lang='lat' dir='ltr'>veroO</span> <span class='ocrx_word' id='word_1_142' title='bbox 1139 2151 1162 2197; x_wconf 79' lang='grc'>5,</span> <span class='ocrx_word' id='word_1_143' title='bbox 1181 2163 1233 2195; x_wconf 75' lang='lat' dir='ltr'>me</span> <span class='ocrx_word' id='word_1_144' title='bbox 1250 2145 1333 2195; x_wconf 65' lang='lat' dir='ltr'>ducam</span> <span class='ocrx_word' id='word_1_145' title='bbox 1351 2146 1415 2196; x_wconf 80' lang='lat' dir='ltr'>Ll’c</span> 
     </span>
     <span class='ocr_line' id='line_1_18' title="bbox 338 2211 1415 2282; baseline 0.003 -23"><span class='ocrx_word' id='word_1_146' title='bbox 338 2211 423 2260; x_wconf 70' lang='lat' dir='ltr'>etia</span> <span class='ocrx_word' id='word_1_147' title='bbox 465 2211 704 2269; x_wconf 76' lang='lat' dir='ltr'>l.eaaeom.tLl0r.</span> <span class='ocrx_word' id='word_1_148' title='bbox 747 2211 943 2262; x_wconf 80' lang='lat' dir='ltr'>9.Cameodium</span> <span class='ocrx_word' id='word_1_149' title='bbox 953 2211 996 2262; x_wconf 89' lang='lat' dir='ltr'>Or.</span> <span class='ocrx_word' id='word_1_150' title='bbox 1035 2213 1200 2279; x_wconf 82' lang='lat' dir='ltr'>10.[Calippo</span> <span class='ocrx_word' id='word_1_151' title='bbox 1219 2213 1267 2282; x_wconf 76' lang='lat' dir='ltr'>ab]</span> <span class='ocrx_word' id='word_1_152' title='bbox 1292 2215 1415 2280; x_wconf 71' lang='lat' dir='ltr'>Calliphana</span> 
     </span>
     <span class='ocr_line' id='line_1_19' title="bbox 339 2279 1350 2353; baseline 0.004 -25"><span class='ocrx_word' id='word_1_153' title='bbox 339 2279 421 2342; x_wconf 75' lang='lat' dir='ltr'>(utor.</span> <span class='ocrx_word' id='word_1_154' title='bbox 457 2297 503 2344; x_wconf 84' lang='lat' dir='ltr'>quo</span> <span class='ocrx_word' id='word_1_155' title='bbox 518 2281 665 2346; x_wconf 72' lang='lat' dir='ltr'>potarunt?</span> <span class='ocrx_word' id='word_1_156' title='bbox 705 2285 743 2330; x_wconf 88' lang='lat' dir='ltr'>ll.</span> <span class='ocrx_word' id='word_1_157' title='bbox 762 2280 893 2346; x_wconf 80' lang='lat' dir='ltr'>adiunqunt</span> <span class='ocrx_word' id='word_1_158' title='bbox 912 2279 1024 2334; x_wconf 82' lang='lat' dir='ltr'>Pcaor.</span> <span class='ocrx_word' id='word_1_159' title='bbox 1078 2281 1350 2353; x_wconf 71' lang='lat' dir='ltr'>1⁴.[quidvelb1·:h]</span> 
     </span>
    </p>
   </div>
   <div class='ocr_carea' id='block_1_4' title="bbox 423 2469 1413 2550">
    <p class='ocr_par' dir='ltr' id='par_1_4' title="bbox 423 2449 1413 2550">
     <span class='ocr_line' id='line_1_20' title="bbox 423 2469 1413 2550; baseline 0.005 -23"><span class='ocrx_word' id='word_1_160' title='bbox 423 2490 498 2528; x_wconf 73' lang='lat' dir='ltr'>orma</span> <span class='ocrx_word' id='word_1_161' title='bbox 520 2473 655 2530; x_wconf 70' lang='lat' dir='ltr'>honestum</span> <span class='ocrx_word' id='word_1_162' title='bbox 677 2469 730 2550; x_wconf 82' lang='lat' dir='ltr'>eat)</span> <span class='ocrx_word' id='word_1_163' title='bbox 763 2472 834 2547; x_wconf 88' lang='lat' dir='ltr'>quia</span> <span class='ocrx_word' id='word_1_164' title='bbox 855 2472 1011 2530; x_wconf 87' lang='lat' dir='ltr'>honestum</span> <span class='ocrx_word' id='word_1_165' title='bbox 1034 2483 1064 2530; x_wconf 88' lang='lat' dir='ltr'>et</span> <span class='ocrx_word' id='word_1_166' title='bbox 1084 2473 1234 2532; x_wconf 83' lang='lat' dir='ltr'>laudabile</span> <span class='ocrx_word' id='word_1_167' title='bbox 1256 2474 1340 2532; x_wconf 65' lang='lat' dir='ltr'>idem&#39;</span> <span class='ocrx_word' id='word_1_168' title='bbox 1361 2485 1413 2538; x_wconf 67' lang='lat' dir='ltr'>est,</span> 
     </span>
    </p>
   </div>
   <div class='ocr_carea' id='block_1_5' title="bbox 337 2555 1490 4434">
    <p class='ocr_par' dir='ltr' id='par_1_5' title="bbox 337 2555 1415 3066">
     <span class='ocr_line' id='line_1_21' title="bbox 337 2555 1414 2642; baseline 0.004 -28"><span class='ocrx_word' id='word_1_169' title='bbox 337 2565 370 2614; x_wconf 90' lang='lat' dir='ltr'>nt</span> <span class='ocrx_word' id='word_1_170' title='bbox 392 2555 564 2632; x_wconf 88' lang='lat' dir='ltr'>simpliciter</span> <span class='ocrx_word' id='word_1_171' title='bbox 586 2559 759 2615; x_wconf 84' lang='lat' dir='ltr'>commutari</span> <span class='ocrx_word' id='word_1_172' title='bbox 781 2558 853 2615; x_wconf 87' lang='lat' dir='ltr'>haec</span> <span class='ocrx_word' id='word_1_173' title='bbox 864 2558 988 2642; x_wconf 77' lang='lat' dir='ltr'>possint,</span> <span class='ocrx_word' id='word_1_174' title='bbox 1012 2558 1086 2615; x_wconf 88' lang='lat' dir='ltr'>nihil</span> <span class='ocrx_word' id='word_1_175' title='bbox 1109 2577 1184 2634; x_wconf 86' lang='lat' dir='ltr'>opus</span> <span class='ocrx_word' id='word_1_176' title='bbox 1207 2560 1309 2618; x_wconf 91' lang='lat' dir='ltr'>sitillo</span> <span class='ocrx_word' id='word_1_177' title='bbox 1321 2561 1414 2638; x_wconf 85' lang='lat' dir='ltr'>gradu</span> 
     </span>
     <span class='ocr_line' id='line_1_22' title="bbox 337 2643 1415 2720; baseline 0.004 -20"><span class='ocrx_word' id='word_1_178' title='bbox 337 2643 548 2700; x_wconf 88' lang='lat' dir='ltr'>conclusionis:</span> <span class='ocrx_word' id='word_1_179' title='bbox 571 2645 705 2700; x_wconf 68' lang='lat' dir='ltr'>&amp;indebite</span> <span class='ocrx_word' id='word_1_180' title='bbox 726 2654 816 2700; x_wconf 85' lang='lat' dir='ltr'>autem</span> <span class='ocrx_word' id='word_1_181' title='bbox 837 2663 911 2700; x_wconf 79' lang='lat' dir='ltr'>mnne</span> <span class='ocrx_word' id='word_1_182' title='bbox 933 2653 988 2701; x_wconf 90' lang='lat' dir='ltr'>cet.</span> <span class='ocrx_word' id='word_1_183' title='bbox 1031 2644 1101 2702; x_wconf 88' lang='lat' dir='ltr'>Non</span> <span class='ocrx_word' id='word_1_184' title='bbox 1124 2643 1280 2717; x_wconf 82' lang='lat' dir='ltr'>intellexit,</span> <span class='ocrx_word' id='word_1_185' title='bbox 1304 2648 1415 2720; x_wconf 77' lang='lat' dir='ltr'>quiite</span> 
     </span>
     <span class='ocr_line' id='line_1_23' title="bbox 337 2727 1414 2808; baseline 0.004 -23"><span class='ocrx_word' id='word_1_186' title='bbox 337 2727 542 2804; x_wconf 81' lang='lat' dir='ltr'>interpolavit,</span> <span class='ocrx_word' id='word_1_187' title='bbox 576 2739 609 2786; x_wconf 92' lang='lat' dir='ltr'>ut</span> <span class='ocrx_word' id='word_1_188' title='bbox 641 2729 671 2786; x_wconf 92' lang='lat' dir='ltr'>in</span> <span class='ocrx_word' id='word_1_189' title='bbox 694 2729 745 2788; x_wconf 83' lang='lat' dir='ltr'>Le</span> <span class='ocrx_word' id='word_1_190' title='bbox 772 2728 884 2786; x_wconf 86' lang='lat' dir='ltr'>facturn</span> <span class='ocrx_word' id='word_1_191' title='bbox 911 2739 973 2801; x_wconf 78' lang='lat' dir='ltr'>est3</span> <span class='ocrx_word' id='word_1_192' title='bbox 1007 2747 1072 2786; x_wconf 85' lang='lat' dir='ltr'>earn</span> <span class='ocrx_word' id='word_1_193' title='bbox 1095 2730 1356 2808; x_wconf 83' lang='lat' dir='ltr'>interpolationem</span> <span class='ocrx_word' id='word_1_194' title='bbox 1380 2731 1414 2788; x_wconf 88' lang='lat' dir='ltr'>ad</span> 
     </span>
     <span class='ocr_line' id='line_1_24' title="bbox 337 2813 1413 2891; baseline 0.004 -20"><span class='ocrx_word' id='word_1_195' title='bbox 337 2813 411 2872; x_wconf 81' lang='lat' dir='ltr'>alias</span> <span class='ocrx_word' id='word_1_196' title='bbox 434 2814 575 2887; x_wconf 86' lang='lat' dir='ltr'>quasdam</span> <span class='ocrx_word' id='word_1_197' title='bbox 599 2814 742 2872; x_wconf 89' lang='lat' dir='ltr'>editiones</span> <span class='ocrx_word' id='word_1_198' title='bbox 763 2824 957 2891; x_wconf 81' lang='lat' dir='ltr'>propagatam</span> <span class='ocrx_word' id='word_1_199' title='bbox 979 2815 1073 2873; x_wconf 89' lang='lat' dir='ltr'>secuti</span> <span class='ocrx_word' id='word_1_200' title='bbox 1095 2825 1177 2888; x_wconf 90' lang='lat' dir='ltr'>sunt,</span> <span class='ocrx_word' id='word_1_201' title='bbox 1206 2817 1283 2890; x_wconf 86' lang='lat' dir='ltr'>quod</span> <span class='ocrx_word' id='word_1_202' title='bbox 1297 2819 1413 2885; x_wconf 83' lang='lat' dir='ltr'>mirere,</span> 
     </span>
     <span class='ocr_line' id='line_1_25' title="bbox 338 2897 1414 2979; baseline 0 -22"><span class='ocrx_word' id='word_1_203' title='bbox 338 2899 500 2958; x_wconf 88' lang='lat' dir='ltr'>Lambinus</span> <span class='ocrx_word' id='word_1_204' title='bbox 513 2897 625 2978; x_wconf 79' lang='lat'>(1565)</span> <span class='ocrx_word' id='word_1_205' title='bbox 638 2909 668 2957; x_wconf 89' lang='lat' dir='ltr'>et</span> <span class='ocrx_word' id='word_1_206' title='bbox 678 2901 821 2958; x_wconf 88' lang='lat' dir='ltr'>Davisius</span> <span class='ocrx_word' id='word_1_207' title='bbox 838 2898 954 2979; x_wconf 89' lang='lat' dir='ltr'>(contra</span> <span class='ocrx_word' id='word_1_208' title='bbox 965 2900 1041 2958; x_wconf 87' lang='lat' dir='ltr'>Pall.</span> <span class='ocrx_word' id='word_1_209' title='bbox 1055 2901 1293 2977; x_wconf 88' lang='lat' dir='ltr'>Davisianosque</span> <span class='ocrx_word' id='word_1_210' title='bbox 1306 2902 1414 2978; x_wconf 83' lang='lat' dir='ltr'>codd).</span> 
     </span>
     <span class='ocr_line' id='line_1_26' title="bbox 337 2981 669 3066; baseline 0.009 -25"><span class='ocrx_word' id='word_1_211' title='bbox 337 2981 408 3066; x_wconf 81' lang='lat' dir='ltr'>[Eat</span> <span class='ocrx_word' id='word_1_212' title='bbox 429 3004 486 3042; x_wconf 90' lang='lat' dir='ltr'>orn.</span> <span class='ocrx_word' id='word_1_213' title='bbox 509 2986 596 3042; x_wconf 88' lang='lat' dir='ltr'>etiam</span> <span class='ocrx_word' id='word_1_214' title='bbox 619 2983 669 3066; x_wconf 90' lang='grc' dir='ltr'>Β.]</span> 
     </span>
    </p>

    <p class='ocr_par' dir='ltr' id='par_1_6' title="bbox 337 3067 1416 3666">
     <span class='ocr_line' id='line_1_27' title="bbox 425 3067 1415 3151; baseline 0.004 -24"><span class='ocrx_word' id='word_1_215' title='bbox 425 3071 475 3128; x_wconf 84' lang='lat'>49.</span> <span class='ocrx_word' id='word_1_216' title='bbox 498 3075 559 3146; x_wconf 81' lang='lat' dir='ltr'>qnia</span> <span class='ocrx_word' id='word_1_217' title='bbox 582 3075 664 3145; x_wconf 68' lang='grc' dir='ltr'><em>ἐρίων</em></span> <span class='ocrx_word' id='word_1_218' title='bbox 686 3071 745 3147; x_wconf 70' lang='lat' dir='ltr'>aba)</span> <span class='ocrx_word' id='word_1_219' title='bbox 769 3070 820 3130; x_wconf 88' lang='lat' dir='ltr'>Sic</span> <span class='ocrx_word' id='word_1_220' title='bbox 843 3071 931 3128; x_wconf 86' lang='lat' dir='ltr'>etiarn</span> <span class='ocrx_word' id='word_1_221' title='bbox 955 3070 1033 3147; x_wconf 87' lang='lat' dir='ltr'>Spir.</span> <span class='ocrx_word' id='word_1_222' title='bbox 1056 3067 1120 3151; x_wconf 90' lang='lat' dir='ltr'>[B].</span> <span class='ocrx_word' id='word_1_223' title='bbox 1143 3070 1295 3131; x_wconf 85' lang='lat' dir='ltr'>Orationis</span> <span class='ocrx_word' id='word_1_224' title='bbox 1309 3073 1415 3131; x_wconf 84' lang='lat' dir='ltr'>cohae-</span> 
     </span>
     <span class='ocr_line' id='line_1_28' title="bbox 337 3157 1415 3236; baseline 0.002 -22"><span class='ocrx_word' id='word_1_225' title='bbox 337 3157 477 3228; x_wconf 86' lang='lat' dir='ltr'>rentiam,</span> <span class='ocrx_word' id='word_1_226' title='bbox 501 3175 575 3231; x_wconf 87' lang='lat' dir='ltr'>qnae</span> <span class='ocrx_word' id='word_1_227' title='bbox 597 3161 679 3232; x_wconf 78' lang='lat' dir='ltr'>ipitur</span> <span class='ocrx_word' id='word_1_228' title='bbox 700 3167 730 3214; x_wconf 89' lang='lat' dir='ltr'>et</span> <span class='ocrx_word' id='word_1_229' title='bbox 751 3157 835 3214; x_wconf 91' lang='lat' dir='ltr'>illum</span> <span class='ocrx_word' id='word_1_230' title='bbox 857 3157 989 3214; x_wconf 87' lang='lat' dir='ltr'>ordinem</span> <span class='ocrx_word' id='word_1_231' title='bbox 1011 3157 1156 3232; x_wconf 83' lang='lat' dir='ltr'>postulat,</span> <span class='ocrx_word' id='word_1_232' title='bbox 1179 3159 1415 3236; x_wconf 81' lang='lat' dir='ltr'>interpungendo</span> 
     </span>
     <span class='ocr_line' id='line_1_29' title="bbox 338 3242 1416 3321; baseline 0 -21"><span class='ocrx_word' id='word_1_233' title='bbox 338 3243 510 3319; x_wconf 79' lang='lat' dir='ltr'>significavi.</span> <span class='ocrx_word' id='word_1_234' title='bbox 555 3244 629 3301; x_wconf 91' lang='lat' dir='ltr'>Post</span> <span class='ocrx_word' id='word_1_235' title='bbox 656 3245 812 3300; x_wconf 70' lang='lat' dir='ltr'>Aristotelea</span> <span class='ocrx_word' id='word_1_236' title='bbox 845 3242 933 3300; x_wconf 85' lang='lat' dir='ltr'>etiarn</span> <span class='ocrx_word' id='word_1_237' title='bbox 961 3243 1005 3299; x_wconf 89' lang='lat' dir='ltr'>ed.</span> <span class='ocrx_word' id='word_1_238' title='bbox 1034 3262 1061 3300; x_wconf 88' lang='lat' dir='ltr'>a.</span> <span class='ocrx_word' id='word_1_239' title='bbox 1087 3245 1167 3302; x_wconf 85' lang='lat'>1480</span> <span class='ocrx_word' id='word_1_240' title='bbox 1196 3253 1225 3301; x_wconf 90' lang='lat' dir='ltr'>et</span> <span class='ocrx_word' id='word_1_241' title='bbox 1253 3263 1291 3300; x_wconf 89' lang='lat' dir='ltr'>ax</span> <span class='ocrx_word' id='word_1_242' title='bbox 1320 3245 1416 3321; x_wconf 84' lang='lat' dir='ltr'>prima</span> 
     </span>
     <span class='ocr_line' id='line_1_30' title="bbox 338 3328 1415 3406; baseline -0.003 -18"><span class='ocrx_word' id='word_1_243' title='bbox 338 3329 490 3388; x_wconf 88' lang='lat' dir='ltr'>Manutius</span> <span class='ocrx_word' id='word_1_244' title='bbox 513 3337 543 3385; x_wconf 86' lang='lat' dir='ltr'>et</span> <span class='ocrx_word' id='word_1_245' title='bbox 564 3329 726 3386; x_wconf 89' lang='lat' dir='ltr'>Lambinus</span> <span class='ocrx_word' id='word_1_246' title='bbox 748 3328 860 3385; x_wconf 87' lang='lat' dir='ltr'>addunt</span> <span class='ocrx_word' id='word_1_247' title='bbox 881 3349 951 3400; x_wconf 83' lang='lat' dir='ltr'>vero,</span> <span class='ocrx_word' id='word_1_248' title='bbox 974 3328 1128 3388; x_wconf 89' lang='lat' dir='ltr'>inutiliter.</span> <span class='ocrx_word' id='word_1_249' title='bbox 1162 3330 1239 3387; x_wconf 89' lang='lat' dir='ltr'>Tum</span> <span class='ocrx_word' id='word_1_250' title='bbox 1255 3349 1311 3406; x_wconf 87' lang='lat' dir='ltr'>pro</span> <span class='ocrx_word' id='word_1_251' title='bbox 1324 3333 1415 3388; x_wconf 59' lang='lat' dir='ltr'>ficunt</span> 
     </span>
     <span class='ocr_line' id='line_1_31' title="bbox 338 3413 1415 3490; baseline 0.001 -19"><span class='ocrx_word' id='word_1_252' title='bbox 338 3415 437 3490; x_wconf 88' lang='lat' dir='ltr'>priore</span> <span class='ocrx_word' id='word_1_253' title='bbox 459 3413 525 3471; x_wconf 86' lang='lat' dir='ltr'>loco</span> <span class='ocrx_word' id='word_1_254' title='bbox 548 3415 636 3472; x_wconf 88' lang='lat' dir='ltr'>etiarn</span> <span class='ocrx_word' id='word_1_255' title='bbox 658 3415 715 3486; x_wconf 83' lang='lat' dir='ltr'>El,</span> <span class='ocrx_word' id='word_1_256' title='bbox 739 3413 824 3487; x_wconf 88' lang='grc'>000,</span> <span class='ocrx_word' id='word_1_257' title='bbox 848 3413 927 3472; x_wconf 90' lang='lat' dir='ltr'>Gud.</span> <span class='ocrx_word' id='word_1_258' title='bbox 948 3417 973 3484; x_wconf 92' lang='lat' dir='ltr'>l,</span> <span class='ocrx_word' id='word_1_259' title='bbox 997 3415 1025 3486; x_wconf 84' lang='lat'>2,</span> <span class='ocrx_word' id='word_1_260' title='bbox 1049 3416 1128 3486; x_wconf 80' lang='lat' dir='ltr'>Bas,</span> <span class='ocrx_word' id='word_1_261' title='bbox 1152 3415 1244 3487; x_wconf 82' lang='lat' dir='ltr'>Mon,</span> <span class='ocrx_word' id='word_1_262' title='bbox 1267 3416 1313 3472; x_wconf 86' lang='lat' dir='ltr'>ed.</span> <span class='ocrx_word' id='word_1_263' title='bbox 1337 3416 1415 3476; x_wconf 87' lang='lat' dir='ltr'>Vict</span> 
     </span>
     <span class='ocr_line' id='line_1_32' title="bbox 339 3500 1414 3576; baseline 0.002 -20"><span class='ocrx_word' id='word_1_264' title='bbox 339 3501 438 3557; x_wconf 81' lang='lat' dir='ltr'>dicant.</span> <span class='ocrx_word' id='word_1_265' title='bbox 483 3500 579 3557; x_wconf 88' lang='lat' dir='ltr'>Paulo</span> <span class='ocrx_word' id='word_1_266' title='bbox 607 3509 676 3574; x_wconf 91' lang='lat' dir='ltr'>post</span> <span class='ocrx_word' id='word_1_267' title='bbox 702 3519 759 3557; x_wconf 79' lang='lat' dir='ltr'>esse</span> <span class='ocrx_word' id='word_1_268' title='bbox 781 3509 849 3558; x_wconf 88' lang='lat' dir='ltr'>ante</span> <span class='ocrx_word' id='word_1_269' title='bbox 865 3504 992 3574; x_wconf 82' lang='lat' dir='ltr'>jacturos</span> <span class='ocrx_word' id='word_1_270' title='bbox 1015 3501 1126 3558; x_wconf 83' lang='lat' dir='ltr'>excidit</span> <span class='ocrx_word' id='word_1_271' title='bbox 1146 3511 1214 3576; x_wconf 82' lang='lat' dir='ltr'>post</span> <span class='ocrx_word' id='word_1_272' title='bbox 1236 3521 1280 3558; x_wconf 82' lang='lat' dir='ltr'>eoa</span> <span class='ocrx_word' id='word_1_273' title='bbox 1301 3501 1333 3558; x_wconf 89' lang='lat' dir='ltr'>in</span> <span class='ocrx_word' id='word_1_274' title='bbox 1358 3519 1414 3558; x_wconf 89' lang='lat' dir='ltr'>uno</span> 
     </span>
     <span class='ocr_line' id='line_1_33' title="bbox 339 3581 1415 3666; baseline -0.002 -24"><span class='ocrx_word' id='word_1_275' title='bbox 339 3594 370 3642; x_wconf 90' lang='lat' dir='ltr'>et</span> <span class='ocrx_word' id='word_1_276' title='bbox 385 3585 479 3642; x_wconf 89' lang='lat' dir='ltr'>altero</span> <span class='ocrx_word' id='word_1_277' title='bbox 490 3585 569 3642; x_wconf 90' lang='lat' dir='ltr'>malo</span> <span class='ocrx_word' id='word_1_278' title='bbox 581 3586 681 3644; x_wconf 88' lang='lat' dir='ltr'>codice</span> <span class='ocrx_word' id='word_1_279' title='bbox 693 3581 787 3666; x_wconf 90' lang='lat' dir='ltr'>(Gud.</span> <span class='ocrx_word' id='word_1_280' title='bbox 803 3589 829 3657; x_wconf 92' lang='lat'>1,</span> <span class='ocrx_word' id='word_1_281' title='bbox 852 3585 897 3642; x_wconf 89' lang='lat' dir='ltr'>ed.</span> <span class='ocrx_word' id='word_1_282' title='bbox 910 3583 1014 3664; x_wconf 85' lang='lat' dir='ltr'>Crat),</span> <span class='ocrx_word' id='word_1_283' title='bbox 1038 3586 1224 3660; x_wconf 88' lang='lat' dir='ltr'>deletumque</span> <span class='ocrx_word' id='word_1_284' title='bbox 1242 3597 1317 3644; x_wconf 87' lang='lat' dir='ltr'>esta</span> <span class='ocrx_word' id='word_1_285' title='bbox 1329 3586 1415 3648; x_wconf 82' lang='lat' dir='ltr'>Gaio.</span> 
     </span>
    </p>

    <p class='ocr_par' dir='ltr' id='par_1_7' title="bbox 339 3669 1490 4178">
     <span class='ocr_line' id='line_1_34' title="bbox 426 3669 1414 3750; baseline 0.006 -26"><span class='ocrx_word' id='word_1_286' title='bbox 426 3671 475 3728; x_wconf 78' lang='lat'>50.</span> <span class='ocrx_word' id='word_1_287' title='bbox 509 3673 558 3745; x_wconf 85' lang='lat' dir='ltr'>qui</span> <span class='ocrx_word' id='word_1_288' title='bbox 578 3705 619 3714; x_wconf 87' lang='lat'>-—</span> <span class='ocrx_word' id='word_1_289' title='bbox 641 3674 719 3729; x_wconf 75' lang='lat' dir='ltr'>olinod</span> <span class='ocrx_word' id='word_1_290' title='bbox 739 3670 902 3745; x_wconf 75' lang='lat' dir='ltr'>odiunqunt)</span> <span class='ocrx_word' id='word_1_291' title='bbox 926 3670 976 3731; x_wconf 92' lang='lat' dir='ltr'>Sic</span> <span class='ocrx_word' id='word_1_292' title='bbox 998 3681 1058 3729; x_wconf 89' lang='lat' dir='ltr'>tres</span> <span class='ocrx_word' id='word_1_293' title='bbox 1081 3672 1196 3730; x_wconf 84' lang='lat' dir='ltr'>codices</span> <span class='ocrx_word' id='word_1_294' title='bbox 1209 3670 1279 3730; x_wconf 82' lang='lat' dir='ltr'>Gaii</span> <span class='ocrx_word' id='word_1_295' title='bbox 1300 3669 1349 3750; x_wconf 84' lang='lat' dir='ltr'>(id</span> <span class='ocrx_word' id='word_1_296' title='bbox 1362 3679 1414 3740; x_wconf 78' lang='lat' dir='ltr'>est,</span> 
     </span>
     <span class='ocr_line' id='line_1_35' title="bbox 339 3751 1415 3836; baseline -0.003 -22"><span class='ocrx_word' id='word_1_297' title='bbox 339 3755 411 3828; x_wconf 78' lang='lat' dir='ltr'>En,</span> <span class='ocrx_word' id='word_1_298' title='bbox 436 3755 513 3833; x_wconf 81' lang='lat' dir='ltr'>Spin.</span> <span class='ocrx_word' id='word_1_299' title='bbox 527 3751 590 3836; x_wconf 87' lang='lat' dir='ltr'>[B],</span> <span class='ocrx_word' id='word_1_300' title='bbox 614 3755 693 3815; x_wconf 89' lang='lat' dir='ltr'>Gud.</span> <span class='ocrx_word' id='word_1_301' title='bbox 708 3756 756 3832; x_wconf 75' lang='lat'>2);</span> <span class='ocrx_word' id='word_1_302' title='bbox 780 3757 905 3814; x_wconf 87' lang='lat' dir='ltr'>causalis</span> <span class='ocrx_word' id='word_1_303' title='bbox 923 3757 1098 3833; x_wconf 80' lang='lat' dir='ltr'>significatio</span> <span class='ocrx_word' id='word_1_304' title='bbox 1111 3777 1169 3815; x_wconf 92' lang='lat' dir='ltr'>non</span> <span class='ocrx_word' id='word_1_305' title='bbox 1182 3758 1352 3816; x_wconf 86' lang='lat' dir='ltr'>necessaria</span> <span class='ocrx_word' id='word_1_306' title='bbox 1364 3767 1415 3816; x_wconf 84' lang='lat' dir='ltr'>est.</span> 
     </span>
     <span class='ocr_line' id='line_1_36' title="bbox 339 3835 1415 3918; baseline 0.001 -19"><span class='ocrx_word' id='word_1_307' title='bbox 339 3835 399 3900; x_wconf 84' lang='lat' dir='ltr'>Pro</span> <span class='ocrx_word' id='word_1_308' title='bbox 422 3845 553 3917; x_wconf 80' lang='lat' dir='ltr'>quomodo</span> <span class='ocrx_word' id='word_1_309' title='bbox 574 3843 651 3900; x_wconf 89' lang='lat' dir='ltr'>Pall.</span> <span class='ocrx_word' id='word_1_310' title='bbox 674 3861 790 3915; x_wconf 87' lang='lat' dir='ltr'>omnes,</span> <span class='ocrx_word' id='word_1_311' title='bbox 820 3841 898 3900; x_wconf 86' lang='lat' dir='ltr'>Gud.</span> <span class='ocrx_word' id='word_1_312' title='bbox 921 3846 947 3914; x_wconf 92' lang='lat' dir='ltr'>l,</span> <span class='ocrx_word' id='word_1_313' title='bbox 976 3843 1065 3915; x_wconf 78' lang='lat' dir='ltr'>vict,</span> <span class='ocrx_word' id='word_1_314' title='bbox 1089 3843 1175 3901; x_wconf 83' lang='lat' dir='ltr'>Grut</span> <span class='ocrx_word' id='word_1_315' title='bbox 1199 3863 1266 3918; x_wconf 85' lang='lat' dir='ltr'>quo;</span> <span class='ocrx_word' id='word_1_316' title='bbox 1295 3843 1358 3902; x_wconf 86' lang='lat' dir='ltr'>vid.</span> <span class='ocrx_word' id='word_1_317' title='bbox 1380 3841 1415 3900; x_wconf 85' lang='lat' dir='ltr'>ad</span> 
     </span>
     <span class='ocr_line' id='line_1_37' title="bbox 340 3927 1414 4006; baseline -0.001 -19"><span class='ocrx_word' id='word_1_318' title='bbox 340 3929 383 3998; x_wconf 85' lang='grc' dir='ltr'>Π,</span> <span class='ocrx_word' id='word_1_319' title='bbox 397 3929 446 3986; x_wconf 80' lang='grc'>53.</span> <span class='ocrx_word' id='word_1_320' title='bbox 489 3928 586 3986; x_wconf 90' lang='lat' dir='ltr'>Paulo</span> <span class='ocrx_word' id='word_1_321' title='bbox 619 3939 688 4005; x_wconf 91' lang='lat' dir='ltr'>post</span> <span class='ocrx_word' id='word_1_322' title='bbox 709 3929 818 4006; x_wconf 78' lang='lat' dir='ltr'>(Placet</span> <span class='ocrx_word' id='word_1_323' title='bbox 844 3931 926 4002; x_wconf 78' lang='lat' dir='ltr'>iqitnr</span> <span class='ocrx_word' id='word_1_324' title='bbox 954 3929 1002 3985; x_wconf 75' lang='lat' dir='ltr'>tibi</span> <span class='ocrx_word' id='word_1_325' title='bbox 1025 3961 1061 3970; x_wconf 86' lang='lat'>-—</span> <span class='ocrx_word' id='word_1_326' title='bbox 1086 3927 1183 4004; x_wconf 72' lang='lat' dir='ltr'>oeh&#39;st)</span> <span class='ocrx_word' id='word_1_327' title='bbox 1212 3928 1414 4006; x_wconf 83' lang='lat' dir='ltr'>interrogandi</span> 
     </span>
     <span class='ocr_line' id='line_1_38' title="bbox 341 4013 1415 4086; baseline 0.001 -15"><span class='ocrx_word' id='word_1_328' title='bbox 341 4023 450 4086; x_wconf 83' lang='lat' dir='ltr'>notam,</span> <span class='ocrx_word' id='word_1_329' title='bbox 473 4013 591 4073; x_wconf 73' lang='lat' dir='ltr'>a&#39;Gaio</span> <span class='ocrx_word' id='word_1_330' title='bbox 614 4015 769 4086; x_wconf 88' lang='lat' dir='ltr'>sublatam,</span> <span class='ocrx_word' id='word_1_331' title='bbox 792 4014 922 4084; x_wconf 79' lang='lat' dir='ltr'>restitui3</span> <span class='ocrx_word' id='word_1_332' title='bbox 957 4013 1043 4072; x_wconf 87' lang='lat' dir='ltr'>nimis</span> <span class='ocrx_word' id='word_1_333' title='bbox 1065 4015 1175 4072; x_wconf 86' lang='lat' dir='ltr'>rustice</span> <span class='ocrx_word' id='word_1_334' title='bbox 1198 4014 1303 4073; x_wconf 87' lang='lat' dir='ltr'>Cicero</span> <span class='ocrx_word' id='word_1_335' title='bbox 1326 4016 1415 4076; x_wconf 83' lang='lat' dir='ltr'>Cato·</span> 
     </span>
     <span class='ocr_line' id='line_1_39' title="bbox 340 4099 1490 4178; baseline 0 -22"><span class='ocrx_word' id='word_1_336' title='bbox 340 4119 407 4158; x_wconf 90' lang='lat' dir='ltr'>nem</span> <span class='ocrx_word' id='word_1_337' title='bbox 429 4101 603 4176; x_wconf 90' lang='lat' dir='ltr'>prudentem</span> <span class='ocrx_word' id='word_1_338' title='bbox 625 4099 752 4158; x_wconf 84' lang='lat' dir='ltr'>fallaciis</span> <span class='ocrx_word' id='word_1_339' title='bbox 775 4099 818 4156; x_wconf 88' lang='lat' dir='ltr'>uti</span> <span class='ocrx_word' id='word_1_340' title='bbox 840 4099 1033 4157; x_wconf 88' lang='lat' dir='ltr'>insimularet.</span> <span class='ocrx_word' id='word_1_341' title='bbox 1489 4125 1490 4178; x_wconf 66' lang='lat' dir='ltr'>q</span> 
     </span>
    </p>

    <p class='ocr_par' dir='ltr' id='par_1_8' title="bbox 341 4177 1490 4434">
     <span class='ocr_line' id='line_1_40' title="bbox 427 4177 1490 4262; baseline 0 -20"><span class='ocrx_word' id='word_1_342' title='bbox 427 4187 486 4242; x_wconf 84' lang='lat' dir='ltr'>Iam</span> <span class='ocrx_word' id='word_1_343' title='bbox 508 4188 551 4244; x_wconf 81' lang='lat' dir='ltr'>ille</span> <span class='ocrx_word' id='word_1_344' title='bbox 573 4189 680 4257; x_wconf 68' lang='lat' dir='ltr'>sorites,</span> <span class='ocrx_word' id='word_1_345' title='bbox 709 4205 762 4260; x_wconf 87' lang='lat' dir='ltr'>qno</span> <span class='ocrx_word' id='word_1_346' title='bbox 783 4186 850 4242; x_wconf 82' lang='lat' dir='ltr'>nihil</span> <span class='ocrx_word' id='word_1_347' title='bbox 867 4189 972 4260; x_wconf 81' lang='lat' dir='ltr'>putatio</span> <span class='ocrx_word' id='word_1_348' title='bbox 993 4205 1049 4242; x_wconf 81' lang='lat' dir='ltr'>essa</span> <span class='ocrx_word' id='word_1_349' title='bbox 1071 4187 1205 4242; x_wconf 80' lang='lat' dir='ltr'>vitiosius:</span> <span class='ocrx_word' id='word_1_350' title='bbox 1243 4185 1324 4254; x_wconf 79' lang='lat' dir='ltr'>Quod</span> <span class='ocrx_word' id='word_1_351' title='bbox 1347 4177 1415 4262; x_wconf 82' lang='lat' dir='ltr'>cet.)</span> <span class='ocrx_word' id='word_1_352' title='bbox 1489 4179 1490 4236; x_wconf 81' lang='lat' dir='ltr'>l</span> 
     </span>
     <span class='ocr_line' id='line_1_41' title="bbox 341 4265 1490 4358; baseline -0.001 -31"><span class='ocrx_word' id='word_1_353' title='bbox 341 4271 463 4329; x_wconf 87' lang='lat' dir='ltr'>Transit</span> <span class='ocrx_word' id='word_1_354' title='bbox 484 4267 566 4350; x_wconf 83' lang='lat' dir='ltr'>(iam)</span> <span class='ocrx_word' id='word_1_355' title='bbox 594 4272 632 4328; x_wconf 86' lang='lat' dir='ltr'>ad</span> <span class='ocrx_word' id='word_1_356' title='bbox 653 4273 778 4330; x_wconf 86' lang='lat' dir='ltr'>alterum</span> <span class='ocrx_word' id='word_1_357' title='bbox 809 4271 974 4330; x_wconf 88' lang='lat' dir='ltr'>Stoicorum</span> <span class='ocrx_word' id='word_1_358' title='bbox 1003 4281 1221 4346; x_wconf 86' lang='lat' dir='ltr'>argumentum,</span> <span class='ocrx_word' id='word_1_359' title='bbox 1255 4272 1336 4346; x_wconf 90' lang='lat' dir='ltr'>quod</span> <span class='ocrx_word' id='word_1_360' title='bbox 1361 4269 1415 4347; x_wconf 73' lang='lat' dir='ltr'>ipsi</span> <span class='ocrx_word' id='word_1_361' title='bbox 1489 4265 1490 4358; x_wconf 64' lang='lat' dir='ltr'>l</span> 
     </span>
     <span class='ocr_line' id='line_1_42' title="bbox 343 4354 1415 4434; baseline -0.002 -20"><span class='ocrx_word' id='word_1_362' title='bbox 343 4354 435 4414; x_wconf 87' lang='lat' dir='ltr'>Stoici</span> <span class='ocrx_word' id='word_1_363' title='bbox 458 4375 552 4431; x_wconf 87' lang='lat' dir='ltr'>neque</span> <span class='ocrx_word' id='word_1_364' title='bbox 575 4358 696 4416; x_wconf 87' lang='lat' dir='ltr'>soritam</span> <span class='ocrx_word' id='word_1_365' title='bbox 719 4357 909 4434; x_wconf 86' lang='lat' dir='ltr'>appellabant</span> <span class='ocrx_word' id='word_1_366' title='bbox 931 4375 1026 4431; x_wconf 87' lang='lat' dir='ltr'>nequa</span> <span class='ocrx_word' id='word_1_367' title='bbox 1049 4375 1113 4414; x_wconf 89' lang='lat' dir='ltr'>essa</span> <span class='ocrx_word' id='word_1_368' title='bbox 1131 4356 1343 4429; x_wconf 89' lang='lat' dir='ltr'>concedebant,</span> <span class='ocrx_word' id='word_1_369' title='bbox 1367 4355 1415 4431; x_wconf 95' lang='lat' dir='ltr'>qui</span> 
     </span>
    </p>
   </div>
   <div class='ocr_carea' id='block_1_6' title="bbox 0 0 1508 5044">
    <p class='ocr_par' dir='ltr' id='par_1_9' title="bbox 0 0 1508 5044">
     <span class='ocr_line' id='line_1_43' title="bbox 0 0 1508 5044; baseline 0 0"><span class='ocrx_word' id='word_1_370' title='bbox 0 0 1508 5044; x_wconf 95' lang='lat' dir='ltr'> </span> 
     </span>
    </p>
   </div>
  </div>
 </body>
</html>
