3034 5030
283 349 346 416 372
673 367 718 414 un
739 365 870 414 animus
891 365 962 414 sos.

284 535 355 615 sint,
375 535 531 617 pellatque
551 533 722 613 mutratia3
744 553 807 616 qua
822 535 946 600 iuventa
963 533 1127 600 selectione
1144 493 1181 602 'et
1205 535 1279 602 itaut
1299 556 1350 604 re-

282 637 422 718 iectione,
445 637 587 719 sequitur
607 636 754 719 deinceps
781 656 850 702 cum
877 635 977 702 officio
1005 636 1143 716 selectio,
1175 639 1286 706 deinde
1312 658 1352 705 ea

282 745 449 826 perpetus,
481 744 547 804 tum
573 739 615 804 ad
642 745 812 806 extremum
839 743 984 804 constans
1005 746 1272 823 consentaneaque
1292 757 1351 806 ua·

353 948 374 992 1.
395 941 450 1010 [quc
468 941 517 1010 Eb]
538 959 599 1008 quae
618 942 755 994 uruntur.
807 951 890 994 casare
912 943 969 1008 (pro
991 945 1049 1008 qua)
1073 943 1094 996 C
1145 943 1268 995 relectione
1290 947 1350 1010 (pm

281 1010 451 1145 :wip
473 1011 581 1062 ababuc
599 1011 622 1062 R
640 1019 662 1062 et
679 1010 824 1062 damnet
896 1015 919 1060 2.
945 1019 1075 1076 sequuntur
1100 1011 1197 1064 PMCR
1223 1023 1354 1078 sequuntur

367 1274 423 1330 quo
443 1257 549 1312 invado
570 1249 719 1335 selectores)
741 1253 815 1313 Cum
833 1253 977 1324 ederetur,
999 1259 1032 1310 ut
1053 1263 1098 1311 est
1118 1252 1148 1311 in
1171 1254 1278 1312 uostris
1300 1273 1349 1313 cc·

282 1339 395 1398 dinibus
416 1339 624 1418 deterioribus:
658 1359 741 1415 quoe,
773 1342 879 1396 muenia
904 1342 1039 1397 selectione
1065 1349 1090 1396 et
1115 1342 1176 1396 item
1203 1342 1348 1412 nicetium,

281 1423 442 1500 sequuntur:
465 1427 587 1500 deinceps
608 1443 667 1482 cum
689 1427 776 1499 osfics'o
797 1427 907 1485 selectio.
929 1423 1166 1482 nuilusententia
1188 1425 1348 1502 (quomodo

281 1509 421 1586 scriptum
444 1520 507 1568 erat
534 1511 622 1568 etiam
648 1511 679 1567 in
706 1521 845 1584 quattuor
865 1509 956 1581 Pali,
979 1507 1137 1585 plerisque,
1165 1520 1198 1568 ut
1224 1511 1348 1580 videtur,

282 1597 369 1668 Dav,
387 1594 466 1655 Oxx.
476 1607 531 1672 χψ,
549 1595 617 1656 Gaii
630 1597 698 1656 Bas.
709 1605 739 1653 et
750 1593 829 1655 Gud.
844 1597 875 1666 13
897 1595 1023 1653 iuParr.
1037 1597 1111 1667 1,a,
1133 1595 1180 1653 El.
1202 1593 1250 1672 (1)
1272 1596 1350 1653 Dav.

281 1681 420 1757 repperit,
443 1681 522 1756 quod
544 1691 588 1740 est
614 1682 645 1740 in
673 1682 709 1752 L,
735 1691 883 1756 sequuntur
904 1679 1051 1756 scqru'tur),
1085 1681 1250 1752 Manutius,
1284 1681 1351 1758 ipsa

280 1767 426 1826 sententia
447 1775 478 1824 et
498 1767 620 1824 raviam
643 1776 832 1838 monstrante,
858 1767 993 1838 ,adiutus
1020 1783 1039 1822 a
1065 1775 1164 1824 vetere
1187 1765 1282 1824 libr0⁴‘
1306 1767 1350 1824 sic

280 1851 464 1910 scribendum
476 1851 559 1924 vidit,
578 1861 612 1910 ut
627 1863 695 1928 post
705 1852 860 1910 Davisium
872 1859 902 1910 et
912 1851 1080 1908 Ernestium
1091 1850 1179 1923 edidi,
1196 1852 1350 1909 coufirma-

280 1947 407 2012 suntque
428 1937 503 1996 Pall.
525 1941 539 1994 1
564 1946 594 1994 et
616 1937 634 1994 3
657 1933 714 2014 (Et
735 1937 876 2002 silentio).
897 1987 900 2005 ,
918 1937 953 1995 In
976 1937 1049 2010 art,
1072 1934 1224 2015 spir.[13],
1238 1935 1348 1996 Grae

280 2022 403 2099 legitur:
441 2042 511 2098 quae
542 2021 620 2099 (quc)
643 2026 748 2080 inuento
773 2025 908 2080 selectione
935 2033 959 2079 et
980 2025 1115 2080 reiectum
1141 2027 1261 2098 sequitur
1283 2032 1349 2094 cet,

279 2126 339 2166 una
360 2107 459 2166 littera
479 2107 650 2184 depravata,
672 2108 765 2166 etsie
787 2107 880 2168 Gaius
902 2107 1007 2178 edidit3
1029 2127 1099 2182 quoe
1109 2111 1214 2165 murato
1229 2126 1350 2166 aecusa-

281 2192 375 2250 tivum
397 2211 461 2250 esee
483 2193 560 2264 vult,
583 2203 613 2252 et
634 2194 780 2269 persuasit
801 2193 914 2253 Orellio
936 2201 966 2250 et
988 2191 1100 2252 Ottoni.
1128 2192 1177 2252 Sic
1204 2193 1262 2251 iem
1290 2212 1349 2251 uon

279 2277 442 2354 seliguntur
464 2279 610 2337 naturalia
641 2289 672 2336 et
697 2279 858 2337 reiciantur
885 2278 1046 2349 contraria,
1080 2278 1132 2336 sed
1158 2278 1350 2337 inveniuntur

279 2362 437 2422 selectione
459 2373 489 2420 et
509 2364 677 2434 reiectione,
700 2365 799 2422 nescio
821 2383 944 2439 quarum
966 2382 1078 2434 rerum,
1113 2364 1250 2438 quoniam
1278 2373 1349 2422 ante

278 2447 351 2506 iilud
374 2448 529 2508 discrimen
550 2450 701 2508 inventum
724 2449 805 2507 nulla
826 2467 880 2508 nee
891 2448 1033 2524 seligendi
1043 2467 1097 2505 nec
1107 2448 1248 2506 reiciendi
1259 2467 1350 2507 causa

280 2543 333 2592 est
376 2535 482 2609 Itaque
504 2535 578 2594 Cato
601 2535 652 2592 iiia
674 2534 758 2592 initis
784 2544 852 2592 aute
874 2534 1033 2592 constitute
1054 2544 1201 2610 posuerat.
1243 2536 1279 2592 In
1302 2554 1349 2592 se·

279 2619 404 2677 lectione
426 2629 456 2677 et
477 2621 635 2678 reiectione
657 2620 709 2678 illa
730 2621 857 2696 positum
885 2637 949 2678 esse
977 2619 1094 2676 virtutis
1120 2639 1220 2690 mum,
1254 2619 1349 2678 Stoici

280 2706 509 2774 consentiebant,
527 2723 650 2780 quorum
666 2705 744 2763 dicta
759 2705 942 2764 ascribentur
963 2705 1000 2762 ad
1017 2705 1072 2775 IV,
1099 2706 1150 2774 143
1178 2704 1209 2762 id
1228 2703 1349 2763 difficile

281 2791 504 2866 aratexpedirc,
528 2790 892 2865 quoitaraferreturhaee
904 2791 1033 2862 selectio,
1055 2799 1088 2848 ut
1109 2809 1128 2848 a
1149 2791 1194 2848 sui
1206 2791 1348 2864 cuiusque

279 2894 379 2934 amore
402 2875 575 2934 transiretur
597 2877 635 2934 ad
657 2878 818 2936 communis
840 2885 964 2934 naturae
989 2886 1020 2934 et
1046 2876 1168 2934 rationis
1195 2875 1290 2952 legem
1318 2885 1351 2934 et

280 2979 317 3018 ex
333 2961 394 3033 ,hac
416 2960 553 3019 universa
576 2971 680 3019 ustura
707 2962 873 3032 stratisue
895 2971 975 3018 carto
995 2961 1095 3035 aliqua
1117 2979 1218 3019 norma
1240 2961 1350 3038 agendi

280 3044 453 3104 efficeretur.
485 3045 543 3106 Sed
565 3046 691 3122 primum
713 3046 786 3104 haee
808 3046 927 3104 selectio
949 3047 983 3103 fit
1004 3046 1131 3103 naturali
1154 3046 1279 3121 quodam
1302 3047 1348 3103 in-

279 3130 386 3188 stinctu
408 3139 438 3188 st
459 3131 584 3207 impetu,
613 3139 646 3188 ut
672 3131 702 3188 in
725 3132 825 3206 parvis
846 3127 876 3212 (ς
902 3132 954 3202 16,
978 3129 1030 3188 cir.
1054 3131 1261 3206 SenecEpist
1277 3132 1347 3202 121,

282 3217 320 3274 14
342 3216 437 3293 sqq.);
475 3216 594 3287 deinde,
628 3235 693 3274 cum
723 3235 891 3292 processum
913 3217 1045 3274 nonnihil
1068 3225 1126 3288 est,
1156 3215 1348 3293 intellegitur,

280 3319 331 3358 cur
352 3301 481 3377 quidque
504 3302 840 3378 seligaturrcicisturre,
863 3311 951 3377 atque
963 3301 1110 3372 statuitur,
1133 3301 1349 3377 sicesseagen·

279 3387 357 3444 dum.
399 3387 444 3446 Ea
466 3397 591 3446 osteum
612 3390 699 3462 officio
721 3391 836 3458 rebem,
869 3388 951 3445 cuius
978 3386 1139 3462 probabilia
1166 3387 1241 3444 ratio
1263 3387 1349 3445 reddi

278 3481 376 3547 potest
398 3473 427 3551 (ξ
451 3471 514 3549 58).
558 3473 727 3544 Lambinus,
750 3473 904 3544 Davisius,
926 3472 1071 3543 Bramius,
1094 3490 1159 3528 cum
1181 3473 1257 3529 hanc
1278 3491 1350 3548 gru·

278 3558 426 3616 dationem
453 3577 511 3616 non
533 3559 814 3631 animadverterent,
847 3560 993 3633 officiorum
1020 3559 1181 3614 scientiarum
1209 3553 1350 3616 substitui

279 3644 427 3715 volebant,
451 3663 526 3718 quae
548 3644 584 3702 sd
607 3645 684 3702 hunc
695 3645 792 3702 locum
814 3643 887 3701 nihii
905 3643 1033 3719 pertinet
1043 3643 1171 3700 omnino.
1204 3643 1350 3702 Tantum·

280 3729 367 3787 modo
389 3729 420 3786 in
442 3749 477 3786 eo
499 3729 603 3789 Cicero
626 3729 721 3788 minus
744 3729 899 3806 diligenter
920 3737 950 3785 et
971 3737 1107 3786 accurate
1129 3729 1281 3804 scripsisse
1304 3730 1350 3788 vi-

280 3814 373 3885 detur,
397 3816 473 3890 quod
486 3815 577 3891 prius,
589 3833 677 3890 quem
689 3815 831 3886 debuerit,
855 3813 944 3872 officii
956 3832 1061 3872 nomen
1073 3815 1207 3890 posuerit
1218 3815 1350 3892 (pisinum

278 3909 318 3958 est
338 3901 455 3975 officium
477 3899 560 3975 cet);
583 3901 625 3958 ibi
647 3901 723 3958 anim
748 3900 875 3958 nondum
898 3897 1027 3957 officium
1043 3908 1175 3976 apparet
1218 3900 1295 3958 Tum
1307 3903 1349 3956 in·

278 3995 382 4044 ventam
403 3987 563 4044 &teotonem
585 3986 627 4044 sic
643 3986 728 4058 dixit,
750 3994 784 4043 ut
805 3984 898 4061 magis
919 3985 1017 4043 auimo
1039 3986 1266 4042 obversarentur
1281 3984 1350 4060 phi·

278 4070 394 4146 losophi
416 4080 537 4129 naturae
559 4091 745 4149 progressum
766 4070 976 4148 investigantes
998 4089 1095 4144 quam,
1118 4070 1154 4127 de
1172 4088 1230 4144 qua
1240 4069 1350 4145 agitur,

277 4154 343 4230 ipsa
364 4166 485 4216 naturas
508 4159 652 4216 humanae
674 4158 732 4228 via,
754 4175 829 4232 quae
851 4157 932 4214 illam
955 4155 1142 4213 selectionem
1154 4173 1213 4212 uon
1224 4155 1350 4226 invenit,

279 4241 330 4299 sed
352 4241 470 4302 insitam
492 4243 589 4301 habet
