2998 5020
326 375 389 439 636
715 395 758 440 oe
781 393 910 440 sturnus
933 391 1002 438 nou.

326 563 426 627 rentia
442 569 490 626 est
500 564 531 626 in
541 562 700 644 principiis
715 562 915 640 naturalibus,
931 569 1018 628 tenta
1029 563 1070 626 sit
1080 563 1111 626 in
1121 561 1234 627 finibus
1244 563 1391 626 bonorum

326 667 537 748 malorumque
558 665 783 730 dissimilitudo.
826 666 882 730 dlii
910 685 1033 730 mestun
1056 667 1164 730 iisdem
1192 666 1392 747 aprineipiis

326 789 415 832 omne
427 766 560 832 officium
572 768 705 834 referent
720 775 775 832 eut
791 771 832 832 ed
846 769 1035 850 voluptatem
1044 770 1146 832 autad
1157 788 1217 833 non
1227 769 1391 834 doleudmn

326 873 430 936 autad
442 872 542 952 prima
558 871 610 935 illa
627 872 794 936 secundum
812 877 953 937 naturam
965 872 1139 936 abnuenda
1173 874 1224 936 20.
1236 873 1392 953 Expositis

288 972 385 1039 biam
401 974 495 1056 igitur
511 993 565 1040 sex
581 977 620 1039 de
642 992 761 1040 sumum
783 973 1046 1052 bonosententiis,
1068 975 1159 1039 trium
1183 975 1392 1057 proximamm

377 1153 399 1194 ².
419 1163 499 1195 rursus
520 1145 647 1196 treber,
684 1153 706 1198 s.
727 1149 830 1210 rrffemnt
845 1146 910 1196 ner.
947 1163 992 1194 noa
1010 1145 1106 1194 dolendi
1123 1153 1179 1210 (pro
1197 1146 1233 1194 ad
1248 1163 1292 1194 noa
1311 1144 1392 1195 dobn-

325 1213 426 1276 damtE
463 1220 484 1265 5.
504 1215 574 1280 ἱρέων
591 1215 637 1264 ram
655 1215 701 1266 ER
737 1213 883 1281 [perimere
903 1213 949 1282 tlh]

321 1373 451 1448 piscanti.
474 1375 578 1428 etiamsi
598 1392 648 1428 nort
669 1375 831 1448 adipiscare,
860 1373 942 1430 euius
954 1372 1138 1429 coniecturae
1160 1373 1190 1429 in
1213 1372 1295 1446 editt.
1319 1371 1392 1429 exC

326 1459 493 1533 propagatis
516 1457 618 1531 (etiam
641 1477 666 1514 a.
693 1459 787 1532 1480)
810 1467 943 1515 servatae
965 1459 1174 1534 praestantiam
1198 1457 1328 1516 Orellius
1352 1459 1392 1514 in-

325 1543 707 1612 tellexitetseeutrises13
731 1564 784 1600 nee
806 1555 903 1601 tannen
926 1553 1003 1601 reete
1026 1563 1089 1600 eant
1113 1563 1130 1600 a
1153 1543 1252 1600 eodiee
1286 1543 1393 1602 osre-

325 1629 413 1704 phani
427 1630 590 1686 confirmari
603 1629 725 1706 putavit.
749 1630 871 1687 Beierus
882 1625 1187 1709 quoque(adOff.IlI,
1204 1631 1323 1704 tlept
1333 1627 1391 1708 15),

325 1715 394 1789 quid
421 1715 643 1792 desideraretur,
666 1716 788 1772 videret.

410 1803 466 1856 ellit
487 1822 593 1858 rursum
616 1804 706 1858 iisdem
729 1823 746 1857 a
763 1797 920 1877 prisseipiis)
943 1795 1079 1879 [Rursum
1090 1801 1176 1856 etiam
1190 1803 1230 1870 B;
1253 1801 1319 1858 edd.
1333 1821 1392 1856 rur·

325 1885 395 1963 saa]
440 1886 526 1944 Alter
549 1888 595 1945 bie
618 1895 663 1944 est
684 1887 756 1944 ordo
779 1888 866 1944 tm'um
890 1887 999 1949 linium,
1023 1887 1072 1962 qui
1097 1886 1205 1944 axillis
1227 1887 1323 1944 tribus
1346 1907 1392 1962 ge-

325 1972 442 2029 neribus
465 1973 623 2048 primorum
646 1973 902 2030 invitamentorum
915 1973 1056 2036 oriuntur,
1079 1991 1144 2028 euin
1168 1991 1225 2030 non
1237 1973 1393 2030 adhibetur

325 2057 374 2114 illa
398 2058 511 2114 honesti
533 2058 660 2128 fallacia,
685 2059 735 2116 sed
747 2060 855 2116 bonum
879 2060 984 2134 inipso
995 2059 1150 2134 adeptione
1167 2069 1198 2114 et
1209 2060 1392 2134 possessione

324 2144 396 2212 eius,
420 2145 497 2218 quod
520 2145 646 2219 primum
674 2153 838 2220 appetatur,
874 2145 1007 2220 ponitur,
1041 2163 1099 2200 non
1128 2143 1157 2201 in
1187 2145 1302 2201 actione
1332 2145 1393 2200 eius

324 2247 412 2286 eausa
434 2229 521 2286 etiam
543 2229 653 2287 frustra
675 2239 819 2306 suscepta.
853 2229 911 2290 Sed
935 2230 1121 2306 neglegenter
1143 2239 1172 2286 et
1194 2249 1334 2306 perverse
1346 2229 1392 2288 Ci-

325 2333 391 2371 cero
414 2334 450 2372 ex
474 2315 623 2390 superiore
645 2316 747 2374 ordine
770 2316 817 2372 hie
839 2317 994 2373 admiscuit
1010 2315 1099 2373 officii
1113 2316 1288 2373 mentionem
1308 2317 1392 2390 (mone

324 2403 438 2474 officium
462 2397 604 2476 reserent),
633 2410 680 2470 ut,
707 2402 764 2458 nisi
787 2402 943 2478 diligenter
964 2402 1112 2466 attendas,
1146 2399 1233 2458 facile
1255 2402 1391 2458 aberrare

325 2486 428 2560 possis,
451 2495 483 2542 ut
505 2486 653 2544 aberravit
675 2487 825 2546 Morelius.
869 2488 945 2544 Nam
969 2487 1097 2544 officium
1120 2487 1157 2543 ad
1180 2488 1233 2544 has
1255 2506 1303 2544 res
1327 2506 1392 2544 eon-

324 2572 486 2645 sequendes
505 2582 533 2629 et
551 2573 690 2630 tenendas
712 2574 799 2630 etiam
822 2573 987 2649 superiores
1009 2571 1189 2642 referebant,
1224 2573 1273 2647 qui
1296 2573 1393 2630 omnia

324 2677 422 2714 earum
446 2675 534 2714 causa
550 2657 684 2715 facienda
701 2659 856 2734 putabant3
880 2659 930 2715 sod
954 2649 982 2715 ib
1005 2658 1064 2715 illis
1081 2659 1242 2726 sententiis,
1265 2659 1393 2716 simodo

325 2743 400 2799 ullae
423 2762 486 2800 esse
509 2752 637 2820 possent,
671 2743 805 2801 sufficere
838 2744 1022 2802 indicabatur
1048 2745 1085 2800 ad
1113 2763 1256 2800 summum
1282 2744 1391 2800 bonum

324 2827 413 2886 officii
436 2829 514 2886 illius
537 2827 711 2904 perfunctio.
755 2831 904 2891 Notabilis
927 2839 971 2888 est
994 2829 1123 2887 brevitas
1144 2829 1301 2896 orationis,
1338 2848 1393 2904 qua

323 2914 426 2972 Cicero
449 2915 521 2972 haee
542 2917 576 2970 ab
599 2919 690 2973 iisdero
704 2919 854 2990 perceptis,
878 2917 985 2974 omisso
1008 2915 1163 2991 participio
1181 2919 1305 2991 proserii,
1330 2935 1392 2972 oum

323 3001 387 3076 ipso
409 3001 500 3058 verbo
523 3004 636 3074 referret
658 3001 810 3059 coniunxit
831 3002 879 3059 vel
907 3002 1006 3077 potius
1028 3001 1161 3058 absolute
1184 3001 1296 3076 posuit,
1324 3021 1393 3076 quo-

324 3086 409 3143 modo
432 3087 520 3162 Legg.
544 3087 602 3146 111.
631 3089 682 3158 14,
715 3107 801 3161 quem
830 3088 925 3144 locum
953 3087 1181 3163 Wesenbergius
1203 3087 1393 3144 demonstrat

323 3172 412 3228 dixit:
440 3174 507 3230 Post
528 3193 545 3228 a
568 3174 751 3247 Theophrasto
774 3174 925 3230 Demetrius
949 3207 988 3214 -
1011 3175 1156 3230 (Ιοσϊνίηωη
1180 3193 1213 3228 ar
1231 3173 1392 3230 uorlrruculis

323 3259 485 3314 eruditorem
510 3292 549 3299 -
572 3261 599 3314 in
621 3261 762 3316 (lacrimae
785 3263 919 3333 mareque
934 3261 1072 3334 profluent.
1116 3256 1191 3335 [Sed
1214 3257 1254 3316 ibi
1277 3258 1393 3315 videtur

323 3343 417 3401 audiri
440 3364 456 3400 e
479 3345 679 3420 superioribus
701 3343 818 3422 doctae]
849 3345 976 3419 Ileserem
988 3353 1104 3419 praeter
1116 3363 1196 3401 meos
1207 3343 1290 3400 codd.
1302 3345 1391 3402 etiam

324 3428 479 3507 spir.[B],
503 3430 582 3488 Gud.
599 3433 624 3496 1,
647 3431 730 3502 Bas,
758 3429 837 3488 Gud.
860 3439 957 3488 autem
982 3431 999 3486 ·2
1023 3439 1053 3486 et
1075 3430 1131 3488 Ox.
1156 3429 1182 3486 E
1198 3433 1340 3504 referrent,
1362 3439 1391 3486 ut

323 3516 411 3572 mirer
433 3516 468 3572 de
492 3516 596 3573 ceteris
619 3515 697 3574 Oxx.
721 3516 825 3591 taeeri3
848 3519 966 3590 reserant
988 3534 1098 3586 omnes,
1121 3515 1219 3583 crede,
1242 3515 1306 3572 edd.
1328 3516 1391 3573 inde

322 3601 515 3658 sbAseensio
531 3603 620 3658 1511.
664 3603 755 3659 Recte
777 3601 905 3660 futurum
930 3601 1057 3677 ponitur,
1082 3619 1146 3658 eum
1168 3601 1392 3668 demonstretur,

323 3706 398 3761 qnae
421 3687 582 3744 sententiae
605 3705 669 3744 esse
692 3688 821 3762 possint,
855 3687 938 3763 quusi
967 3687 1094 3744 nondum
1122 3687 1195 3754 sint3
1229 3685 1281 3744 efr.
1304 3705 1392 3763 supra

322 3775 428 3841 eristen
451 3792 478 3828 v.
490 3773 527 3829 ad
539 3773 596 3840 111,
611 3775 650 3830 28
662 3773 800 3849 (dicetur).
826 3775 973 3832 obtinenda
985 3772 1090 3831 Cicero
1102 3773 1216 3830 rettulit
1232 3773 1268 3828 ed
1281 3792 1391 3840 eorum,

322 3877 397 3932 quae
419 3858 484 3932 quis
502 3859 559 3914 iam
571 3869 745 3917 consecutus
761 3869 848 3928 esset,
871 3859 1083 3934 possessionem
1107 3867 1137 3915 et
1159 3877 1256 3925 usum,
1280 3877 1317 3915 ne
1342 3878 1391 3935 pro

322 3946 499 4018 consequendi
516 3945 607 4002 verbo
629 3945 756 4020 positum
780 3956 915 4021 putemus
937 3942 1004 4020 (eir,
1026 3944 1063 4000 ad
1085 3945 1127 4015 II,
1142 3943 1205 4022 71).
1249 3942 1321 4022 [Aut
1345 3965 1390 4000 troo

322 4032 430 4087 ‹lolemli
450 4030 537 4086 etiarn
561 4026 610 4108 B.]

409 4117 457 4172 20.
482 4117 622 4190 Repositis
633 4119 686 4172 iam
698 4113 792 4194 ipitur)
815 4116 864 4174 sio
876 4113 941 4194 [B,]
954 4135 991 4172 ex
1003 4115 1072 4171 edit.
1083 4115 1179 4190 prima
1191 4115 1344 4173 Manutius
1365 4125 1389 4171 et

323 4200 460 4276 deinceps
483 4202 581 4258 aeteri.
615 4201 677 4259 Alii
706 4202 754 4276 (ut
776 4202 875 4270 Mars,
905 4199 999 4279 Cret.)
1022 4220 1086 4258 eum
1107 4202 1152 4257 ed.
1174 4201 1209 4258 R„
1226 4203 1309 4274 ἱρέων
1331 4207 1389 4269 aaut

323 4287 401 4360 quod
413 4287 505 4345 Gzius
518 4288 547 4343 in
561 4296 700 4362 quattuor
710 4287 771 4344 suis
784 4305 847 4344 esse
859 4288 917 4356 oit3
935 4287 1028 4346 Oxii
1040 4286 1194 4344 omittebat
1204 4289 1293 4360 iprae.
1323 4287 1389 4347 Gar-

322 4372 423 4429 neadis
445 4373 531 4429 finem
554 4373 652 4450 attigit
673 4372 777 4432 Cicero
794 4374 887 4445 11,35
912 4383 941 4430 et
958 4374 997 4430 42
1010 4381 1040 4429 et
1056 4391 1109 4429 nos
1121 4391 1210 4447 supra
1226 4372 1263 4429 ad
1273 4373 1331 4439 IV,
1346 4373 1389 4430 15.
