2998 5020
413 390 456 436 an
480 389 679 438 usnemu
702 391 774 438 cna.
797 397 869 439 1-2.
1115 380 1176 444 611

107 559 167 624 11111
189 559 373 638 Carneadis3
402 576 494 640 quem
515 559 622 624 videre
643 560 760 645 videor!
773 563 835 642 (est
856 561 938 627 enim
959 569 1034 629 nota
1054 565 1182 649 imago),

104 679 125 725 a
147 663 284 743 sedeque
301 661 379 742 ipsa,
401 668 490 726 muta
510 661 625 742 ingenii
641 661 853 744 magnitudine
869 664 987 744 orbata,
1009 667 1180 733 desiderari

103 763 190 828 illam
217 781 323 828 vocem
351 769 436 845 puto.
480 765 510 829 5.
539 763 619 828 Tum
646 764 733 829 Piso:
762 765 914 842 Quoniam
940 767 1035 848 igitur
1061 769 1180 850 aliquid

176 939 197 982 l.
218 932 355 986 Carneadea
373 934 446 984 codd.
468 933 619 984 Charmadae
637 932 681 984 Or.
718 935 921 998 1111111111101,
964 937 1144 1003 8.1111“φ1111Ε

101 1107 323 1184 (Emendattl,
337 1107 391 1182 29)
414 1107 613 1165 coniecturam
635 1117 791 1183 sequentes
813 1109 861 1167 hic
884 1119 914 1166 et
935 1111 1178 1180 §6Charmadae

99 1212 210 1250 nomen
243 1194 465 1252 substituerunt
510 1193 637 1252 Causam
670 1191 757 1252 affert
781 1195 934 1268 Valesius,
968 1199 1047 1272 quod
1075 1198 1179 1257 Cicero

100 1278 286 1338 Carneadem
314 1279 414 1336 videre
446 1298 506 1336 non
538 1279 677 1355 potuerit.
730 1279 826 1355 Atqui
854 1299 935 1353 curn,
966 1283 1016 1358 qui
1038 1283 1086 1340 hio
1108 1303 1127 1342 a
1148 1303 1180 1342 se

98 1365 284 1436 nominetur,
313 1364 417 1424 Cicero
439 1365 511 1422 satis
533 1364 662 1422 ostendit
683 1383 843 1440 numquam
870 1367 927 1424 sibi
948 1369 1044 1426 visum
1071 1370 1178 1445 ipsum,
1262 1409 1263 1414 .

98 1451 153 1508 sed
175 1451 333 1527 imaginem
356 1450 412 1508 sibi
434 1470 451 1507 e
473 1460 570 1507 statua
591 1450 692 1525 aliqua
702 1459 754 1508 aut
765 1450 854 1508 simili
866 1471 954 1527 opere
965 1463 1065 1512 uotam
1076 1453 1178 1514 finisse.

98 1536 300 1607 Charmadam,
329 1554 416 1610 quem
444 1535 549 1595 Cicero
576 1536 606 1592 in
633 1536 718 1594 libris
740 1537 776 1593 de
798 1545 914 1594 oratore
935 1548 1057 1615 propter
1078 1539 1180 1599 Crassi

99 1640 259 1697 personam
281 1622 392 1690 laudat,
415 1621 487 1678 alibi
509 1629 607 1678 autem
635 1629 680 1678 ter
707 1622 826 1678 omnino
853 1623 999 1692 nominat,
1033 1626 1125 1683 semel
1146 1626 1177 1684 in

99 1707 308 1764 enumerandis
331 1706 493 1766 Carneadis
510 1706 662 1781 discipulis
674 1706 782 1784 (Acad.
793 1707 836 1778 11,
852 1707 915 1784 16),
938 1709 1044 1768 iterum
1056 1720 1178 1786 propter

101 1793 215 1850 dictum
238 1793 357 1867 aliquod
370 1792 532 1852 Carneadis
544 1787 642 1873 (Orat.
656 1791 720 1866 51),
743 1792 863 1850 tertium
885 1803 1007 1870 propter
1018 1797 1177 1854 memoriae

99 1877 280 1954 singularem
303 1878 363 1934 vim
387 1875 491 1958 (Tusc.
515 1879 540 1948 1,
560 1873 629 1958 59),
663 1896 722 1934 non
750 1887 833 1934 11111111
853 1876 934 1936 fama
955 1879 1013 1938 init
1033 1899 1088 1938 nec
1110 1901 1177 1940 eum

99 1963 177 2020 tanti
189 1962 294 2022 Cicero
310 1961 449 2032 faciebat,
472 1972 506 2020 ut
517 1963 579 2020 eius
589 1973 707 2038 praeter
729 1973 842 2020 eeteros
865 1964 892 2020 ei
913 1965 945 2022 in
961 1967 1125 2024 Academia
1146 1967 1192 2024 in,

98 2059 229 2106 urentem
251 2049 352 2106 venire
374 2048 517 2120 debuerit,
540 2048 670 2118 excluso,
695 2067 781 2123 quem
799 2048 903 2108 Cicero
926 2051 1116 2109 vehementer
1126 2053 1178 2110 ad·

99 2134 273 2205 mirabatur,
297 2135 446 2210 magistro.
480 2134 519 2191 Et
541 2133 786 2208 quemadmodum
808 2133 880 2192 Piso
896 2135 1053 2194 Platonem
1076 2145 1106 2195 et
1126 2157 1177 2196 ve-

97 2219 172 2277 teris
194 2219 374 2277 Academiae
396 2220 554 2295 principes,
577 2239 595 2276 a
618 2219 724 2294 quibus
734 2220 935 2295 Peripatetico
951 2221 1108 2298 disciplina
1116 2241 1177 2282 non

95 2305 275 2380 seiungitur,
298 2315 516 2376 commemorat,
530 2303 658 2378 Quintus
671 2305 857 2380 Sophoclem,
881 2306 922 2363 sic
939 2307 1068 2380 Marcus,
1091 2327 1176 2384 prae·

95 2399 187 2466 cepto
209 2391 344 2458 Platone,
368 2409 434 2447 enm
455 2390 608 2463 nominare
631 2390 727 2462 debet,
750 2390 833 2447 cuius
854 2391 919 2466 ipse
941 2401 1051 2450 sectam
1073 2413 1176 2468 seque·

96 2477 197 2534 batur.
231 2475 271 2532 Et
291 2476 443 2552 aptissime
465 2474 543 2532 infra
565 2476 755 2551 significatur,
779 2476 813 2532 L.
826 2475 997 2536 Ciceronem
1015 2478 1177 2538 Carneadis

95 2561 181 2619 fama
203 2562 240 2618 ad
263 2562 325 2619 eius
348 2561 476 2619 scholam
489 2561 581 2631 trahi3
604 2560 785 2620 Charmadas
808 2580 874 2618 eum
885 2563 982 2620 locum
998 2582 1058 2621 non
1069 2573 1177 2622 tuetur.

96 2649 186 2704 Modo
208 2647 244 2704 de
267 2646 433 2717 Carneade,
467 2647 606 2721 quoniam
634 2665 699 2704 curn
722 2647 871 2704 veteribus
897 2647 957 2705 illis
980 2659 1176 2725 comparatur,

95 2741 180 2790 recte
209 2733 328 2808 ponitur
349 2733 380 2790 in
402 2733 560 2789 minuendo
582 2732 724 2807 temporis
751 2733 857 2808 spatio,
885 2742 918 2790 ut
934 2735 967 2790 II
985 2734 1021 2791 de
1044 2733 1102 2794 off.
1126 2735 1176 2793 75.

97 2817 203 2895 (Quod
225 2838 279 2893 pro
302 2817 486 2876 Charmadae
507 2817 625 2874 nonnine
638 2817 800 2876 Carneadis
822 2819 852 2875 in
876 2819 1025 2877 codicibus
1037 2820 1176 2878 substitui

96 2904 197 2961 solere
220 2904 330 2974 dicunt,
354 2903 436 2960 etin
457 2903 552 2960 Acad.
577 2913 606 2960 et
626 2903 754 2962 inlibris
777 2903 907 2962 deOrat.
930 2923 1033 2962 verum
1055 2925 1073 2963 a
1095 2906 1175 2963 codi-

96 2990 183 3046 cibus
206 2997 420 3060 servatumest,
444 2989 475 3045 in
497 2989 586 3046 Tusa.
608 3007 668 3046 non
690 3007 708 3045 a
730 2988 800 3046 solis
812 2985 956 3070 optimis.)
990 2990 1049 3049 Sed
1066 2991 1096 3047 in
1109 3010 1174 3049 ora·

95 3076 181 3132 tione
208 3075 320 3149 aliquid
350 3074 525 3132 subabsurdi
553 3075 638 3131 inest.
682 3074 787 3149 Neque
810 3075 887 3131 enim
910 3075 1040 3132 exhedra
1057 3075 1176 3136 Cicero·

95 3180 167 3217 nem
190 3161 337 3222 movebat,
360 3160 439 3235 quod
461 3179 556 3235 nuper
577 3158 744 3218 Carneades
771 3159 897 3217 vixisset
925 3157 1011 3238 (quid
1038 3161 1115 3218 enim
1144 3163 1174 3219 id

95 3246 137 3302 ad
149 3244 352 3317 exhedram?).
376 3245 427 3302 sed
449 3245 528 3320 quod
551 3263 586 3302 aa
607 3263 701 3320 nuper
711 3245 754 3302 ita
766 3244 806 3316 ad
817 3244 998 3303 Carneadem
1016 3247 1175 3322 pertinuis-

95 3341 154 3400 set,
177 3341 211 3388 111
232 3331 295 3388 eius
312 3331 454 3388 memoria
481 3331 511 3387 in
540 3331 740 3387 cohaereret.
783 3330 889 3405 Itaque
916 3331 1002 3388 valde
1032 3332 1175 3407 suspicor,

95 3416 272 3476 Ciceronem
291 3416 457 3492 scripsisse:
480 3418 556 3472 inodo
567 3420 633 3472 enim
639 3418 697 3488 suit
712 3416 861 3473 Carneadis
874 3413 1053 3496 (Carneadi),
1072 3435 1174 3492 quam-

94 3521 187 3577 quam
211 3502 332 3558 eandem
357 3501 506 3560 Schuetzii
528 3501 724 3576 suspicionem
748 3501 951 3579 (Chamadoe)
974 3501 1174 3561 0111111111-

93 3589 214 3664 probat
238 3587 433 3666 [Genetivum
456 3605 532 3643 nunc
555 3605 621 3644 cum
643 3587 763 3644 Baitero
785 3585 926 3664 restitui]

185 3684 261 3730 touta
273 3676 369 3747 iiayenia'
379 3671 571 3747 mupm'tudine)
591 3672 640 3731 Sic
652 3673 833 3748 cumprimis
851 3673 915 3730 edd.
932 3673 1036 3749 optimi
1059 3673 1174 3730 codices

92 3758 172 3833 (mg.
195 3758 285 3829 Crat,
314 3767 374 3815 tres
396 3759 525 3833 potiores
548 3757 626 3828 Gzii,
650 3756 720 3835 [B])
747 3769 777 3815 et
799 3759 976 3816 deteriorum
998 3759 1062 3815 sine
1084 3759 1173 3815 dubio

92 3845 231 3920 plerique
238 3843 348 3919 (Oxx.)
360 3853 574 3917 tenueruntque
585 3844 737 3900 Victorius
754 3853 783 3900 et
798 3844 926 3920 proximi
938 3838 1063 3925 (Crat).
1092 3843 1172 3902 Crat.

92 3930 218 4003 aliique,
240 3940 303 3987 tum
325 3931 402 3986 Dav.
426 3947 441 3985 e
464 3929 558 3986 tribus
581 3929 642 3986 suis
664 3939 694 3985 et
714 3930 893 3987 recentiores
915 3933 983 3986 tanti
1003 3933 1071 4003 inp,
1095 3929 1173 4004 quod

94 4025 168 4072 erat
178 4016 266 4073 etiarn
287 4015 318 4072 iu
331 4016 394 4073 cod.
406 4015 482 4072 Mor.
505 4016 628 4072 Rectum
641 4015 714 4071 illud
730 4026 775 4072 est
786 4015 989 4091 significatque
1011 4025 1066 4071 tam
1076 4033 1173 4088 mapno

93 4103 215 4175 imperuim
248 4111 351 4158 comma
378 4101 402 4157 si
431 4104 500 4156 tanti
525 4119 591 4157 cum
613 4103 711 4172 inperii
730 4101 843 4176 iungas.
866 4100 926 4158 alio
948 4119 1021 4176 opus
1044 4099 1083 4158 sit
1104 4100 1173 4158 sub·

93 4187 238 4254 stantivo,
261 4187 343 4243 velut
365 4189 505 4262 splendore
527 4186 662 4243 similive.

189 4273 215 4328 5.
241 4271 372 4340 choraiom
383 4275 464 4346 ipitur
474 4274 580 4346 aliquid
590 4291 678 4328 omnes
695 4269 763 4346 cet.)
786 4272 882 4329 Paulo
894 4271 995 4328 durius
1006 4270 1036 4327 in
1048 4277 1172 4344 utraque

94 4368 187 4435 parte
208 4358 368 4415 sententiae
390 4358 512 4414 verbum
535 4358 577 4415 ita
599 4357 751 4429 omittitur,
775 4367 808 4414 ut
819 4357 944 4432 primum
967 4376 1005 4414 ex
1017 4357 1172 4414 universae

918 4473 968 4528 39·
