2948 5024
328 373 391 440 704
717 394 762 438 nn
783 391 914 440 sturnus
936 393 1007 438 nou.

326 563 428 626 animo
461 561 577 625 moveri
606 579 729 643 semper
755 569 800 638 et,
833 579 902 626 cum
935 581 969 627 re
997 561 1081 626 nulls
1107 562 1317 642 impediantur
1344 581 1391 626 ue

327 663 470 740 cessuris,
491 669 546 726 aut
567 662 718 728 alveolum
738 665 1391 746 poscereeutqueererequempiamludum

327 774 382 831 out
403 783 575 830 sermonem
596 765 729 846 aliquem
751 767 922 846 requirere,
950 783 1079 847 cumque
1106 785 1167 832 non
1194 766 1331 832 babeant
1350 766 1391 831 in·

326 885 444 949 genucs
465 885 503 932 ex
523 867 664 932 doctrine
675 866 902 946 oblectationes,
924 867 1054 934 cuculos
1075 867 1195 950 aliquos
1212 877 1245 934 et
1259 869 1391 934 sessiun-

288 970 412 1034 5culas
444 969 622 1034 consectari
677 969 725 1034 Ne
753 969 870 1035 besn'ae
898 969 1035 1052 quidem,
1073 988 1152 1050 ques
1184 970 1390 1036 delectationis

327 1090 420 1136 consa
442 1071 664 1150 concludimus,
686 1090 756 1136 cum
777 1071 932 1152 copiosius
955 1071 1094 1150 danen,
1116 1091 1208 1154 quarn
1236 1073 1261 1137 si
1293 1083 1391 1138 essent

327 1174 455 1252 liberae,
476 1171 565 1238 facile
589 1173 752 1254 patiuntur
773 1193 843 1240 sese
865 1173 1014 1240 contineri
1035 1181 1198 1256 motusque
1226 1174 1344 1241 solutos
1363 1182 1389 1238 et

326 1295 422 1358 vagos
445 1293 465 1340 a
486 1275 992 1358 naturosibitributosrequirunt.
1026 1278 1076 1341 57.
1099 1277 1210 1358 Itaque
1220 1285 1255 1342 ut
1266 1278 1390 1359 quisque

326 1378 441 1459 optime
463 1383 555 1442 nabis
576 1377 798 1460 institutusque
826 1385 887 1458 est,
920 1396 990 1443 esse
1017 1379 1140 1444 omnino
1168 1379 1246 1443 nolit
1270 1379 1302 1444 in
1323 1379 1389 1454 sita,

268 1483 309 1547 10
326 1481 353 1546 si
373 1479 518 1562 gerendis
540 1479 670 1561 negotiis
692 1480 819 1545 orbatus
841 1481 942 1561 possit
961 1481 1169 1561 paratissimis
1180 1481 1265 1546 vesci
1287 1481 1388 1562 volup·

396 1705 416 1750 l.
436 1718 462 1751 re
480 1710 505 1750 ut
522 1699 566 1750 illa
584 1701 607 1750 Ε
651 1705 674 1750 ³.
692 1717 788 1766 mamque
806 1701 865 1752 enim
883 1701 1026 1752 lauans
1070 1707 1093 1752 4.
1111 1701 1205 1767 aliquos
1223 1711 1245 1752 et
1262 1702 1386 1752 smmum-

325 1769 362 1818 los
379 1770 469 1822 LPCR
539 1775 561 1818 5.
586 1769 641 1834 qut'u
659 1779 681 1819 te
699 1781 756 1834 (pro
774 1778 813 1825 nel
832 1771 853 1818 E
871 1769 953 1822 oecO
1023 1776 1048 1824 8.
1074 1773 1172 1836 requirit
1195 1771 1217 1820 Ε
1240 1769 1386 1835 pomi,

328 1844 365 1888 lo.
383 1841 408 1888 oi
424 1867 454 1876 —
472 1838 630 1904 uoluptotrbus
648 1839 746 1889 Nonius
763 1855 787 1904 p.
799 1843 848 1887 41⁶
867 1838 986 1905 {ponendis
1004 1849 1029 1890 et
1042 1841 1120 1904 possit
1136 1841 1241 1896 orbatur)

325 2066 391 2104 nem
413 2047 524 2118 inesse,
547 2047 660 2104 librerii
683 2045 860 2124 ignorarint3
889 2046 954 2105 Cet.
970 2049 996 2118 1,
1015 2050 1034 2105 4
1057 2057 1087 2104 et
1110 2047 1148 2104 29
1172 2048 1230 2105 iam
1254 2045 1385 2105 Davisius

324 2132 464 2190 laudavit
508 2132 623 2189 Deinde
651 2133 764 2209 primae
792 2132 929 2190 editionis
956 2134 1028 2191 ordo
1056 2135 1094 2211 (el
1115 2136 1204 2190 arumo
1225 2144 1250 2190 et
1271 2125 1384 2209 corpore)

324 2227 503 2294 propagatus
526 2227 571 2274 est
592 2218 629 2275 sd
652 2219 742 2287 Men,
765 2218 878 2287 Lomb,
900 2227 1029 2288 oeteros;
1051 2219 1176 2276 alterurn
1189 2217 1282 2277 Gzius
1304 2216 1383 2274 esuis

324 2302 474 2361 codicibus
496 2301 585 2382 (Mor.
609 2303 654 2382 [et
675 2301 730 2383 B])
752 2303 911 2361 revocavit.

410 2391 600 2460 sessiunculas)
627 2389 657 2446 id
685 2397 744 2460 est,
777 2407 931 2446 consessus
958 2390 1046 2446 certis
1073 2389 1103 2446 in
1130 2388 1205 2446 locis
1234 2405 1383 2464 paucorum

323 2473 474 2531 hominum
502 2473 762 2532 confabulantium.
795 2475 861 2532 Hoc
880 2484 1012 2532 evetere
1033 2474 1109 2532 libro
1133 2473 1277 2550 Scaligeri
1299 2483 1326 2529 et
1342 2470 1382 2528 El.

324 2559 399 2616 Dav.
417 2559 561 2628 restituit;
584 2561 758 2617 confirment
778 2560 849 2631 nrt,
868 2559 945 2635 Spin.
963 2558 1029 2639 [B],
1048 2579 1104 2636 mg.
1122 2559 1213 2631 Cret,
1237 2559 1298 2616 cod.
1315 2558 1381 2614 Mor.
1464 2597 1465 2602 κ

323 2644 493 2702 Deteriores
516 2663 616 2702 omnes
638 2645 761 2702 ridicule
783 2647 973 2717 smmdculos,
1002 2656 1033 2702 et
1053 2656 1176 2720 apparet
1197 2645 1288 2720 origo.
1329 2643 1382 2699 De·

323 2727 418 2787 fendit
439 2739 536 2786 tamen
559 2729 662 2801 Gzius,
685 2740 718 2787 ut
740 2731 870 2787 decebat.
915 2730 993 2804 Quid
1016 2731 1092 2787 enim
1115 2731 1283 2806 perversius
1303 2745 1382 2785 exeo·

322 2815 409 2891 gitari
437 2824 534 2890 potest
561 2815 616 2872 hec
643 2817 794 2874 notatione
821 2816 931 2892 figurae
953 2816 1149 2893 geometricae
1178 2823 1231 2872 sut
1258 2813 1381 2872 sedilium

323 2909 420 2957 certae
442 2901 561 2978 figurae,
584 2920 623 2958 ex
645 2920 703 2975 qus
725 2901 890 2958 necessario
912 2909 1117 2976 consequetur,
1140 2912 1173 2958 ut
1184 2901 1307 2958 circulos
1317 2916 1382 2973 quo·

322 3004 380 3059 qus
402 3005 460 3044 non
482 2987 753 3058 coetusbominnm,
782 2987 832 3044 sed
860 2987 967 3064 figuras
994 2986 1188 3064 geometricas
1215 2985 1311 3045 nescio
1336 2982 1380 3039 ubi

322 3071 484 3148 descriptos
506 3081 557 3130 eut
578 3073 743 3130 contraries
765 3072 875 3148 figurae
897 3071 1001 3130 sedilis
1022 3070 1247 3148 intellegemus?
1289 3067 1381 3128 Hemi-

323 3157 416 3234 cyclic
439 3156 556 3216 Graeco
573 3157 690 3214 nomine
702 3157 846 3234 appellari
868 3175 929 3214 rem
942 3157 1087 3216 Graecam
1100 3177 1118 3214 a
1129 3156 1282 3226 Cicerone,
1304 3153 1380 3212 semi·

323 3243 447 3301 circulos
470 3262 488 3300 a
509 3242 600 3315 nullo,
623 3261 716 3318 paene
739 3243 829 3317 pudet
851 3243 972 3313 eddere;
1001 3243 1132 3318 ineptum
1153 3251 1200 3300 est
1221 3242 1296 3300 enim
1317 3238 1380 3296 telis

321 3327 399 3386 serio
420 3327 559 3401 mititare,
582 3329 706 3386 veritate
727 3328 857 3384 invente.

407 3413 450 3470 Ne
471 3415 568 3471 haebbe
589 3408 710 3493 quidem)
732 3413 780 3470 Ex
801 3414 862 3471 Erl.
885 3412 963 3470 effici
984 3421 1098 3488 posset:
1136 3412 1207 3482 Qru'n
1236 3433 1268 3469 ue
1293 3410 1379 3468 cosae

322 3497 416 3576 [quod
438 3499 534 3574 ipsum
557 3507 602 3556 est
628 3499 658 3555 in
680 3497 735 3577 B],
769 3499 825 3556 nisi
853 3499 1033 3556 consvetudo
1061 3497 1295 3556 coniunctionem
1321 3513 1379 3571 par

322 3583 479 3640 titulorum
500 3587 565 3658 quin
588 3591 618 3640 et
639 3603 670 3641 ue
689 3587 846 3658 —quidem
867 3603 1006 3660 respuere
1028 3584 1192 3653 videretur3
1215 3602 1282 3641 uem
1303 3582 1329 3638 in
1348 3597 1377 3634 oe

321 3703 365 3712 —-
377 3671 484 3743 quidem
495 3687 530 3726 ea
541 3669 715 3745 significatio
727 3669 785 3726 iam
799 3670 884 3740 inest,
897 3689 972 3744 quos
989 3689 1027 3726 ex
1044 3668 1158 3726 adiecto
1176 3671 1240 3743 quin
1259 3667 1324 3726 oriri
1333 3663 1378 3718 de·

322 3754 419 3811 bebet
442 3753 547 3832 [Apud
559 3754 771 3828 Quintilianum
794 3754 819 3826 Ι,
843 3758 868 3821 1,
893 3757 930 3812 31
950 3754 982 3812 in
1004 3755 1177 3831 corrigendo
1196 3750 1378 3829 interponitur

321 3843 406 3897 immo.
430 3841 478 3897 Ex
487 3840 637 3916 superiore
649 3839 728 3898 loeo:
750 3839 820 3908 Quin
832 3844 910 3897 etiam
920 3843 1092 3898 inertissimos
1104 3841 1161 3896 huc
1171 3849 1294 3896 tractum
1305 3843 1375 3912 puto.
1460 3841 1461 3844 ’

320 3925 457 3984 Klotnius
468 3925 599 4003 scripsit:
616 3923 690 3994 Quid
695 3934 707 3982 t
718 3946 750 3982 ue
761 3927 858 3984 besum
868 3927 975 4000 peridem
983 3957 1031 3982 -.
1055 3923 1115 3986 Sed
1126 3933 1188 3983 tum
1205 3920 1376 3982 scribendum

322 4019 399 4068 erat:
425 4011 507 4082 Quid,
530 4013 604 4086 quod
624 4031 656 4068 ne
678 4011 775 4068 bestiae
796 4013 903 4086 quiden
925 4009 999 4088 κβ]
1047 4012 1235 4068 Concludimne
1256 4004 1375 4066 absolute

321 4097 437 4168 dicitur,
460 4096 704 4172 quemadmodum
721 4096 752 4153 in
763 4098 849 4154 Verr.
861 4097 916 4166 IV,
930 4097 970 4154 54
993 4095 1026 4174 (e
1043 4095 1214 4154 melioribus
1225 4091 1375 4152 codicibus:

321 4181 381 4238 vid.
403 4182 512 4258 Opusc.
534 4191 636 4239 nostre
657 4182 779 4240 Acad.I
794 4202 823 4258 p.
837 4177 928 4263 360):
956 4183 1015 4240 Eos
1037 4183 1178 4252 concludit,
1201 4196 1317 4254 mappam
1333 4174 1374 4228 lo·
1459 4151 1460 4243 l

321 4269 421 4324 cunum
441 4269 642 4325 multitudinem.
