2928 5012
339 343 379 407 16
729 361 774 408 ns
796 360 927 408 rmmus
950 361 1022 408 non.

338 529 522 611 scriptorem
555 537 672 608 emen,
710 535 746 594 ut
778 529 927 612 legendus
961 532 1010 596 sit.
1076 532 1198 596 Rudem
1230 533 1312 596 euim
1342 550 1402 597 esse

338 632 461 696 omuino
487 632 519 696 iu
547 631 661 696 nostris
688 633 789 714 poetis
811 639 867 698 aut
887 632 1093 698 inertissimae
1115 633 1266 715 segnitiae
1288 641 1337 700 est
1355 643 1402 698 aut

337 731 453 798 fastidii
475 733 693 799 delicatissimi.
726 734 803 799 Mihi
825 734 951 816 qrddem
973 735 1048 800 nulli
1070 736 1147 800 satis
1169 736 1283 800 eruditi
1305 736 1401 800 videu-

337 842 398 914 tur,
420 836 532 917 quibus
554 843 662 901 nostra
683 836 790 918 ignota
812 843 892 901 sunt
937 839 988 902 Au

298 939 320 1002 5
422 938 574 1004 Utinam
597 957 641 1003 ue
662 939 699 1003 in
723 957 874 1004 nemore
899 975 936 986 —

337 1039 432 1106 nihilo
454 1039 556 1105 minus
577 1039 707 1122 legimus
734 1059 828 1123 quam
854 1042 913 1106 boc
938 1041 1022 1107 idem
1044 1040 1213 1122 Graecum,
1246 1061 1327 1124 quae
1352 1061 1402 1106 au-

320 1147 400 1207 ·tem
432 1143 471 1207 de
503 1142 582 1208 bene
614 1142 766 1226 beateque
798 1144 931 1209 vivendo
953 1162 972 1209 a
994 1143 1125 1208 Platone
1147 1143 1308 1227 disputata
1329 1151 1403 1220 suut,

335 1243 412 1308 baec
433 1244 581 1325 explicari
603 1264 664 1309 nou
691 1245 827 1328 placebit
847 1247 979 1311 Latine?
1034 1247 1062 1310 6.
1097 1247 1188 1327 Quid,
1216 1245 1243 1312 si
1272 1265 1327 1312 uos
1348 1267 1404 1311 nou

335 1345 540 1428 interpretum
562 1345 719 1429 bmgimur
740 1366 883 1428 munere,
916 1349 972 1414 sed
994 1353 1118 1413 tuemur
1140 1367 1192 1428 ea,
1225 1367 1306 1431 quae
1327 1349 1402 1414 dicta

273 1452 320 1516 10
337 1455 411 1515 suut
441 1449 481 1513 ab
512 1449 564 1529 iis,
598 1468 677 1532 quos
703 1449 886 1532 probamus,
919 1449 1028 1532 eisque
1050 1456 1191 1515 nostrum
1212 1450 1358 1516 iudicium
1378 1461 1405 1516 et

338 1557 479 1616 nostrum
501 1551 654 1617 scribendi
681 1553 821 1618 ordinem
847 1552 1066 1634 adiungimus?
1099 1553 1174 1634 quid
1200 1553 1328 1634 habeut,
1356 1572 1405 1618 cur

337 1653 459 1718 Graeca
479 1659 671 1735 anteponant
691 1653 744 1734 iis,
778 1672 859 1736 quae
881 1661 913 1719 et
939 1653 1102 1736 splendide
1123 1655 1206 1720 dicta
1229 1655 1292 1720 siut
1313 1673 1405 1738 neque

407 1827 428 1872 l.
446 1823 500 1874 inde
519 1825 576 1888 (pro
593 1824 722 1889 tamea)C
758 1831 780 1873 ³.
800 1823 837 1874 eli
853 1825 896 1874 Ll’
933 1831 956 1873 4.
976 1834 1003 1873 at
1021 1825 1072 1891 [A]
1096 1825 1186 1876 ELPO
1212 1827 1284 1876 cell
1310 1831 1332 1875 ⁵.
1350 1825 1406 1874 Post
1449 1871 1450 1878 ,

335 1909 427 1942 nemore
444 1893 465 1941 l.
484 1895 555 1942 addit
566 1891 635 1942 Peleo
662 1898 685 1942 6.
704 1893 746 1957 qai
761 1893 784 1942 E
825 1892 1175 1957 s.qu0dsiie1.1²uca0r.
1205 1899 1244 1944 lo.
1261 1894 1298 1944 bis
1313 1895 1356 1946 OE
1373 1895 1405 1951 ot*-
1449 1909 1450 1924 ¹

326 1961 452 2025 ficiumC
486 1971 635 2026 aestatemque
662 1961 794 2012 desudet.
834 1967 870 2014 12.
890 1961 955 2011 ᾰὶαα
972 1970 1027 2012 auat
1050 1961 1083 2028 [A
1103 1961 1151 2028 uh]
1171 1962 1215 2011 LP
1449 1979 1450 1984 ¹

335 2138 452 2177 versum
474 2119 673 2196 septenarium
695 2137 760 2176 cum
784 2118 905 2176 dimidio
933 2119 1118 2189 describunt,
1151 2119 1298 2178 Licinium
1326 2120 1406 2177 valde
1449 2107 1450 2152 ἶ

335 2205 553 2262 accommodate
575 2205 613 2263 ad
641 2204 793 2263 Ciceronis
828 2205 982 2262 consilium
1005 2205 1158 2282 scripsisse
1180 2214 1328 2276 statuunt,
1360 2205 1405 2280 qui
1449 2243 1450 2280 ἦ

334 2306 393 2348 uon
416 2291 511 2348 solum
522 2291 648 2348 Atilium
671 2290 812 2367 singulari
834 2309 907 2348 voce
929 2291 1054 2362 notarit,
1078 2291 1130 2348 sed
1152 2292 1302 2348 excusarit
1323 2291 1405 2348 etiam
1449 2311 1450 2314 ¹

335 2386 365 2432 et
386 2376 525 2452 legendos
547 2384 650 2452 poetas
671 2376 794 2434 Latinos
822 2393 886 2433 esse
914 2377 1106 2452 praeceperit
1151 2375 1299 2452 Scaliger,
1322 2395 1406 2451 quum

289 2460 292 2466 ’
334 2461 365 2518 in
388 2462 488 2520 codice
511 2481 564 2520 suo
585 2461 765 2539 repperisset
786 2465 987 2536 cacenptorem,
1012 2462 1189 2519 claudicanti
1206 2463 1318 2534 verstri,
1341 2481 1406 2536 neg·

335 2547 411 2604 lecta
449 2549 609 2619 sententia,
654 2547 792 2605 subvenit
834 2547 1054 2624 legitimamque
1087 2567 1238 2605 caesuram
1271 2547 1407 2606 reddidit:

328 2635 450 2706 ferretum
472 2637 635 2709 scrqrtorem,
658 2636 759 2709 opinor,
782 2652 873 2690 verum
895 2637 1083 2708 susceptorem
1106 2644 1200 2704 umen,
1230 2634 1266 2692 Ut
1288 2634 1407 2708 dependas
1449 2659 1450 2696 γ

334 2721 377 2774 sit.
421 2719 500 2776 Illud
522 2738 582 2777 non
604 2737 693 2795 nego,
718 2718 890 2778 Ciceronem
913 2719 999 2790 alibi,
1033 2719 1085 2775 ubi
1116 2737 1212 2795 peuce
1244 2717 1406 2776 huiusmodi

334 2804 439 2875 verba,
473 2823 531 2862 non
554 2805 697 2881 integram
720 2805 910 2874 sententiam,
934 2823 953 2862 e
974 2812 1062 2881 poeta
1084 2813 1195 2875 sumet,
1229 2804 1290 2862 suis
1312 2803 1406 2862 verbis

334 2890 524 2965 grammatice
545 2899 700 2947 annectere
723 2891 826 2948 solere.

420 2975 464 3031 An
486 2979 588 3032 atinam
610 2997 642 3033 oe
664 2978 732 3050 etc.)
755 2976 822 3033 Hoc
843 2975 873 3032 iu
898 2975 975 3052 Spir.
998 2993 1078 3045 esse,
1105 2973 1198 3034 Gaius
1221 2975 1278 3046 ait,
1301 2973 1406 3039 nescio,
1449 3007 1450 3036 ;

333 3061 444 3118 satisne
466 3069 547 3118 certe
568 3062 634 3130 lide,
658 3062 819 3119 Lambinus
835 3063 867 3118 in
879 3061 1002 3132 duobus,
1026 3079 1139 3131 vereor,
1158 3079 1194 3117 nc
1213 3059 1406 3134 obsequiosis;

334 3155 498 3204 ceterorum
521 3145 637 3220 (Grut,
660 3148 752 3219 Data,
776 3146 867 3222 Gzii),
896 3148 967 3205 item
989 3155 1023 3203 ut
1044 3146 1147 3217 nostri,
1171 3146 1254 3204 codd.
1276 3155 1312 3207 ct.
1336 3163 1408 3202 unus
1449 3137 1450 3146 ’

333 3233 402 3289 Par.
425 3233 501 3290 Dav.
524 3241 554 3290 et
575 3232 633 3292 Ox.
657 3233 685 3292 U
707 3244 768 3304 arat,
797 3228 813 3302 ξ
834 3252 875 3289 ac.
920 3233 1033 3290 Verum
1055 3231 1186 3289 restituit
1205 3232 1340 3289 Muretus
1362 3229 1407 3303 (ed

333 3318 411 3374 Pbil.
428 3319 516 3390 XIV,
532 3319 592 3388 12),
611 3318 647 3375 de
665 3337 724 3392 quo
741 3318 954 3376 dubitationem
966 3317 1045 3374 tollit
1062 3316 1300 3392 frequentissima
1316 3314 1408 3373 forma

333 3404 499 3478 argumenti
520 3423 573 3480 per
594 3405 855 3480 interrogationem
877 3422 1041 3461 connexam
1059 3402 1189 3460 conclusi
1211 3401 1407 3478 superioribus

333 3489 534 3546 subnectendr‘.
582 3490 652 3548 Vid.
675 3489 842 3547 Emendett.
870 3499 962 3546 nostr.
985 3489 1047 3547 cic.
1076 3488 1144 3545 libr.
1173 3487 1278 3563 philos.
1307 3507 1335 3562 p.
1359 3487 1406 3547 40.

333 3575 431 3632 Haud.
455 3577 542 3632 Ture.
564 3577 594 3646 I,
618 3595 647 3651 p.
671 3575 731 3632 349
756 3595 819 3650 sqq.
875 3571 956 3652 [Aut
980 3575 1059 3649 quod
1081 3574 1142 3630 vidi
1166 3572 1406 3632 commendatum.

333 3661 371 3717 ab
394 3661 449 3717 hac
471 3661 613 3718 orationis
635 3659 731 3718 forma
748 3671 777 3718 et
795 3661 941 3719 sententia
958 3660 1168 3717 alienissimum
1186 3657 1254 3737 est]
1287 3655 1408 3715 Exordil

332 3746 457 3803 Medeae
484 3746 636 3803 Ennianae
659 3746 696 3803 ed
718 3747 897 3822 Euripideae
930 3746 1097 3821 exemplum
1131 3744 1264 3820 expressi
1286 3744 1408 3816 (Uarium

332 3851 365 3888 ne
392 3836 419 3888 in
441 3851 544 3889 necere
566 3833 642 3889 Pelio
663 3834 799 3890 accumbas
821 3833 912 3890 Caesa
934 3834 1075 3889 accidisset
1107 3831 1218 3904 addeque
1245 3831 1284 3887 ud
1312 3839 1407 3885 terrum

333 3919 422 3974 trabes
444 3921 512 3992 etc.)
535 3918 585 3992 qui
607 3917 718 3994 primos
740 3937 843 3976 versus
866 3918 1003 3988 citarunt,
1027 3925 1235 3974 enumerantur
1256 3914 1335 3990 apud
1350 3914 1408 3972 Bo·

333 4002 427 4060 thium
459 4023 488 4079 p.
512 4003 552 4060 52
582 4002 676 4082 [apud
698 4003 894 4061 Ribbeckium
917 4023 945 4079 p.
970 4001 1035 4080 36].
1164 4055 1165 4060 ,

421 4091 448 4146 6.
492 4091 565 4146 dam
587 4088 652 4165 mat)
675 4101 738 4146 suat
759 4092 790 4147 A
811 4099 841 4147 et
864 4089 1024 4146 deteriores
1047 4087 1174 4161 aliquot,
1208 4089 1261 4143 eat
1288 4103 1326 4142 ex
1348 4084 1408 4140 Da·

305 4178 307 4182 ’
333 4173 456 4232 visianis
476 4175 538 4246 El,
563 4175 664 4247 000Ἶ
699 4175 791 4246 Ball,
814 4175 875 4248 alii,
900 4173 968 4234 Gzii
992 4173 1059 4231 duo.
1103 4171 1255 4251 [Baiterus
1288 4170 1406 4228 verbum

333 4258 466 4337 delevit]
510 4261 584 4319 Mox
612 4263 699 4320 dumet
726 4281 780 4338 pro
803 4263 920 4318 dicerent
941 4261 1060 4331 Lamb,
1084 4277 1122 4316 ex
1145 4260 1175 4315 A
1198 4257 1359 4326 Gruterus,
1393 4271 1408 4308 e

332 4345 417 4402 Parr.
440 4345 663 4420 duobus-Dav,
687 4346 756 4406 Gaii
779 4357 838 4404 tres
861 4349 949 4422 (unus
972 4343 1058 4421 Eri).
