2956 5028
350 329 414 393 292
738 347 783 392 nu
806 345 937 392 nmmos
960 345 1031 392 non.

349 514 536 579 ‹liunmnitas
566 513 661 578 iacit?
710 513 792 590 Quid
815 521 864 579 est
890 513 998 594 igitur,
1032 531 1087 576 cur
1114 513 1158 576 ita
1186 530 1310 592 semper
1343 513 1449 576 deum

348 615 503 697 Epicurus
525 615 650 680 beatum
671 615 807 696 appellet
828 621 860 680 et
881 615 1063 678 aetemum‘?
1086 613 1220 693 Dempta
1232 614 1315 677 enim
1329 625 1447 678 aeter·

349 719 455 796 nitate,
477 715 572 781 nihilo
594 717 714 782 beatior
735 716 879 798 Iuppiter
900 734 994 797 quam
1004 716 1173 810 Epicurus;
1196 722 1335 796 uterque
1356 716 1447 780 enim

349 1027 365 1072 ³
394 951 563 1089 [Itfflnppqllft
585 954 698 1018 Epicurus
717 955 808 1002 Motum
828 952 995 1020 [A]LPMCR
1018 954 1109 1002 ὁοαηιηι
1132 953 1245 1018 Epicurus
1263 951 1378 1016 appellet
1399 955 1444 999 (tr.

366 1061 372 1071 .
416 1041 431 1072 u
467 1040 494 1072 er

433 1226 759 1302 corrumperem.)
783 1226 876 1285 Gaius
899 1237 928 1283 et
951 1225 1022 1284 Otto
1029 1228 1226 1323 coniungunt
1254 1229 1327 1282 ita
1316 1245 1443 1300 serrrper.

348 1321 525 1388 vertuntqua
547 1332 577 1380 so
599 1312 786 1386 ιιηα]ΙιόνίιόΙι;
809 1321 982 1387 comparant
1005 1297 1100 1377 οὕτως
1123 1302 1185 1382 ἀεί,
1208 1311 1289 1386 qnod
1312 1311 1413 1366 ubi
1398 1311 1443 1366 sic

349 1399 478 1474 positum
499 1397 639 1474 legerint,
673 1406 707 1453 ut
734 1397 843 1466 solent,
879 1415 936 1453 non
970 1397 1080 1452 dieunt.
1130 1395 1302 1454 Assentitur
1331 1405 1442 1452 tamen

348 1483 485 1541 Handius
508 1482 609 1560 (Turs.
631 1482 681 1539 III
709 1501 738 1558 p.
768 1479 854 1556 490).
904 1481 963 1540 Sed
992 1501 1096 1556 semper
1117 1481 1230 1557 respuit
1254 1481 1441 1537 adverbium

348 1568 472 1644 gradum
494 1576 608 1624 notans.
654 1569 697 1622 Ito
719 1566 998 1624 demonstrationem
1022 1566 1113 1623 habet
1123 1565 1305 1622 huiusmodi:
1330 1569 1384 1626 ita.
1411 1577 1441 1618 ut

342 1656 429 1728 sucin
457 1654 557 1728 itaque
579 1651 714 1727 proxime
736 1651 902 1708 annectitur
924 1651 1068 1726 superiori
1090 1651 1253 1727 particulae
1265 1651 1439 1726 interroga-

349 1739 443 1808 tivae,
476 1755 531 1794 nee
559 1737 651 1794 muita
675 1736 762 1793 aliter
783 1737 891 1794 dieitur
912 1757 962 1792 ror
982 1740 1021 1792 ita
1043 1746 1132 1810 atque
1155 1739 1224 1810 qnid
1245 1739 1282 1791 ita
1306 1733 1437 1812 (ze-amna

349 1821 448 1898 dener),
477 1841 544 1880 eum
567 1821 610 1878 sio
632 1821 668 1878 de
690 1839 780 1878 eausa
801 1821 844 1878 rei
867 1821 1033 1895 quaeritur,
1067 1831 1101 1878 ut
1129 1821 1274 1896 particula
1302 1819 1437 1876 modalis

348 1907 598 1965 vehementiorem
627 1905 736 1964 efficiat
756 1907 957 1982 interrogandi
980 1905 1055 1974 vinu
1089 1924 1147 1979 qno
1169 1924 1277 1982 genere
1300 1905 1331 1960 in
1358 1906 1437 1961 inte-

348 1993 410 2070 gris
438 1991 591 2050 sententiis
619 1989 724 2050 Cicero
751 1991 847 2048 rarius
876 2009 947 2048 usus
975 2000 1034 2060 est,
1069 2010 1122 2066 pro
1151 1992 1237 2048 Rosa.
1261 1989 1347 2048 Com.
1378 1990 1435 2046 12:

349 2097 450 2154 paruero
471 2079 565 2136 abste.
588 2077 657 2150 quid
677 2079 716 2132 for
738 2109 779 2116 —
801 2079 1134 2151 cornpromr'ssumseoens,
1158 2085 1187 2132 et
1209 2075 1268 2131 ibd.
1282 2075 1321 2130 54
1348 2075 1432 2150 (nam

349 2163 418 2238 qaid
438 2165 494 2219 itot
527 2162 662 2218 absolute
695 2179 783 2236 saepe
811 2160 911 2235 dicit),
946 2160 1049 2218 Livius
1071 2159 1256 2234 frequent-en
1290 2159 1434 2234 exempla

349 2247 450 2324 posuit
471 2247 606 2303 Handins
629 2266 657 2321 p.
681 2247 758 2316 496,
782 2245 889 2320 quibus
912 2246 980 2302 addi
1003 2255 1101 2321 potest
1123 2245 1276 2312 XXVIII.
1301 2245 1354 2314 43,
1384 2243 1431 2299 12.

349 2333 426 2390 Tum
455 2332 548 2389 Gaius
575 2339 725 2404 tamquam
753 2350 791 2387 ex
813 2330 874 2386 Erl.
904 2341 934 2387 et
962 2330 1040 2406 Spir.
1069 2331 1174 2388 edidit:
1217 2332 1295 2387 deum
1324 2329 1431 2385 tearum

350 2419 490 2490 Epicurus
511 2419 635 2491 appellet
659 2433 770 2472 errans.
793 2424 826 2471 ut
848 2434 885 2472 ex
908 2415 970 2472 nrt.
993 2424 1125 2490 apparet.
1158 2417 1259 2473 Antea
1276 2414 1429 2470 edebatur.

350 2511 383 2558 nt
405 2501 435 2557 in
458 2501 567 2558 nostris
590 2500 794 2557 deterioribus.
818 2499 860 2577 [Β
883 2501 997 2575 Epicur.
1022 2519 1090 2574 app.
1110 2498 1193 2577 beat]
1227 2498 1431 2556 Reateadiec-

349 2585 419 2644 tisis
440 2585 604 2643 eoniunetis
626 2604 717 2642 unum
739 2585 961 2678 interponitur!
954 2586 1091 2654 verbum3
1114 2585 1173 2641 vid.
1196 2585 1281 2660 epist.
1305 2601 1372 2640 mea
1395 2580 1431 2636 ad

351 2671 442 2730 Orell.
464 2691 493 2747 p.
518 2671 567 2727 54.
612 2671 708 2728 Deum
721 2669 867 2745 Epicurus
878 2687 1027 2744 μακαριον
1039 2687 1087 2724 και
1079 2656 1266 2743 αφθαρτον
1278 2667 1429 2744 appellare

349 2756 472 2814 solebat.
517 2755 618 2831 (Diog.
641 2755 682 2824 X
710 2755 786 2821 123
810 2753 863 2811 cfr.
890 2752 972 2827 139.)

436 2841 556 2915 Dempta
579 2843 646 2896 euim
668 2840 836 2915 aeternaitate)
859 2839 928 2897 Non
951 2839 1037 2895 valde
1060 2837 1216 2913 perspicue
1238 2855 1293 2894 neo
1306 2835 1429 2893 firmiter

350 2925 455 2984 Cicero
477 2932 707 3001 argumentatur.
731 2923 781 2982 sie
804 2925 881 2981 enim
894 2923 1051 2994 concludit,
1074 2921 1246 2998 Epicurum,
1270 2940 1335 2978 cnm
1354 2939 1429 2978 senr-

349 3085 568 3174 (εὐδαιμονίαν)
591 3093 720 3149 tribuere
742 3093 851 3162 videri;
884 3093 914 3149 id
936 3112 995 3149 non
1018 3091 1106 3162 effici,
1129 3091 1186 3148 uisi
1209 3091 1254 3148 vis
1276 3091 1377 3166 aliqua
1398 3088 1428 3144 in

349 3179 405 3236 bae
426 3196 458 3234 re
481 3178 628 3235 tribuatur
638 3178 815 3234 aeternitati.
850 3177 942 3252 Atqui
955 3177 1133 3252 respondere
1145 3177 1427 3251 poteratEpieurus.

349 3283 381 3322 se
404 3263 523 3320 beatum
546 3262 632 3319 deurn
655 3261 762 3330 dicere.
785 3263 864 3335 qnod
886 3264 990 3318 beatus
1012 3271 1099 3330 esset,
1123 3280 1182 3317 non
1199 3261 1279 3335 quod
1296 3261 1426 3336 sapiente

350 3350 437 3406 beato
460 3347 583 3418 beatior,
612 3347 706 3404 etuti
728 3346 794 3420 ipsa
816 3347 998 3416 Stoicorum,
1033 3365 1157 3420 quorum
1180 3345 1248 3402 telis
1270 3346 1375 3404 Cicero
1398 3361 1426 3398 se

350 3432 500 3502 instruxit
523 3432 708 3499 auctoritate,
732 3431 891 3507 Chrysippi
915 3432 1033 3502 saltem3
1057 3432 1115 3488 vid.
1139 3431 1223 3489 Stob.
1236 3431 1338 3506 Eclog.
1361 3428 1425 3486 Eth

350 3538 378 3618 p.
405 3519 464 3574 198
493 3518 582 3614 Hpea
626 3517 666 3573 Et
692 3515 843 3574 ferebatur
871 3516 1054 3574 interdurn
1045 3536 1075 3573 m
1104 3533 1168 3573 eam
1197 3507 1326 3590 parterm
1362 3530 1424 3570 narn

351 3594 485 3752 disper
457 3595 584 3675 ετοίμως
603 3594 676 3698 ἔχειν
693 3589 742 3656 καὶ
759 3618 801 3670 τῳ
788 3591 908 3656 ’Διὶ
893 3591 964 3675 νπὲρ
988 3591 1179 3675 εὐδαιμονίας
1201 3593 1341 3674 reopant
1340 3599 1424 3654 εσθαι

350 3703 394 3758 μα
413 3703 450 3740 αν
469 3677 541 3759 ἔχων
569 3703 618 3742 και
646 3671 724 3759 ndmp
755 3683 855 3760 (Stob.
879 3685 1018 3760 Florileg.
1042 3685 1086 3741 tit.
1110 3684 1215 3754 XVII
1241 3684 1281 3740 30
1310 3703 1338 3758 p.
1370 3679 1423 3737 158

351 3766 454 3840 Gesn.
467 3768 634 3826 oerlien.
648 3770 719 3825 V.ar
731 3769 809 3826 Hist.
832 3771 888 3840 IV
915 3767 979 3847 13).
1013 3771 1119 3843 Itaque
1143 3769 1189 3825 hie
1212 3769 1311 3824 exitus
1339 3769 1425 3824 inter·

351 3852 512 3910 eludendus
535 3853 657 3922 eierat,
681 3871 746 3910 enm
769 3855 982 3924 ostenderetur,
1007 3873 1074 3910 eum
1085 3853 1234 3910 interdum
1246 3862 1348 3928 aperte
1360 3867 1423 3907 oon·

351 3936 437 4008 fitam,
460 3938 704 4012 praestantiorem
733 3956 797 3995 esse
826 3930 1017 4013 εὐδαιμονίαν
1040 3937 1087 3995 dei
1110 3957 1198 4011 quam
1221 3937 1364 4006 hominis,
1395 3941 1423 3988 ut

351 4021 500 4097 Diogenes
523 4021 670 4098 significat
691 4023 732 4090 X,
759 4024 815 4080 121
841 4024 914 4098 (vid.
937 4024 974 4080 ad
996 4025 1021 4092 Ι,
1047 4022 1117 4097 62);
1151 4032 1217 4093 aut,
1241 4023 1266 4079 si
1290 4023 1345 4079 hoc
1367 4015 1421 4076 fieri

350 4105 501 4179 nequibat,
524 4107 622 4181 potius
645 4125 683 4163 ex
705 4107 799 4164 altera
812 4116 895 4183 parte
907 4107 1076 4184 unguendus
1088 4117 1161 4178 erat,
1184 4117 1216 4164 ut
1229 4115 1422 4181 quaereretur.

351 4207 404 4245 eur
425 4190 468 4246 ita
490 4209 606 4266 semper
628 4201 779 4248 aeternum
802 4192 890 4250 deum
906 4193 1080 4268 appellaret,
1104 4209 1170 4249 cnm
1182 4193 1343 4249 aeternitas
1358 4185 1422 4248 nibil

350 4272 481 4346 adderet,
504 4293 562 4348 quo
583 4276 782 4350 praestantior
803 4285 889 4334 esset.
