3034 5030
490 403 532 446 nr
556 401 637 447 nau.
660 401 722 446 nra
745 401 779 446 m
802 402 874 447 cae.
901 406 939 448 ro.
1175 386 1239 448 403

164 571 254 646 valet,
277 588 339 634 non
361 569 582 650 magnitudine.
632 569 712 632 Nam
739 587 807 634 cum
835 570 1024 646 aestimatio,
1058 588 1139 651 quae
1170 565 1239 640 ἀξία

163 671 290 748 dicitur,
324 689 424 752 neque
451 671 481 734 in
510 671 598 735 bonis
629 681 792 735 numerata
814 672 855 735 sit
877 689 934 734 nec
955 689 1066 736 rursus
1088 672 1119 734 in
1142 669 1241 748 malis,

162 783 446 854 quarumcumque
468 791 505 835 eo
527 773 694 847 addideris,
717 773 749 836 in
771 790 828 836 suo
850 791 965 854 genere
987 772 1131 836 manebit
1170 771 1241 835 Alia

162 885 210 940 est
229 875 328 955 igitur
348 873 477 954 propria
498 874 673 937 aestimatio
695 874 829 950 virtutis,
851 892 932 954 quae
952 892 1075 954 genere,
1099 891 1239 937 nonore·

162 977 277 1041 scendo
301 975 391 1038 rdet
429 977 480 1038 35.
503 974 569 1040 sec
590 994 665 1038 vero
687 975 938 1055 perturbationes
954 975 1137 1052 animomm,
1159 981 1278 1056 quaed

233 1201 254 1244 1,
276 1195 399 1260 [mind]
455 1194 593 1243 2111*ch
650 1194 909 1244 coadunaverat}
962 1197 1240 1258 „eumaeumque

163 1281 245 1313 nom
264 1263 325 1327 Or.¹
344 1281 386 1311 aec
404 1263 466 1310 n'sus
485 1263 577 1328 [A]F.P

248 1457 411 1519 creatimutr'o,
440 1473 510 1530 qnae
533 1443 618 1520 ἀξία
646 1454 759 1526 dicitur)
793 1471 868 1526 quae
903 1454 1043 1510 tribuitur
1077 1455 1166 1511 rebus
1194 1453 1240 1514 iis.

163 1557 238 1614 qnae
262 1539 421 1594 secundnm
444 1549 578 1594 naturam
602 1545 684 1608 suut,
724 1547 845 1612 propter
872 1557 960 1612 quam
983 1539 1150 1615 seligendae
1174 1547 1240 1594 sunt

163 1635 192 1681 et
214 1635 314 1680 tamen
337 1623 366 1679 in
391 1622 494 1678 mediis
517 1631 546 1678 et
568 1620 804 1678 indifferentibus
827 1622 1047 1696 relinquuntur3
1070 1624 1128 1680 vid.
1152 1624 1203 1679 20.

250 1709 300 1764 35.
324 1708 380 1764 Nec
404 1727 464 1763 vero
483 1709 696 1782 perturbationes
719 1710 788 1780 cet.)
823 1709 931 1765 Totum
960 1709 1016 1765 hoc
1043 1710 1080 1765 de
1108 1709 1240 1784 sapiente

162 1793 438 1870 pernmbationibus
457 1811 550 1848 vacuo
573 1810 668 1866 neque
691 1809 757 1848 cum
769 1793 815 1862 iis,
840 1811 915 1866 quae
932 1793 1120 1868 praecedunt,
1144 1811 1240 1866 neque

162 1897 228 1936 cnm
252 1879 298 1948 iis,
322 1897 397 1951 quae
410 1889 581 1951 sequuntur,
604 1877 761 1934 admodum
773 1877 928 1953 perspicue
947 1878 1085 1936 cohaeret
1107 1889 1241 1953 necapte

161 1959 368 2038 interpositum
392 1961 529 2019 videturu
560 1960 702 2039 [Videtur
729 1961 833 2020 Cicero
855 1972 944 2038 capnt
966 1964 995 2019 in
1018 1963 1107 2039 plena
1127 1963 1241 2020 ethicae

163 2049 331 2108 Stoicorum
350 2047 535 2122 expositione
558 2047 727 2122 excerpenti
745 2047 801 2104 sibi
819 2048 950 2104 oblatum
968 2049 1033 2106 loco
1055 2048 1241 2105 incommodo

161 2133 384 2208 interposuisse.
428 2133 505 2189 Nam
529 2132 607 2205 quod
630 2131 741 2190 Bakius
763 2133 800 2188 ad
813 2132 874 2190 Cic.
892 2134 928 2190 de
941 2135 1030 2208 Legg.
1042 2153 1070 2209 p.
1084 2134 1144 2190 262
1168 2133 1241 2189 haec

162 2219 296 2276 eiciendo
319 2227 417 2292 putat,
451 2235 546 2290 neque
569 2235 659 2274 causa
680 2217 916 2292 interpolationis
938 2219 1009 2294 fingi
1025 2219 1087 2276 ulla
1103 2227 1242 2293 potestat

163 2303 279 2379 singula
307 2321 398 2378 prope
426 2303 517 2358 verba
545 2301 768 2360 Ciceronianam
797 2313 896 2358 notem
926 2302 1099 2379 impressam
1122 2303 1241 2359 habent.

163 2390 226 2445 Nec
239 2388 331 2444 multo
349 2387 458 2443 arctius
475 2405 541 2443 cum
558 2387 663 2442 ceteris
680 2387 847 2446 cohaerent.
871 2405 946 2460 quae
970 2393 983 2458 ξ
1008 2389 1047 2444 49
1071 2389 1107 2445 de
1130 2388 1242 2444 divitiis

163 2468 413 2550 interponuntur]
430 2471 531 2528 Verba
542 2481 639 2528 autem
652 2472 741 2547 vulgo
753 2472 1016 2541 describebantur,
1029 2484 1061 2529 ut
1072 2473 1242 2548 parenthesi

163 2558 385 2615 includerentur
407 2557 494 2612 haec:
528 2577 597 2630 parra
623 2557 724 2614 Graeci
739 2591 780 2598 -
797 2561 891 2614 m‘tiosa
914 2561 1051 2614 ‹tecturae-i
1062 2561 1166 2614 m'detnr
1189 2557 1240 2634 (ab

163 2643 243 2700 aliis:
263 2653 387 2717 potera-m
399 2675 439 2682 -
454 2644 579 2716 tu'dehrr).
592 2652 653 2698 tum
666 2652 859 2715 sequerentur
875 2641 943 2700 illa:
965 2663 1011 2699 aec
1022 2663 1068 2699 ene
1079 2645 1157 2719 (lane)
1175 2663 1240 2718 per·

163 2729 326 2784 turbationes
349 2760 389 2767 -
412 2737 556 2794 rooverrtnr,
580 2727 630 2783 ubi
653 2726 767 2783 absolvi
779 2727 939 2802 putabatur
955 2729 1049 2784 oratio
1066 2729 1240 2803 interrupta,

163 2813 268 2870 deinde
291 2813 522 2888 adiungerentur
543 2811 672 2886 reliqua:
694 2832 835 2886 omoeoque
850 2845 885 2854 -
899 2815 1034 2869 eletionem
1053 2817 1239 2888 voluptariam.

163 2907 193 2955 et
215 2898 255 2953 ibi
279 2897 366 2972 plene
389 2897 655 2972 interpungeretur.
699 2897 763 2953 Nec
791 2916 967 2972 quemquam
995 2899 1126 2955 haesisse
1154 2897 1240 2954 video

163 2983 219 3040 nisi
238 2983 424 3039 Lambinum.
457 2982 496 3038 Et
517 2990 615 3038 temen
639 2999 726 3056 quam
750 2983 842 3038 multa
864 2982 986 3040 vitiosa!
1024 2983 1166 3052 Primum,
1190 2982 1240 3057 qui

163 3067 339 3124 sententiam
362 3066 557 3142 interruptam
580 3067 717 3136 absolvit,
741 3085 898 3141 numquam
923 3087 986 3124 eam
1005 3068 1179 3143 particulam
1192 3087 1241 3122 co-

162 3152 325 3228 pulativam
348 3147 424 3232 (nec)
445 3151 561 3226 repetit.
585 3170 643 3226 qua
665 3170 700 3207 ea
722 3153 759 3207 ab
782 3152 867 3208 initio
890 3153 1034 3227 superiori
1046 3154 1172 3210 orationi
1189 3153 1240 3208 ad·

160 3238 262 3294 iuncta
284 3245 343 3304 est;
366 3237 513 3293 sententia
534 3237 611 3292 enim
634 3246 803 3307 revocatur,
827 3255 885 3293 nou
908 3238 959 3295 illa
971 3237 1130 3307 adiunctio,
1153 3249 1191 3307 et,
1215 3237 1240 3294 si

160 3342 208 3380 nec
230 3329 371 3398 ponatur,
395 3321 426 3377 id
448 3321 614 3378 necessario
636 3341 685 3389 ea,
709 3340 784 3395 quae
807 3322 1005 3390 subiciuntur,
1029 3323 1186 3398 proximis,
1210 3322 1240 3378 id

161 3417 216 3477 est,
239 3406 409 3482 parenthesi
432 3415 578 3462 annectat.
617 3407 684 3464 Non
717 3407 807 3480 igitur
837 3427 882 3464 aec
911 3427 957 3464 eae
983 3407 1138 3464 dicendum
1167 3417 1240 3478 erat,

163 3493 228 3549 sed:
251 3511 298 3548 eae
320 3494 402 3564 ipitur
424 3523 465 3530 -
488 3511 539 3546 non
561 3501 613 3547 aut
635 3491 723 3548 simili
737 3491 832 3547 modo.
865 3493 981 3548 Deinde
993 3503 1125 3567 apparet.
1150 3493 1240 3549 inter-

161 3578 259 3652 rumpi
281 3577 330 3632 hic
352 3575 522 3651 primariam
546 3576 720 3633 sententiam
734 3576 769 3632 de
782 3577 1053 3650 perturbationibus
1065 3577 1241 3652 interposita

161 3662 361 3737 explicatione
388 3661 515 3717 nominis
544 3679 643 3718 earum
672 3670 702 3718 et
729 3679 878 3736 generum.
927 3664 1032 3736 ltaque
1060 3682 1096 3718 ea
1122 3663 1239 3719 demum

160 3747 253 3816 finita,
277 3747 373 3802 oratio
396 3747 433 3802 ad
450 3746 632 3820 propositum
655 3747 751 3802 redire
774 3755 879 3820 potest.
913 3748 1007 3820 Atqui
1020 3766 1055 3802 ea
1067 3748 1186 3804 minime
1199 3747 1239 3802 ibi

161 3833 270 3898 linitur,
293 3831 423 3886 ubiilla:
446 3851 492 3886 aec
511 3851 556 3886 eae
578 3841 633 3886 cet.
655 3841 819 3906 ponuntur,
843 3833 894 3888 sed
916 3832 1160 3889 continuaturbis
1173 3851 1240 3888 ver-

161 3917 220 3973 bis:
242 3935 384 3989 bratteaque
406 3925 471 3981 cet,
495 3925 524 3972 et
546 3926 701 3990 postquam
724 3916 834 3973 dicbrm
857 3927 910 3986 est,
934 3935 992 3990 quo
1015 3918 1132 3974 nomine
1155 3927 1239 3973 uten-

161 4001 230 4058 dum
253 4001 301 4071 sit,
325 4001 430 4057 deinde
457 4019 567 4077 genera
594 4001 774 4058 dividuntur.
825 4003 930 4076 ltaque
958 4003 1179 4077 perversissime
1208 4001 1238 4057 in

161 4086 286 4144 mediam
321 4086 397 4142 hanc
430 4085 665 4161 progressionem
693 4087 904 4143 sententiarum
938 4087 990 4143 illa
1017 4087 1238 4144 intericiuntur:

160 4191 206 4228 neo
228 4191 275 4228 eae
300 4180 356 4226 cet.
400 4171 472 4240 Nec,
497 4170 576 4244 quod
597 4179 717 4246 putant,
751 4190 787 4228 ea
814 4172 966 4228 continent
991 4171 1150 4247 primariae
1172 4191 1238 4229 sen-

161 4257 271 4313 tentiae
305 4254 531 4312 absolutionem.
579 4255 685 4329 Neque
724 4257 801 4312 enirn
834 4257 1005 4331 primarium
1034 4265 1092 4327 est,
1122 4267 1238 4332 pertur-

161 4341 296 4420 bationes
319 4359 377 4396 non
406 4349 511 4397 natura
533 4341 655 4412 moveri,
684 4341 736 4398 sed
758 4341 919 4416 sapientem
940 4342 976 4398 iis
993 4359 1108 4398 vacare.
1151 4344 1187 4400 Id
1210 4351 1240 4399 et

980 4457 1031 4510 26*
