3034 5030
339 423 403 488 346
731 439 776 485 nn
799 437 930 484 armeus
952 437 1023 484 eon.

340 627 380 674 ne
402 605 529 689 opifices
551 607 676 688 quidem
698 607 778 671 tueri
801 623 859 670 sua
880 603 1011 670 artificia
1028 611 1165 685 possent,
1189 605 1426 670 nisivooabulis

339 715 502 774 uterentur
531 708 620 773 nobis
649 707 839 788 incognitis,¹
859 707 981 772 usitatis
1009 706 1076 770 sibi.
1121 707 1202 784 Qtnin
1230 707 1324 771 etiam
1345 709 1423 788 agri

339 809 475 888 cutura,
498 827 580 890 quae
612 809 760 874 abhorret
786 809 825 873 ab
853 809 936 873 omui
957 807 1103 889 politiore
1124 808 1288 889 elegantia
1310 815 1425 872 tamen

339 929 394 976 eas
416 929 475 990 ros,
497 911 530 975 in
552 910 665 992 quibus
687 917 846 989 versatur,
868 909 1043 974 nominibus
1065 910 1185 974 notavit
1206 909 1301 974 novis.
1346 910 1426 986 Quo

300 1013 438 1094 bmagis
459 1013 518 1077 hoc
539 1011 726 1094 philosopho
748 1011 922 1077 faciendum
946 1021 1006 1088 est;
1030 1029 1082 1075 ars
1105 1021 1153 1075 est
1174 1012 1255 1076 enim
1277 1011 1425 1093 pbiloso-

339 1115 413 1196 pbia
435 1115 531 1194 ritae,
564 1115 604 1178 de
630 1133 692 1195 qua
720 1114 878 1178 disserens
906 1112 1046 1194 arripere
1073 1113 1169 1177 verba
1196 1113 1236 1178 de
1262 1111 1329 1176 loro
1353 1131 1424 1178 non

338 1223 450 1298 potest.
494 1217 526 1281 5.
548 1217 743 1297 Quamquam
772 1233 810 1279 ex
839 1213 981 1279 omnibus
1008 1214 1202 1295 philosophis
1230 1214 1322 1279 Stoici
1344 1215 1424 1294 plu-

342 1318 635 1396 rimanovaverunt,
657 1319 811 1397 Zenoque
835 1334 942 1380 eorum
963 1315 1119 1397 princeps
1142 1335 1203 1380 non
1225 1324 1288 1379 tam
1310 1333 1425 1380 remur

339 1419 484 1483 inventor
506 1417 566 1482 luit
586 1417 1028 1499 quamverborumnovouun.
1062 1417 1153 1494 Quod
1170 1417 1197 1482 si
1210 1417 1242 1482 in
1254 1417 1423 1498 ealiugva,

280 1519 593 1602 10quamp1euque
615 1520 788 1584 uberiorem
810 1525 932 1600 putant,
955 1537 1135 1584 conoessum
1158 1525 1219 1597 est,
1243 1525 1278 1582 nt
1298 1519 1423 1584 doctis-

411 1763 432 1810 l.
450 1775 491 1807 nec
510 1756 560 1808 Mc
598 1755 698 1825 [opfficis
717 1755 792 1824 nuh]
844 1762 869 1804 8.
890 1755 992 1823 [aborret
1009 1754 1044 1823 A]
1083 1763 1105 1805 l.
1124 1774 1155 1806 ea
1173 1755 1289 1824 [A]E0r.
1329 1761 1344 1801 5
1374 1773 1422 1806 ors

338 1825 397 1876 enim
416 1827 479 1890 (om.
499 1827 582 1891 θεοῖ,
645 1831 667 1874 6.
686 1824 833 1890 occipereL
892 1829 914 1874 ⁷.
941 1824 1040 1892 [Stoicis
1058 1824 1131 1892 aab]
1191 1831 1215 1874 8.
1238 1824 1423 1874 nominaverunt

339 1895 434 1944 Lucu
491 1893 559 1944 Zeno
577 1909 670 1958 quoque
688 1894 806 1943 LPMCR
859 1899 881 1946 9.
901 1910 1011 1943 saeuorum
1034 1894 1155 1943 vatorum
1175 1892 1312 1954 LthMCR
1379 1899 1421 1943 10.

337 1979 470 2012 caucasum
488 1980 505 2011 o
526 1961 676 2012 Graecroest
696 1961 730 2029 [A
752 1961 855 2027 Gracia]
874 1960 1032 2013 LPMCROr
1059 1962 1110 2027 (hic
1128 1979 1145 2010 o
1166 1961 1208 2012 Gr.
1229 1962 1293 2035 iuter
1311 1964 1406 2026 uncos)

423 2181 510 2226 tomen
532 2189 579 2227 eus
600 2168 658 2246 res)
681 2169 781 2228 Etiam
803 2169 881 2245 Spir.
905 2167 971 2247 [B],
990 2169 1068 2238 Bas,
1092 2167 1231 2238 vindob,
1251 2177 1312 2224 tum
1324 2167 1421 2224 editio

338 2253 428 2324 croc,
440 2254 471 2310 id
483 2264 536 2326 est,
560 2254 713 2312 meliores:
737 2265 824 2312 tamen
845 2273 941 2325 sores,
964 2254 1042 2328 quod
1066 2252 1160 2311 Gaius
1183 2261 1212 2309 et
1234 2253 1419 2310 recentiores

336 2340 509 2414 probarunt,
531 2348 565 2396 ut
576 2339 688 2398 nomini
699 2359 736 2397 ex
749 2339 911 2397 abundanti
923 2357 1084 2415 pronomen
1096 2338 1321 2414 superaddatur,
1345 2349 1420 2394 nota

337 2425 445 2500 ligurem
469 2425 520 2482 sed
543 2426 571 2482 ei
593 2425 635 2482 ibi
657 2424 740 2482 locus
762 2433 816 2494 est,
839 2425 891 2480 ubi
913 2423 1134 2499 copronomiue
1157 2423 1318 2480 sustinetur
1340 2442 1418 2498 porr-

336 2510 391 2567 dus
413 2510 565 2580 orationis,
588 2510 667 2584 quod
689 2511 737 2567 hie
758 2509 789 2567 in
812 2509 986 2585 particulam
1009 2519 1096 2566 tornea
1117 2508 1269 2566 incumbit.
1302 2507 1419 2566 Contra

336 2615 382 2652 eos
404 2596 507 2653 abesse
530 2595 611 2652 nullo
635 2596 721 2652 modo
744 2604 851 2670 potest,
875 2612 940 2651 cum
963 2594 1102 2652 definitur
1123 2593 1419 2651 etoiroumscribit-ur

337 2691 448 2738 certum
471 2699 564 2757 genus
585 2699 697 2751 rerum,
727 2699 785 2737 non
809 2680 903 2756 magis
925 2698 1013 2754 quam
1036 2680 1126 2756 paulo
1148 2688 1217 2735 ante
1240 2675 1288 2756 (3)
1311 2697 1416 2734 correns.

336 2765 424 2839 Quod
436 2765 566 2826 Orellius
589 2776 651 2822 tum
673 2783 774 2822 omnes
796 2784 853 2836 res,
876 2766 906 2822 in
929 2765 1036 2840 quibus
1058 2764 1122 2841 agri
1139 2763 1254 2820 cultura
1270 2773 1417 2834 versetur,

336 2851 421 2909 novis
443 2851 610 2908 nominibus
633 2859 750 2908 notatas
772 2851 830 2908 dici
853 2859 946 2926 putat,
969 2851 1059 2924 idque
1080 2849 1188 2906 falsum
1205 2867 1279 2918 esse,
1303 2849 1417 2919 nescio,

336 2936 414 2993 unde
446 2936 520 2993 illud
553 2956 640 2993 omnes
674 2935 767 3012 magis
794 2936 908 2992 oriatur
940 2936 1041 2992 addito
1071 2955 1117 2992 eas
1150 2952 1239 3008 quam
1272 2933 1418 2991 detracto.

336 3022 441 3081 Cicero
464 3041 514 3078 eas
526 3041 573 3079 res
585 3021 770 3097 significavit,
794 3039 870 3094 quae
882 3022 946 3097 egri
958 3021 1090 3078 culturae
1102 3020 1144 3077 ita
1156 3018 1292 3095 propriae
1304 3029 1417 3088 esseut,

335 3117 369 3164 ut
390 3107 508 3164 aliunde
531 3107 650 3164 nomine
672 3125 730 3164 non
749 3107 901 3163 baberent.

423 3193 450 3249 5.
484 3191 568 3249 Stoice¹
583 3194 704 3267 plumoso
726 3191 901 3266 rrououerant)
925 3190 975 3250 Sic
992 3190 1145 3248 Manutius
1168 3197 1198 3246 et
1219 3189 1308 3245 ceteri
1331 3187 1418 3244 dein·

336 3296 405 3353 ceps
428 3296 444 3334 e
466 3277 542 3334 Pall.
569 3280 594 3347 1,
620 3278 653 3346 3,
676 3277 784 3348 Meed.‚
808 3270 865 3348 Εξ,
889 3276 982 3351 Spir.,
1005 3276 1075 3333 Bas.
1097 3274 1259 3332 Lambinus
1280 3292 1296 3328 e
1319 3273 1418 3330 blem-

336 3363 435 3419 miano
457 3372 488 3420 et
509 3361 671 3421 Cuiaciano
693 3371 833 3418 noverunt.
879 3361 995 3420 Stoicos
1018 3361 1056 3417 ad
1078 3359 1236 3437 signandas
1259 3358 1416 3414 notionum

335 3447 446 3506 fortnas
468 3457 498 3506 et
520 3447 699 3518 discrimina,
722 3447 752 3504 in
775 3465 851 3521 quae
874 3447 973 3504 omnia
995 3445 1114 3522 copiose
1137 3453 1347 3521 persequentes
1370 3444 1418 3499 in-

335 3534 482 3602 cidebant,
504 3533 631 3589 libenter
653 3543 682 3589 et
703 3541 840 3608 prompte
862 3551 940 3589 nova
961 3531 1081 3588 nomina
1095 3530 1288 3606 excogitasse,
1310 3547 1418 3586 verum

335 3627 396 3689 est;
418 3619 455 3675 de
478 3619 596 3676 Zenone
618 3619 697 3692 quod
720 3617 810 3689 addit,
833 3617 976 3675 Antiochi
998 3616 1140 3674 iudicium
1163 3623 1221 3686 est,
1244 3614 1417 3689 expositum
1455 3613 1467 3632 ⁸

335 3705 456 3762 uberius
478 3703 554 3760 libro
578 3704 633 3762 IV.
655 3705 781 3778 Zenoque
803 3703 891 3760 etiam
915 3701 992 3777 Spir.
1017 3699 1072 3780 [B]
1095 3712 1125 3759 et
1147 3719 1184 3758 ex
1207 3719 1242 3758 eo
1255 3698 1358 3758 Gaius.
1382 3713 1416 3758 ut

334 3789 394 3847 inm
406 3787 563 3846 Walkerus
575 3789 626 3865 <ad
639 3788 700 3847 Cic.
716 3789 753 3845 N.
766 3789 804 3845 D.
814 3789 846 3846 II
859 3805 883 3844 c.
897 3789 951 3862 57)
975 3788 1161 3845 scribendum
1183 3784 1417 3844 esse'intellexe-

334 3883 389 3932 rat.
412 3875 448 3932 In
461 3893 550 3930 unam
561 3892 704 3949 summam
717 3881 747 3930 et
757 3883 846 3949 caput
857 3873 998 3930 iudicium
1011 3873 1168 3949 colligitur,
1192 3889 1250 3929 non
1262 3879 1416 3944 tamquam

335 3960 486 4036 appendix
507 3957 641 4037 (quoque)
664 3960 745 4016 Zeno
768 3958 876 4018 Stoicis
898 3959 1075 4034 adiungitur.
1128 3957 1269 4014 Verborum
1287 3974 1416 4012 rroeomm

336 4045 444 4104 Gaiani
467 4063 568 4102 omnes
591 4053 709 4120 praeter
731 4043 809 4102 Gud.
835 4045 862 4100 Z.
908 4045 1009 4101 Antea
1030 4043 1179 4099 inversum
1202 4050 1273 4098 erat.

421 4149 572 4188 conuersum
593 4128 646 4208 est)
677 4129 727 4189 Sic
756 4129 844 4186 etiem
874 4129 952 4205 Spir.
975 4124 1038 4208 [B]
1083 4128 1147 4185 Iam
1171 4127 1297 4186 Ursinus
1318 4143 1337 4182 a
1359 4143 1417 4184 suo

336 4215 399 4271 cod.
423 4217 527 4272 abesse
549 4233 637 4273 voces
660 4235 677 4272 a
703 4215 820 4273 Graecia
842 4223 1007 4284 annotarat,
1031 4211 1325 4287 damnarantplures.
1359 4211 1417 4268 Vi-

337 4299 411 4356 tiose
434 4300 624 4357 abundabant
637 4299 781 4376 postilla:
803 4303 829 4356 iu
842 4319 873 4356 ea
887 4302 985 4372 linquo,
1009 4315 1062 4355 nec
1074 4298 1222 4372 sequitur:
1244 4317 1261 4352 α
1274 4297 1416 4355 Romanis.

336 4385 410 4441 Mox
427 4387 596 4459 peruulpott'a
624 4404 662 4442 ex
695 4386 763 4442 edit.
792 4403 835 4460 pr.
867 4384 904 4440 ad
926 4383 1093 4440 Manutium
1123 4392 1153 4440 et
1174 4383 1249 4440 alios
1270 4381 1417 4456 quosdam
