2928 5012
310 426 366 490 LX
460 471 462 481 .
754 443 949 490 emersum.

313 616 379 692 tire,
403 623 524 678 tantum
547 614 650 678 verbis
673 613 741 678 aliis
764 613 823 693 uti;
850 621 1007 695 postremo
1029 613 1060 678 in
1083 612 1161 676 hhro
1183 612 1305 693 quinto,
1334 629 1396 674 ex-

313 723 430 805 plicata
451 722 595 786 Antiochi
616 721 787 803 disciplina,
810 741 910 803 pauca
922 723 1079 804 quaedam
1100 721 1144 785 ita
1166 729 1275 785 contra
1287 719 1397 784 dissc-

315 839 435 908 runtur,
458 840 494 895 nt
515 829 608 894 Stoici
630 831 729 911 magis
752 831 808 895 sibi
832 839 976 896 constare
997 830 1175 908 videantur,
1209 829 1257 892 cui
1284 839 1397 893 temen

312 939 517 1020 disputationi
538 956 598 1019 pro
620 938 771 1003 Antiocho
794 940 1010 1020 respondetur.
1025 941 1051 1021 ¹)
1100 940 1136 1003 In
1164 939 1222 1002 hac
1249 939 1398 1017 descrip-

315 1049 400 1113 tione
422 1047 556 1128 primum
578 1055 721 1128 apparet,
742 1047 773 1111 in
796 1047 875 1112 libro
898 1055 1011 1128 quarto
1033 1054 1066 1112 et
1086 1046 1194 1129 quinto
1216 1065 1329 1127 magna
1355 1065 1398 1109 ex

314 1162 406 1237 parte
428 1157 552 1220 easdem
577 1175 626 1220 res
649 1155 778 1220 tractari
801 1154 984 1236 ctbispoui,
1006 1155 1265 1235 primnmutcum
1278 1153 1399 1218 Stoicis

316 1264 393 1328 haec
416 1273 643 1345 comparentur.
666 1265 778 1329 deinde
800 1282 858 1344 per
880 1282 923 1328 se.
967 1262 1088 1328 Deinde
1109 1262 1186 1326 haec
1197 1261 1295 1327 omnis
1307 1263 1398 1326 ratio

316 1372 361 1437 sic
382 1390 402 1435 a
425 1373 572 1437 Cicerone
595 1379 763 1450 tractatur,
797 1379 832 1436 ut
861 1373 959 1454 magis
981 1391 1120 1436 summae
1143 1370 1314 1435 sententiae
1336 1390 1398 1434 en·

312 1489 471 1561 ponantur
493 1487 524 1545 et
546 1481 736 1562 argumentis
759 1480 977 1545 concludendis
998 1480 1079 1546 inter
1106 1498 1141 1544 se
1161 1485 1399 1559 comparentur,

315 1607 409 1671 quem
430 1589 506 1653 illud
529 1598 707 1669 quaeratur,
729 1589 884 1669 quomodo
907 1589 1008 1669 prima
1029 1588 1117 1653 initia
1138 1587 1397 1652 notionumethi-

314 1715 420 1762 carum
443 1697 474 1760 in
498 1697 627 1778 singulis
650 1698 763 1761 scholis
785 1697 927 1762 oriantur
953 1706 985 1761 et
1010 1715 1079 1760 curn
1108 1695 1235 1776 reliquis
1257 1695 1400 1759 decretis

315 1805 355 1870 de
366 1805 425 1870 deo
444 1811 476 1870 et
485 1807 601 1870 mundo
613 1805 808 1870 cohaereant.
835 1805 881 1868 Er
904 1824 967 1886 quo
988 1803 1025 1869 fit
1040 1804 1141 1884 etiam,
1163 1811 1200 1867 ιιι
1221 1803 1399 1868 senteutia-

315 1933 385 1978 rum
413 1913 459 1978 vis
493 1919 588 1994 atque
622 1914 800 1995 proprietas
833 1915 864 1978 in
892 1914 944 1978 illa
971 1912 1202 1994 comparatione
1229 1911 1400 1975 nonsatis

319 2022 599 2101 animadvertatur3
623 2021 707 2086 velut
728 2023 759 2087 in
781 2023 888 2103 qtrinto
901 2021 981 2087 libro
992 2021 1143 2085 Antiocho
1155 2019 1295 2094 obicitur,
1316 2037 1398 2084 cou-

315 2129 450 2194 stantius
473 2130 591 2194 Stoicos
615 2131 785 2211 sapientem
807 2149 930 2211 semper
951 2130 1076 2194 beatum
1098 2147 1168 2193 esse
1190 2129 1305 2206 dicere,
1338 2128 1399 2210 qui

320 2236 395 2302 nihil
416 2245 543 2318 praeter
565 2238 673 2302 vitium
694 2240 726 2303 in
748 2239 838 2303 malis
860 2239 1046 2320 relinquant,
1068 2247 1163 2318 atque
1183 2237 1217 2301 in
1238 2236 1296 2301 hac
1317 2255 1399 2301 con-

315 2346 449 2410 stantiae
482 2347 772 2412 commemoratione
805 2346 903 2410 omnis
936 2347 1127 2410 consumitur
1159 2345 1273 2422 orati0;
1306 2344 1399 2424 illud,

316 2454 400 2534 quod
423 2459 517 2535 caput
539 2461 617 2534 erat,
642 2473 705 2519 non
727 2455 898 2536 attingitur,
920 2456 960 2519 de
971 2455 1041 2535 ipsa
1052 2454 1124 2518 honi
1141 2452 1275 2531 nodone,
1297 2471 1398 2535 quarn

315 2561 409 2626 Stoici
431 2570 529 2626 totam
552 2562 583 2627 in
601 2561 1398 2639 humanaevoluntatishmdamentoconstitueraut,

316 2671 417 2750 deque
438 2670 549 2735 heatae
569 2671 661 2736 vitae.
695 2671 812 2736 Vermn
834 2672 911 2736 haec
931 2671 1047 2752 partim
1068 2670 1129 2734 iem
1147 2669 1399 2749 asupcrioribus

318 2778 421 2842 minus
449 2778 591 2843 distincte
619 2779 866 2860 exphcebantur.
900 2779 953 2860 qui
981 2779 1158 2843 scholarum
1186 2778 1324 2854 decreta,
1362 2785 1400 2841 ut

320 2886 414 2950 semel
437 2895 528 2950 erant
550 2888 731 2968 composite,
754 2887 929 2966 servabant
952 2888 1066 2968 partim
1088 2887 1127 2951 ab
1145 2886 1297 2950 Antiocho
1319 2903 1398 2949 con·

316 2991 387 3058 fusa
409 3003 506 3059 erant.
552 2997 662 3076 Itaque
683 2997 796 3062 haece
814 2995 970 3074 Cicerone,
993 2995 1046 3076 qui
1068 3012 1126 3058 suo
1147 2994 1269 3076 ingenio
1291 2994 1399 3075 philo·

317 3102 445 3184 sopheri
468 3103 579 3182 noluit,
613 3123 652 3168 ne
685 3122 794 3169 severe
821 3103 979 3186 exigamus
1007 3105 1208 3184 (quamquem
1236 3101 1399 3180 vellemus,

319 3211 422 3275 minus
433 3212 542 3276 leviter
552 3213 593 3276 de
605 3217 760 3276 sectermn
778 3213 971 3293 proprietate
983 3219 1015 3276 et
1025 3211 1201 3276 discrimine
1217 3209 1399 3286 iudicasset,

316 3337 408 3400 quiam
432 3317 513 3398 facit,
535 3327 572 3384 ut
592 3319 651 3384 hoc
672 3329 753 3399 ntur,
776 3321 814 3400 V,
828 3322 897 3402 76),
919 3320 1014 3402 idque
1034 3338 1130 3384 unum
1153 3337 1340 3401 quaeramus
1365 3319 1398 3383 in

315 3427 368 3491 tali
391 3428 576 3507 praesertim
600 3428 754 3493 scribendi
777 3436 926 3509 tempore,
947 3427 1019 3509 ipsa
1040 3445 1091 3505 ea,
1114 3445 1195 3509 quae
1217 3445 1235 3490 e
1256 3416 1399 3490 Graeco-

315 3554 387 3599 rum
408 3534 495 3599 hhris
517 3536 548 3600 in
571 3535 697 3601 brevius
709 3540 877 3614 contracta,
899 3536 1055 3600 interdum
1072 3541 1221 3599 exornata
1232 3533 1399 3612 rhetorice,

314 3643 450 3723 exponit,
473 3643 591 3708 satisne
613 3642 746 3708 fideliter
767 3651 800 3707 et
821 3653 965 3708 accurate
987 3641 1166 3708 reddiderit.

402 3752 472 3833 §3-
517 3751 628 3832 Neque
655 3753 736 3816 enim
765 3753 1025 3832 putandumst,
1060 3750 1144 3833 quod
1178 3749 1334 3814 nonnullis
1363 3750 1396 3814 in

315 3867 450 3924 mentem
468 3859 567 3940 venit,
601 3865 649 3924 tot
675 3859 767 3924 huius
789 3859 913 3941 generis
939 3858 1037 3924 libros
1059 3864 1122 3924 tam
1145 3857 1232 3922 brevi
1254 3865 1397 3938 tempore

347 4155 365 4206 1ι
385 4157 421 4206 Ad
446 4158 555 4208 eandem
580 4157 689 4208 lormam
714 4159 835 4220 descripti
860 4163 921 4207 curo
945 4157 1003 4207 llhrl
1028 4157 1058 4206 de
1083 4161 1174 4206 nature
1199 4155 1321 4206 deorum.
1349 4155 1396 4204 sed

384 4242 452 4305 quod
471 4244 615 4296 Antiochus
634 4245 701 4294 hanc
720 4250 819 4307 partem
830 4243 1009 4307 philosophiae
1020 4245 1189 4292 novovestltu
1201 4253 1252 4289 non
1268 4239 1397 4298 induerat,

387 4329 511 4391 Epicurea
530 4335 632 4379 tuntum
651 4335 676 4379 et
695 4329 780 4378 Stoica
799 4328 901 4379 decreta
921 4333 1084 4391 exponuntur
1104 4333 1128 4376 et
1146 4325 1298 4376 Academica
1318 4325 1396 4375 dutri-

383 4417 480 4464 tatlone
498 4417 691 4478 impugnantur.
