2956 5028
312 383 376 446 240
705 398 750 444 nn
771 397 903 446 emises
926 396 997 442 sos.

313 585 382 632 esse
404 566 555 647 potuerit;
587 565 747 648 gaudebit;
781 565 996 646 deprehensns
1017 581 1139 630 omnem
1161 581 1295 642 poenam
1317 580 1393 628 con-

313 675 439 733 temnet.
494 660 564 732 nne
596 667 678 732 enim
708 665 879 732 instructus
907 667 949 732 ad
970 673 1104 732 mortem
1125 664 1394 740 contemnendam,

313 771 356 834 ad
376 768 515 847 exilium,
548 769 589 832 od
615 768 719 849 ipsum
747 768 842 832 etiam
863 767 1011 834 dolorem
1056 768 1156 845 Quem
1178 766 1304 847 quidem
1325 783 1394 842 vos,

314 890 383 936 cum
405 869 554 952 improbis
575 887 709 950 poenam
735 869 925 950 proponitis,
953 868 1153 950 impetibilem
1174 867 1289 946 tombs,
1322 884 1397 932 eum

218 1057 229 1102 ί
276 979 297 1041 5
314 973 488 1054 sapientem
509 989 634 1052 semper
654 970 728 1036 boni
748 970 821 1051 plus
842 970 958 1036 hebere
979 971 1083 1048 vultis,
1101 969 1300 1038 tolerabilem

388 1163 407 1206 1.
438 1157 600 1208 conternnitb
635 1161 659 1206 8.
679 1158 788 1220 quomE
829 1165 844 1204 ⁴
872 1155 1022 1222 tmpatibilem
1042 1155 1179 1206 [monos.

316 1357 383 1406 eata
415 1348 454 1404 sit
481 1346 590 1427 (mopso
612 1347 704 1421 aliquo
725 1349 896 1404 entolnmento
917 1345 1089 1422 domniono),
1119 1346 1256 1402 universe
1284 1344 1400 1414 dicere,

315 1453 376 1491 cam
397 1452 490 1502 cansa,
513 1432 570 1489 boe
593 1439 647 1503 est,
670 1449 729 1488 non
752 1430 815 1488 sine
838 1449 928 1488 eausa
950 1431 997 1508 (Π
1019 1431 1055 1488 de
1072 1429 1156 1490 Orat.
1169 1431 1241 1501 247,
1263 1429 1294 1486 in
1306 1430 1400 1488 Verr.

315 1519 346 1586 Ι,
371 1513 425 1598 21)
459 1516 665 1574 dimicaturum
703 1516 866 1591 sapientem
901 1516 1096 1592 Epicureum,
1130 1533 1302 1590 perversum
1337 1525 1402 1580 est;

316 1621 385 1672 nee,
413 1621 480 1659 cnm
502 1619 592 1659 cansa
613 1619 650 1658 an
674 1600 737 1658 sine
760 1619 864 1670 eausa,
898 1601 951 1658 sed
972 1600 1044 1676 quid
1072 1600 1191 1658 omnine
1213 1607 1337 1676 paratus
1362 1598 1403 1656 sit

316 1687 429 1759 iecere,
452 1677 612 1762 quaeritur.
667 1685 744 1743 Nem
768 1686 855 1757 Otto,
889 1685 940 1761 qni
962 1705 1022 1743 oum
1044 1705 1129 1754 cauea
1150 1686 1278 1742 &micare
1311 1692 1404 1759 putat

316 1791 395 1830 esse:
429 1771 483 1828 mit
516 1771 611 1828 einem
643 1769 855 1847 gerichtlichcn
877 1769 1045 1828 Verfahren
1074 1769 1185 1827 badem
1208 1768 1302 1846 (quod
1325 1769 1404 1844 qnid

317 1858 365 1928 sit,
387 1876 445 1913 non
469 1855 562 1932 magis
583 1854 781 1932 intellegitur;
804 1855 905 1930 itaque
927 1863 1062 1912 enarrat:
1084 1857 1111 1912 in
1133 1853 1261 1930 iudicio),
1284 1851 1404 1912 refuta·
1435 1900 1442 1916 .

317 1943 398 2000 tione
419 1940 557 2018 indignus
574 1949 628 2013 cst,
651 1940 702 2014 qui
724 1958 829 2016 neque,
852 1940 923 2016 qnid
944 1960 1004 1998 cam
1015 1959 1109 2012 cansa,
1131 1957 1237 2014 neque,
1260 1938 1335 2013 qnid
1360 1941 1404 1997 di-

317 2030 416 2085 micare
437 2026 490 2096 sit,
518 2025 605 2083 norit.
649 2025 697 2082 Ex
720 2025 896 2100 compendio.
915 2025 998 2084 vocis
1019 2044 1080 2083 cum
1102 2023 1175 2102 (vid.
1197 2023 1235 2082 ed
1258 2023 1315 2094 53,
1348 2023 1405 2082 cfr.

318 2112 400 2169 Leid.
423 2113 467 2182 V,
497 2109 551 2186 35)
579 2119 681 2166 natum
708 2110 827 2168 videtur
853 2112 949 2182 enine,
988 2110 1068 2185 quod
1100 2119 1169 2186 post
1201 2108 1275 2167 alios
1304 2107 1406 2167 Gzius

318 2196 424 2268 edidit,
452 2195 656 2254 confirmatum
678 2214 697 2252 a
718 2215 776 2272 mg.
799 2193 880 2255 Orat
903 2205 933 2253 et
954 2195 1018 2253 cod.
1040 2195 1134 2266 vict,
1168 2191 1237 2252 aas.
1265 2202 1295 2251 et
1319 2192 1406 2253 Gud

322 2283 335 2338 1
361 2282 453 2358 (nnnc
476 2281 564 2338 etiam
581 2280 611 2337 in
629 2281 690 2337 Erl.
713 2281 832 2338 silentio
855 2279 1005 2338 collatoris
1028 2279 1094 2357 [sed
1117 2279 1309 2338 dissentiente
1333 2277 1405 2358 BJ),

318 2365 471 2424 defensum
493 2384 511 2422 a
533 2365 711 2431 Matthiaco,
745 2366 796 2440 qui
822 2374 909 2441 putat
941 2384 1006 2423 csse
1038 2367 1182 2441 voluptates
1204 2383 1299 2422 causa.
1346 2365 1407 2424 At-

319 2451 371 2526 qui
393 2453 594 2522 animaculo,
629 2451 708 2526 quod
730 2450 845 2526 pridem
869 2451 944 2507 Dav.
967 2450 1081 2520 docuit,
1115 2449 1141 2507 is
1163 2447 1276 2523 aliquid
1299 2448 1406 2507 facere

318 2536 439 2603 dieitur,
473 2535 522 2610 qui
556 2535 638 2593 nulla
659 2535 849 2602 necessitate,
879 2535 1021 2612 temporis
1043 2534 1165 2592 fallendi
1188 2545 1218 2590 et
1244 2535 1332 2607 qussi
1358 2535 1407 2592 lu-

319 2640 369 2679 sus
391 2639 481 2678 causa
501 2620 614 2694 aliquid
635 2619 708 2678 iecit
730 2621 826 2698 (einer
838 2621 938 2678 Leone
960 2638 1073 2696 weges,
1097 2639 1163 2676 zum
1176 2619 1406 2696 Zeitvertreib)‚

319 2706 398 2781 qnod
420 2707 457 2762 ab
480 2725 531 2776 eo,
565 2705 616 2780 qui
644 2724 751 2782 magno
773 2705 971 2764 emolumento
994 2713 1159 2763 commotus
1181 2703 1317 2780 pericula
1338 2705 1407 2762 adit

320 2790 502 2866 voluptatem
529 2799 648 2866 petens,
681 2789 909 2848 remotissimum
933 2798 986 2847 ent.
1040 2789 1119 2847 'sum
1151 2789 1243 2846 verbs
1274 2793 1302 2848 si
1334 2809 1409 2866 opus

240 2865 243 2872 ⁴
320 2877 370 2933 erit
392 2875 552 2946 declarant,
576 2875 656 2950 quod
672 2873 745 2934 Otto
768 2875 869 2946 sensit,
892 2874 1003 2932 dietum
1025 2873 1139 2950 aliquid
1161 2893 1235 2944 esse,
1258 2874 1342 2948 qnod
1367 2875 1409 2932 ed

321 2959 552 3036 magnitudinem
574 2959 772 3018 dimicationis
794 2960 971 3036 pertinerct;
1004 2960 1043 3016 ed
1076 2959 1185 3016 nudum
1219 2959 1294 3016 illud
1322 2961 1409 3017 dimi-

320 3045 390 3103 cabit
411 3043 516 3102 referri
538 3063 597 3102 non
619 3055 758 3120 possunt,
793 3045 871 3120 quod
899 3045 994 3120 ipsum
1018 3044 1105 3102 nimis
1132 3043 1246 3101 infinite
1268 3044 1409 3120 ponitur,

320 3149 379 3187 non
408 3130 572 3207 significato
605 3129 774 3187 certaminis
801 3149 917 3206 genere.
961 3130 1117 3188 Accedunt
1139 3129 1290 3204 proxima,
1325 3147 1411 3204 qnae

321 3233 379 3272 non
402 3215 619 3272 dimicationem
642 3214 772 3289 aliquem
794 3214 914 3272 omnino
936 3215 1116 3272 nominatam
1139 3213 1313 3281 ostendunt,
1354 3215 1410 3272 sed

321 3299 351 3356 in
374 3318 433 3374 que
454 3298 569 3357 facinus
592 3299 630 3357 sit
652 3309 682 3356 ct
703 3317 816 3375 poenae
838 3299 935 3357 timor.
990 3301 1096 3373 Itaque
1125 3317 1161 3355 ne
1184 3298 1258 3356 illud
1280 3299 1429 3372 quidem-

321 3392 434 3441 rectum
457 3384 522 3456 erit,
545 3384 571 3441 si
593 3385 659 3459 quis
681 3394 750 3462 post
770 3403 830 3442 com
853 3383 989 3442 immanis
1011 3383 1124 3441 bestiae
1147 3402 1254 3441 nomen
1270 3385 1412 3459 posit-um

321 3468 442 3544 putarit.
496 3467 571 3526 Mihi
604 3469 710 3528 Cicero
743 3467 896 3544 scripsisse
934 3469 1065 3526 videtur:
1104 3487 1162 3526 cunt
1203 3471 1288 3525 coneo
1331 3467 1412 3548 [culn

321 3551 453 3632 dodoci]
476 3557 502 3611 si
521 3573 588 3630 opos
610 3558 669 3626 ml,
691 3556 840 3624 dimicabit3
864 3563 894 3611 et
914 3564 987 3630 pute
1008 3562 1078 3630 post
1098 3573 1158 3610 cnm
1175 3553 1330 3611 obscurari
1356 3575 1415 3631 po-

323 3639 414 3696 tuisse
446 3638 639 3696 similitudine
671 3640 810 3698 ducturum
838 3640 952 3716 priores
975 3638 1057 3696 vocis
1084 3637 1199 3696 litteras
1221 3647 1312 3696 etex
1338 3641 1415 3698 reli-

323 3723 389 3799 quis
412 3723 489 3781 effici
512 3725 717 3800 compendium
741 3725 822 3782 vocis
849 3745 934 3782 couno
956 3721 1029 3801 (cci).
1073 3723 1190 3780 Vellem
1213 3731 1313 3780 tamen
1338 3745 1415 3801 pro·

322 3809 390 3885 pius
412 3809 450 3866 ed
472 3809 589 3866 codices
611 3810 781 3868 coniectura
802 3810 965 3866 accederet.
1016 3809 1089 3866 Mox
1119 3811 1238 3883 potnerit
1270 3807 1414 3868 futurum

323 3902 459 3951 exactum
482 3903 541 3964 cst,
564 3913 602 3951 ne
624 3894 690 3969 quis
712 3913 777 3952 eum
801 3895 857 3952 Th.
880 3893 1017 3952 Bentleio
1033 3896 1133 3968 poterit
1159 3893 1306 3967 requirat,
1338 3913 1416 3954 con-

288 3986 298 4038 ς
323 3977 485 4036 iunctivum
508 3979 659 4037 damnans.
704 3980 753 4058 [Si
773 3999 841 4056 opos
862 3973 912 4037 crit
933 3976 1068 4055 Alteri]

411 4065 460 4121 57.
482 4063 663 4143 impediunt)
690 4067 833 4123 Patibt'lom
854 4065 986 4122 dolorem
1009 4062 1114 4122 Cicero
1136 4062 1213 4120 dixit
1235 4063 1327 4120 Tuse.
1353 4064 1416 4132 IV,

324 4149 381 4222 §13
404 4147 463 4206 ulio
486 4149 573 4206 modo
596 4158 731 4207 naturam
753 4150 907 4226 patibilem
929 4147 1115 4218 N.D.111,
1140 4147 1197 4219 29,
1231 4166 1309 4222 quac
1349 4151 1416 4225 peti

324 4232 428 4308 possit.
471 4234 593 4292 Vocalis
615 4235 740 4294 mutatio
763 4235 819 4292 etsi
841 4253 900 4294 non
928 4235 962 4292 fit
993 4232 1024 4290 in
1051 4236 1208 4310 inpatiens,
1243 4241 1347 4291 tamen
1387 4248 1418 4291 et
