2998 5020
412 389 456 438 er
479 391 559 438 usn.
582 387 644 436 nm.
667 391 688 439 v
711 389 783 438 oto.
803 391 877 439 s-o.
1109 367 1170 437 ent

103 561 214 642 patriis
237 561 385 626 institutis
407 568 519 625 menet.
552 561 717 640 Diodorus,
739 562 949 642 eiuseuditor,
971 561 1110 642 adiungit
1132 561 1172 625 ed

103 665 294 728 honestatem
323 665 508 728 vacuitatem
535 664 659 728 doloris
703 664 762 729 Hic
790 683 913 746 quoque
940 683 1016 729 suns
1038 669 1099 743 est,
1132 665 1172 729 de

102 785 284 847 summoque
305 767 385 830 hono
397 767 582 831 dissentiens
593 767 654 831 diei
665 787 737 832 vere
748 767 972 848 Peripateticus
984 785 1045 831 non
1058 771 1169 846 potest

102 869 307 949 ntntiquorum
337 875 440 932 antem
463 869 647 934 sententiam
670 870 839 935 Antiochus
861 877 968 934 noster
989 869 1062 932 mihi
1085 869 1170 933 vide-

100 982 155 1035 tur
177 971 320 1052 persequi
343 971 587 1052 diligentissime,
622 991 714 1054 quam
736 974 865 1038 eandem
889 971 1047 1037 Aristoteli
1075 970 1208 1036 suissed

100 1080 133 1140 et
154 1073 328 1138 Polemonis
350 1075 448 1138 docet

189 1177 241 1241 VI.
266 1179 314 1242 15.
341 1177 428 1241 Fecit
448 1176 542 1257 igitur
552 1177 666 1246 Lucius
679 1184 784 1243 noster
794 1179 972 1260 prudenter,
993 1177 1046 1259 qui
1061 1177 1171 1240 audire
1262 1213 1266 1220 ,

98 1282 141 1344 de
169 1298 287 1344 summo
314 1279 394 1343 bono
422 1278 615 1360 potissimum
639 1281 724 1360 veiit3
762 1280 821 1344 hoc
848 1281 928 1346 enim
951 1279 1116 1344 constituto
1138 1279 1170 1343 in

98 1381 304 1463 philosophie
327 1381 495 1445 constituta
517 1388 590 1446 sunt
611 1382 721 1446 omnia.
771 1382 851 1446 Nem
879 1383 989 1447 ceteris
1016 1382 1048 1445 in
1078 1381 1170 1446 rebus

98 1485 167 1548 sive
189 1483 440 1564 praetermissum
463 1484 528 1548 sive
548 1484 723 1564 ignoratum
746 1489 794 1548 est
815 1484 986 1566 quidpiam,
1014 1503 1076 1548 non
1098 1483 1169 1566 pius
1189 1483 1229 1546 10

98 1586 285 1650 incommodi
307 1591 364 1666 θεῖ,
387 1605 480 1667 quum
502 1586 609 1667 quenti
632 1605 772 1668 quaeque
795 1605 902 1650 earum
924 1607 1028 1652 rerum
1050 1594 1114 1664 est,
1137 1587 1168 1649 in

97 1689 213 1770 quibem
247 1689 417 1769 neglectum
449 1696 497 1752 est
524 1687 654 1769 ahquid;
693 1707 844 1753 summum
871 1695 975 1754 eutem
1002 1690 1115 1754 bonum
1143 1688 1169 1752 si

96 1793 274 1872 ignoretur,
307 1792 430 1856 dvendi
458 1790 607 1855 rohonem
635 1791 771 1872 ignorari
801 1810 927 1856 necesse
949 1797 1009 1871 est3
1043 1811 1080 1856 ex
1108 1809 1169 1872 quo

96 1903 207 1958 tantus
229 1913 317 1958 error
339 1885 552 1975 concedimur,
575 1900 617 1971 ut,
641 1913 732 1974 quem
753 1895 785 1957 in
808 1899 932 1974 portum
955 1913 989 1958 εθ
1010 1893 1169 1974 recipient,

96 1997 181 2061 scire
202 2015 263 2060 non
286 1996 413 2076 possint
448 1995 585 2076 Cognitis
597 2003 700 2059 etitem
712 2015 815 2060 remim
826 1993 947 2076 finibus,
969 2015 1037 2061 cum
1049 1995 1167 2060 intelle·
1188 1997 1227 2059 15

94 2100 193 2180 gitur,
216 2099 291 2180 quid
315 2098 354 2162 sit
376 2105 407 2163 et
428 2098 578 2162 bonorum
600 2107 769 2163 extremum
798 2099 1014 2178 etmalorum,
1042 2097 1169 2163 inventa

170 2325 195 2373 2.
204 2320 266 2382 finis
285 2325 338 2385 (pro
356 2321 420 2381 senei
440 2321 457 2368 Ι,
493 2324 517 2370 3.
535 2336 623 2368 eumne
642 2320 700 2384 (om.
716 2321 808 2384 pedii
844 2319 893 2370 dici
909 2321 1027 2384 repetitur
1045 2327 1103 2384 post
1120 2318 1168 2369 Pe-

94 2390 277 2455 ripatetico-rh]
313 2395 334 2437 5.
351 2392 464 2453 prosequi
483 2389 524 2438 [Β
559 2388 693 2438 Aristotelis
711 2389 844 2440 LPCROr.
885 2395 921 2438 to.
940 2389 1002 2439 Post
1017 2389 1168 2455 ρναθῖιπθίε-

94 2478 150 2508 sum
170 2460 230 2509 edd.
248 2458 317 2508 siet*
367 2464 404 2506 il.
423 2474 529 2521 quaeque
547 2457 668 2520 quantist
704 2475 784 2508 carum
804 2463 958 2522 (procerem,
976 2474 1024 2508 om.
1043 2459 1168 2524 remoqm

100 2527 297 2592 12.alr'quodE
343 2526 529 2576 13.ertom.P
567 2531 604 2578 1⁵.
627 2525 801 2594 [possentiih]
847 2532 884 2576 tt.
904 2527 968 2591 quod
986 2527 1048 2577 sor.

94 2735 315 2813 degenerarint,
339 2743 371 2792 nt
393 2734 449 2810 ipsi
472 2753 508 2790 ex
532 2753 563 2791 se
586 2735 647 2790 neti
670 2735 832 2792 videantur.
867 2735 901 2792 in
920 2754 978 2809 que
999 2735 1080 2792 reeb
1093 2735 1168 2792 enti·

93 2824 168 2900 quis
189 2820 354 2891 desciverit,
377 2820 532 2878 nescimus.
567 2820 626 2878 Sed
648 2820 780 2894 seqnitur
791 2821 895 2880 Cicero
907 2821 1095 2893 Antiochum,
1119 2820 1168 2895 qui

93 2931 114 2968 a
139 2928 172 2966 se
196 2909 309 2964 demum
333 2925 431 2964 verem
455 2906 641 2980 antiquorum
664 2907 837 2963 sententiam
861 2907 969 2982 exponi
992 2905 1167 2979 affirmabat,

94 3013 190 3071 quem
208 2994 373 3069 superiores
384 3012 441 3049 non
454 2992 525 3049 satis
537 2993 682 3066 persecuti
695 3001 800 3049 essent.
827 2992 928 3068 Longe
941 3001 1038 3049 temen
1049 2992 1169 3067 gravius

96 3080 252 3140 Diodorus
275 3075 341 3158 (cir.
365 3079 402 3134 ed
423 3079 464 3148 ΙΙ,
486 3077 553 3154 19),
582 3087 614 3134 nt
635 3078 842 3154 Hieronymus,
866 3096 882 3134 e
904 3077 1167 3153 Peripateticorum

93 3174 186 3225 coetu
210 3165 382 3222 excinditur.
406 3163 482 3242 [tine
492 3163 637 3221 omittitur
647 3173 677 3221 et
699 3166 754 3220 dici
761 3164 806 3220 bis
829 3163 967 3220 scribitur
978 3163 1065 3220 etiem
1075 3164 1106 3218 in
1118 3161 1168 3240 B.]

188 3271 269 3325 quom
293 3252 401 3307 condem
423 3251 563 3306 Aristoteli
582 3260 607 3306 et
619 3251 766 3306 Polemonis
773 3252 863 3323 scisse
874 3247 951 3328 dicit)
973 3249 1070 3308 Video
1083 3249 1167 3318 verti,

94 3338 186 3414 qussi
209 3337 264 3394 hoc
287 3336 391 3395 Cicero
413 3336 500 3406 dicet,
523 3336 709 3409 antiquorum
733 3335 777 3414 (id
800 3343 852 3407 est,
875 3335 1047 3392 Aristotelis
1069 3343 1099 3392 et
1110 3335 1168 3392 Po·

92 3420 239 3502 lemonis)
262 3423 434 3480 sententiam
458 3421 544 3478 etiem
568 3421 739 3478 Aristotelis
762 3431 791 3478 θῖ
812 3421 981 3479 Polemonis
1004 3419 1109 3491 fuisse,
1138 3420 1168 3476 id

93 3521 154 3584 est,
179 3509 252 3566 nihil
267 3503 360 3566 'dieat
404 3508 564 3581 Utriusque
587 3526 770 3564 communem
798 3506 889 3564 fuisse
917 3507 1076 3583 significet;
1109 3505 1168 3563 vid.

95 3601 113 3656 7
142 3605 173 3653 et
197 3597 247 3666 21,
270 3595 319 3652 nbi
344 3594 444 3651 eodem
469 3593 554 3652 modo
577 3593 693 3665 dicitnr,
717 3602 746 3650 et
767 3593 822 3664 IV,
846 3594 883 3650 14
896 3601 925 3649 et
940 3595 986 3650 15.
1021 3592 1168 3667 Deinceps

94 3683 200 3760 igitur,
224 3681 320 3738 missis
337 3679 498 3737 Aristotele
522 3699 586 3736 cum
609 3680 670 3736 filio
682 3689 711 3736 et
723 3679 937 3754 Theophrasto,
959 3697 1049 3735 unum
1061 3679 1169 3735 Antio·

93 3771 187 3828 chum
210 3767 281 3824 Piso
304 3765 423 3823 tenebit.
452 3766 498 3838 De
520 3765 656 3840 genetivo
680 3765 818 3821 Aristoteli
828 3761 882 3844 [B]
896 3764 956 3821 dixi
979 3765 1068 3840 paulo
1090 3772 1167 3820 ente.

186 3853 259 3929 Cep.
281 3854 336 3923 VI,
363 3853 409 3909 15.
443 3855 468 3908 tn
486 3849 673 3930 philosophia)
706 3851 746 3908 Et
772 3852 809 3907 ed
831 3853 970 3908 corretitttto
997 3859 1027 3906 ot
1048 3850 1085 3906 ed
1107 3869 1167 3905 con-

92 3945 193 4001 stituto
215 3949 276 3996 sunt
298 3938 434 4015 pertinet,
457 3937 507 3994 sed
530 3937 621 4012 priori
643 3937 724 4012 prius
737 3937 908 3994 annectitur.
942 3937 1043 3996 Verba
1059 3943 1089 3992 et
1099 3943 1169 4010 epte

93 4037 126 4086 et
150 4026 317 4084 necessarie
339 4023 405 4100 (cfr.
429 4025 496 4094 §14
520 4032 550 4080 et
571 4025 625 4094 IV,
642 4022 693 4097 14)
716 4022 808 4082 Gzius
831 4021 922 4080 deleri
934 4022 1060 4080 volebat
1095 4022 1167 4079 Mox

92 4119 130 4174 sit
153 4114 296 4188 quidpiam
317 4113 393 4168 Dav.
417 4130 454 4168 ex
477 4109 521 4166 El.

185 4199 254 4274 quid
275 4201 309 4254 sit
332 4230 368 4240 -
393 4193 551 4272 extremum)
578 4195 607 4250 id
631 4203 689 4268 est,
719 4195 748 4250 in
771 4213 829 4268 qne
850 4213 882 4250 re
905 4194 1033 4269 positum
1056 4192 1095 4250 sit
1117 4211 1167 4248 ex·

94 4296 241 4353 tremnm;
264 4283 315 4342 cfr.
339 4289 353 4353 ξ
380 4285 416 4340 17
441 4292 470 4340 et
492 4284 516 4352 Ι,
530 4282 584 4350 293
608 4279 700 4339 Gzius
723 4280 908 4355 hioerripuit
930 4278 1065 4336 mendum
1088 4278 1168 4336 codi-

93 4393 165 4432 cum
188 4371 252 4430 Erl.
275 4381 302 4427 et
326 4370 403 4446 Spir.
427 4365 482 4447 [B]
505 4370 586 4444 quod.

913 4482 964 4538 40*
