3000 5044
347 413 411 477 574
734 432 779 476 nu
801 429 933 476 rrnrrrus
956 430 1026 476 non.

346 601 490 664 instituto
522 619 559 664 oo
591 619 695 664 mores
729 601 886 664 civitatum
919 599 1166 680 perscripsimus.
1223 599 1404 680 Eloquentiae

346 721 431 781 vern,
455 722 535 783 qrrae
558 708 588 765 et
609 702 800 783 principibus
822 702 954 766 unanimo
977 709 1158 766 ornamento
1181 709 1230 766 est
1257 709 1288 766 et
1310 719 1364 782 qua
1382 711 1404 760 te

348 805 491 869 audimus
513 805 617 869 valere
639 804 815 885 plurimum,
838 813 987 885 quantum
1009 805 1063 868 tibi
1086 824 1122 868 en
1140 806 1343 869 monumentis
1362 823 1405 865 no-

348 907 423 971 stris
445 907 653 971 addidisses!“
700 907 746 970 Ea
769 926 839 971 oum
861 907 1027 984 dixissent,
1061 907 1135 988 quid
1164 908 1289 972 tandem
1311 907 1406 970 talibus

310 1009 423 1076 ovinis
445 1011 674 1090 responderes?
718 1012 769 1075 62.
792 1010 947 1090 Rogarem
969 1019 1010 1084 te,
1032 1009 1144 1090 inquit,
1168 1019 1202 1073 ut
1225 1011 1341 1074 diceres
1360 1027 1406 1089 pro

250 1154 251 1157 =
347 1131 396 1176 me
418 1117 453 1176 tu
474 1113 565 1190 idem,
588 1113 640 1193 qui
662 1112 722 1176 illis
746 1112 915 1176 orationem
938 1111 1128 1189 dictavisse,
1148 1112 1196 1176 vel
1219 1113 1322 1194 potius
1342 1129 1406 1192 pau·

348 1215 410 1278 lum
432 1215 491 1280 loci
513 1215 594 1293 mim,
618 1221 653 1278 ut
673 1215 711 1278 iis
734 1215 972 1294 responderem,
995 1216 1102 1290 dares,
1124 1215 1183 1278 nisi
1207 1222 1239 1279 et
1261 1224 1292 1280 te
1312 1215 1407 1278 audire

346 1335 429 1380 nuno
445 1317 567 1382 triadem
589 1323 621 1380 et
641 1316 709 1380 istis
732 1323 836 1380 tamen
858 1316 918 1380 olio
940 1323 1080 1397 tempore
1091 1336 1301 1398 responsurus
1312 1335 1407 1385 essem,

347 1419 737 1496 mmmmm

289 1526 330 1589 10
433 1523 548 1586 XXIII.
583 1525 695 1603 Atque,
718 1521 744 1585 si
767 1539 874 1585 verum
898 1523 1089 1602 respondere
1111 1522 1215 1600 vellen,
1240 1523 1322 1596 Cato,
1343 1521 1407 1584 haec

347 1629 439 1688 eraut
460 1625 604 1702 dicenda,
639 1643 700 1688 non
728 1642 782 1688 eos
813 1624 867 1687 tibi
891 1643 951 1687 non
974 1624 1136 1703 probatos
1169 1626 1266 1690 tantis
1291 1620 1406 1705 ingeniis

346 1726 486 1791 homines
508 1732 658 1807 tantaque
681 1727 881 1803 auctoritate,
910 1726 966 1789 sed
989 1733 1020 1790 te
1042 1727 1309 1806 animadvertisse,
1339 1741 1406 1806 quas

346 1829 463 1893 rosilli
486 1837 616 1909 propter
639 1829 855 1909 antiquitatem
878 1847 990 1909 parum
1013 1830 1171 1906 vidissent,
1196 1849 1251 1894 eas
1273 1851 1291 1894 a
1312 1825 1405 1893 Stoicis
1476 1877 1477 1880 ,

346 1949 416 1995 esse
438 1937 634 2012 perspectas,
662 1931 840 2012 eisdemque
868 1932 907 1994 de
930 1931 1023 1995 rebus
1045 1931 1102 1996 hos
1124 1950 1192 1995 oum
1216 1933 1332 1996 acutius
1352 1929 1406 1994 dis·
1477 1903 1478 1996 i

289 2037 329 2100 15
347 2033 491 2108 seruisse,
516 2042 580 2096 tum
604 2023 740 2097 serisisse
761 2033 887 2114 gravius
910 2039 942 2097 et
952 2033 1074 2111 fortius,
1097 2035 1213 2115 quippe
1224 2035 1277 2115 qui
1288 2035 1404 2116 primum
1476 1997 1478 2084 i

346 2135 555 2200 valetudinem
578 2137 690 2200 bonam
712 2136 916 2216 expetendam
939 2143 1053 2216 negent
1075 2154 1157 2212 esse,
1181 2137 1347 2218 eligendam
1367 2131 1404 2195 di·
1475 2167 1478 2298 ί

418 2361 438 2405 1,
456 2358 635 2422 ρναεςνίρείηυω
655 2358 697 2406 LC
734 2363 756 2405 2.
775 2357 875 2407 nrorr'rne
894 2356 983 2406 LPCR
1018 2366 1166 2406 cornamento
1184 2359 1207 2406 E
1249 2365 1273 2412 3,
1290 2355 1404 2407 andremo
1476 2375 1477 2380 ¹

346 2425 436 2475 LPCli
486 2433 507 2477 4.
532 2425 671 2494 [quodlib]
711 2432 732 2474 5.
753 2425 916 2490 respondisses
935 2428 958 2474 lt
1020 2428 1040 2474 7,
1060 2426 1097 2474 dia
1117 2427 1229 2479 EPcor.
1288 2433 1309 2477 9,
1327 2421 1404 2474 runci>
1476 2439 1477 2444 ¹

349 2499 388 2547 to.
410 2495 487 2558 Atqui
503 2497 568 2545 ROr.
588 2494 624 2544 od
641 2495 745 2558 puemP
812 2500 847 2542 lt.
867 2494 953 2544 eaodem
972 2503 1029 2552 tour.
1049 2502 1101 2557 quet
1122 2494 1210 2562 [Ehffl
1266 2505 1311 2546 tum
1327 2491 1404 2544 andus
1477 2479 1478 2512 ¹

346 2565 497 2623 omnes‚()r.
526 2564 666 2632 [doemone
685 2563 738 2630 Eh]
777 2569 814 2614 15.
835 2564 876 2628 poi
893 2580 942 2612 om.
962 2565 983 2612 Ε
1023 2569 1060 2612 to.
1071 2565 1195 2629 reponte

432 2775 548 2828 interimo
570 2772 736 2845 omtomento)
771 2771 820 2831 sie
849 2772 912 2828 eod.
935 2772 1051 2841 Morel.‚
1075 2772 1217 2830 Davisius
1241 2793 1277 2829 ex
1300 2767 1404 2828 Eliensi.

345 2856 439 2915 Gzius
467 2858 496 2914 iu
520 2857 597 2932 Spir.
627 2869 656 2914 et
683 2858 744 2914 Erl.
773 2859 816 2914 ait
843 2876 906 2914 esse
934 2861 1050 2913 morirno
1077 2868 1101 2914 et
1129 2870 1296 2926 erumperem
1327 2853 1404 2936 [inB
1477 2896 1478 2929 p

345 2953 390 2998 est
401 2947 517 2999 monimo
533 2941 734 3020 eorrrornento}
758 2945 831 3000 Mox
853 2945 979 3000 oredimus
1001 2951 1080 3000 reete
1094 2944 1267 3002 Schuetzius
1290 2952 1317 2999 ot
1333 2939 1405 3000 Orel-

344 3028 402 3085 lius
425 3047 462 3084 ex
485 3029 549 3086 edd.
563 3029 642 3087 Crat.
655 3039 684 3086 et
695 3030 784 3100 vien,
808 3038 838 3085 et
859 3030 1013 3087 confirmat
1035 3047 1111 3085 nuuc
1129 3029 1208 3086 eluro
1227 3030 1287 3086 Erl.
1307 3026 1346 3108 [et
1363 3021 1404 3099 Β].

344 3114 399 3171 Est
410 3115 502 3170 euimt
526 3115 756 3172 hominesnobis
770 3127 899 3171 narrant.
928 3115 1066 3174 Ceterum
1078 3113 1208 3172 Orellius
1220 3116 1258 3172 ad
1270 3109 1404 3172 Bruaato
1477 3073 1478 3146 i

344 3201 476 3270 aberrat,
511 3200 641 3257 eiusdem
669 3201 785 3276 generis
819 3219 870 3257 eos
896 3201 977 3257 loros
1005 3209 1126 3276 putans,
1160 3201 1190 3256 in
1222 3201 1325 3275 quibus
1349 3213 1405 3272 per·

343 3285 414 3342 feeti
436 3286 577 3360 temporis
599 3287 645 3343 vis
674 3285 913 3343 mrmifestissimo
936 3295 988 3343 est.
1032 3286 1101 3344 vid.
1124 3285 1350 3342 Henriehsenius
1373 3278 1404 3334 ad

343 3373 376 3430 11
399 3372 434 3428 de
458 3372 541 3430 Orat.
566 3373 614 3427 93.

429 3456 502 3532 Cap.
525 3458 648 3526 XXIII,
673 3459 722 3514 62.
756 3454 859 3535 Atque)
882 3457 1094 3514 Continuativa
1116 3457 1211 3514 oratio
1229 3457 1347 3524 videtur,
1368 3459 1401 3516 uia

344 3561 410 3599 eum
433 3542 508 3600 Cato
531 3543 649 3613 dixerit,
674 3544 790 3617 quando
813 3561 1008 3618 responsurus
1031 3543 1078 3612 sit,
1102 3542 1207 3601 Cicero
1229 3543 1324 3612 addet„
1345 3533 1403 3612 qnid

343 3636 406 3684 trrm
434 3628 475 3693 ei,
505 3629 530 3685 si
552 3648 622 3685 vere
644 3629 725 3703 loqui
754 3629 839 3698 velitq
874 3629 1028 3684 dicendum
1058 3629 1097 3686 sit
1124 3629 1162 3704 (et
1190 3627 1318 3702 quidem).
1363 3621 1402 3702 Sip

343 3721 442 3769 autem
465 3713 553 3770 etiam
577 3713 654 3789 Spir.
678 3713 743 3791 [B],
767 3715 846 3773 Gud.
874 3717 904 3780 1,
929 3723 958 3770 et
984 3715 1061 3770 idem
1092 3714 1272 3790 significant,
1305 3705 1403 3786 quini

343 3819 413 3873 quoe
435 3799 554 3870 habent,
578 3799 657 3858 Gud.
682 3802 716 3870 2,
741 3813 774 3874 ψ.
819 3799 974 3856 Editiones
1001 3803 1086 3874 otprn'.
1142 3801 1239 3857 Paulo
1268 3808 1333 3876 post
1356 3811 1402 3851 ortu

343 3885 461 3962 (acratius
484 3885 565 3960 dise.)
589 3895 692 3942 eontra
713 3886 805 3942 libros
828 3903 909 3942 meos
933 3894 962 3941 et
984 3886 1128 3942 editiones
1151 3886 1272 3960 scripsi3
1301 3883 1354 3941 vid.
1374 3876 1403 3934 od

343 3973 436 4044 1,34;
461 3970 629 4050 [confirmat
651 3971 701 4048 Β].
730 3971 867 4030 Ceterum
881 3971 985 4029 Cicero
1009 3972 1171 4029 orationem
1195 3962 1403 4028 aeondieionoli

342 4057 448 4130 forma,
471 4077 547 4134 quae
571 4058 662 4132 sequi
678 4058 805 4114 debebat
826 4057 899 4113 illud
923 4059 1037 4114 dicendo
1060 4067 1136 4114 erunt
1159 4065 1188 4113 et
1206 4075 1282 4130 quae
1305 4061 1405 4112 tenetur

342 4143 373 4198 in
396 4147 536 4215 vidissent,
560 4154 664 4220 postea
687 4143 832 4200 convertit
854 4143 892 4198 ad
914 4162 1054 4218 praesens
1076 4151 1207 4218 tempus:
1241 4152 1345 4216 nepem,
1372 4139 1406 4193 di·

343 4239 413 4300 eant,
437 4239 503 4287 eett.

428 4319 574 4387 elidendam
586 4318 686 4384 «licant,
710 4335 756 4384 nee
768 4312 846 4389 pario)
871 4313 920 4372 sio
933 4315 1025 4371 rodex
1037 4314 1216 4390 archetypus
1239 4314 1317 4392 (eod.
1333 4311 1406 4369 Mor..

343 4408 402 4456 tres
426 4401 504 4470 Gzii,
527 4398 598 4480 [B]‚
623 4397 826 4478 Oxx.E}xtp),
858 4410 887 4456 ot
909 4409 988 4456 reete
1010 4401 1066 4456 hoc
1089 4399 1286 4476 significatur:
1314 4415 1364 4454 nee
1382 4392 1407 4448 id
