<?xml version="1.0" encoding="UTF-8"?>
<!DOCTYPE html PUBLIC "-//W3C//DTD XHTML 1.0 Transitional//EN"
    "http://www.w3.org/TR/xhtml1/DTD/xhtml1-transitional.dtd">
<html xmlns="http://www.w3.org/1999/xhtml" xml:lang="en" lang="en">
 <head>
  <title>
</title>
<meta http-equiv="Content-Type" content="text/html;charset=utf-8" />
  <meta name='ocr-system' content='tesseract 3.04.00' />
  <meta name='ocr-capabilities' content='ocr_page ocr_carea ocr_par ocr_line ocrx_word'/>
</head>
<body>
  <div class='ocr_page' id='page_1' title='image "./definibusbonoru04cicegoog_0214.png"; bbox 0 0 2938 5020; ppageno 0'>
   <div class='ocr_carea' id='block_1_1' title="bbox 304 387 982 452">
    <p class='ocr_par' dir='ltr' id='par_1_1' title="bbox 304 387 982 452">
     <span class='ocr_line' id='line_1_1' title="bbox 304 387 982 452; baseline -0.003 -2"><span class='ocrx_word' id='word_1_1' title='bbox 304 387 364 452; x_wconf 87' lang='grc'><strong><em>136</em></strong></span> <span class='ocrx_word' id='word_1_2' title='bbox 692 404 737 448; x_wconf 75' lang='lat' dir='ltr'><strong><em>nr,</em></strong></span> <span class='ocrx_word' id='word_1_3' title='bbox 760 401 889 450; x_wconf 66' lang='lat' dir='ltr'><strong><em>masas</em></strong></span> <span class='ocrx_word' id='word_1_4' title='bbox 912 403 982 450; x_wconf 72' lang='lat' dir='ltr'><strong><em>sos.</em></strong></span> 
     </span>
    </p>
   </div>
   <div class='ocr_carea' id='block_1_2' title="bbox 260 570 1384 4446">
    <p class='ocr_par' dir='ltr' id='par_1_2' title="bbox 297 570 1384 4238">
     <span class='ocr_line' id='line_1_2' title="bbox 302 570 1368 652; baseline -0.003 -16"><span class='ocrx_word' id='word_1_5' title='bbox 302 579 336 638; x_wconf 91' lang='lat' dir='ltr'><strong><em>nt</em></strong></span> <span class='ocrx_word' id='word_1_6' title='bbox 357 592 409 637; x_wconf 85' lang='lat' dir='ltr'><strong><em>eae</em></strong></span> <span class='ocrx_word' id='word_1_7' title='bbox 430 577 493 634; x_wconf 91' lang='lat' dir='ltr'><strong><em>tnm</em></strong></span> <span class='ocrx_word' id='word_1_8' title='bbox 516 570 636 635; x_wconf 81' lang='lat' dir='ltr'><strong><em>deornm</em></strong></span> <span class='ocrx_word' id='word_1_9' title='bbox 658 575 841 652; x_wconf 82' lang='lat' dir='ltr'><strong><em>appareant,</em></strong></span> <span class='ocrx_word' id='word_1_10' title='bbox 862 572 889 636; x_wconf 87' lang='lat' dir='ltr'><strong><em>si</em></strong></span> <span class='ocrx_word' id='word_1_11' title='bbox 911 570 1023 634; x_wconf 77' lang='lat' dir='ltr'><strong><em>rrnliins</em></strong></span> <span class='ocrx_word' id='word_1_12' title='bbox 1045 571 1189 634; x_wconf 77' lang='lat' dir='ltr'><strong><em>eonemodi</em></strong></span> <span class='ocrx_word' id='word_1_13' title='bbox 1205 591 1299 636; x_wconf 81' lang='lat' dir='ltr'><strong><em>cansa</em></strong></span> <span class='ocrx_word' id='word_1_14' title='bbox 1320 571 1368 634; x_wconf 78' lang='lat' dir='ltr'><strong><em>tro-</em></strong></span> 
     </span>
     <span class='ocr_line' id='line_1_3' title="bbox 301 673 1370 758; baseline -0.004 -18"><span class='ocrx_word' id='word_1_15' title='bbox 301 681 383 740; x_wconf 84' lang='lat' dir='ltr'><strong><em>neste</em></strong></span> <span class='ocrx_word' id='word_1_16' title='bbox 404 679 517 758; x_wconf 74' lang='lat' dir='ltr'><strong><em>ayatnr</em></strong></span> <span class='ocrx_word' id='word_1_17' title='bbox 538 674 582 756; x_wconf 87' lang='lat' dir='ltr'><strong><em>(o.</em></strong></span> <span class='ocrx_word' id='word_1_18' title='bbox 601 675 672 756; x_wconf 84' lang='lat'><em>19).</em></span> <span class='ocrx_word' id='word_1_19' title='bbox 717 673 752 738; x_wconf 87' lang='lat' dir='ltr'><strong><em>Si</em></strong></span> <span class='ocrx_word' id='word_1_20' title='bbox 773 673 902 754; x_wconf 77' lang='lat' dir='ltr'><strong><em>Epicuri</em></strong></span> <span class='ocrx_word' id='word_1_21' title='bbox 925 695 994 736; x_wconf 80' lang='lat' dir='ltr'><strong><em>esra</em></strong></span> <span class='ocrx_word' id='word_1_22' title='bbox 1015 675 1054 738; x_wconf 89' lang='lat' dir='ltr'><strong><em>sit</em></strong></span> <span class='ocrx_word' id='word_1_23' title='bbox 1074 675 1231 751; x_wconf 86' lang='lat' dir='ltr'><strong><em>sententia,</em></strong></span> <span class='ocrx_word' id='word_1_24' title='bbox 1254 673 1370 737; x_wconf 82' lang='lat' dir='ltr'><strong><em>beatam</em></strong></span> 
     </span>
     <span class='ocr_line' id='line_1_4' title="bbox 301 775 1372 858; baseline -0.002 -16"><span class='ocrx_word' id='word_1_25' title='bbox 301 777 458 842; x_wconf 80' lang='lat' dir='ltr'><strong><em>dieomlnm</em></strong></span> <span class='ocrx_word' id='word_1_26' title='bbox 479 795 548 853; x_wconf 86' lang='lat' dir='ltr'><strong><em>esse,</em></strong></span> <span class='ocrx_word' id='word_1_27' title='bbox 570 776 623 858; x_wconf 82' lang='lat' dir='ltr'><strong><em>qai</em></strong></span> <span class='ocrx_word' id='word_1_28' title='bbox 645 777 677 839; x_wconf 88' lang='lat' dir='ltr'><strong><em>in</em></strong></span> <span class='ocrx_word' id='word_1_29' title='bbox 698 777 832 840; x_wconf 86' lang='lat' dir='ltr'><strong><em>onminrn</em></strong></span> <span class='ocrx_word' id='word_1_30' title='bbox 851 775 1038 856; x_wconf 81' lang='lat' dir='ltr'><strong><em>volnptatnm</em></strong></span> <span class='ocrx_word' id='word_1_31' title='bbox 1059 777 1146 858; x_wconf 88' lang='lat' dir='ltr'><strong><em>eopia</em></strong></span> <span class='ocrx_word' id='word_1_32' title='bbox 1167 775 1303 853; x_wconf 79' lang='lat' dir='ltr'><strong><em>molliter,</em></strong></span> <span class='ocrx_word' id='word_1_33' title='bbox 1324 776 1372 840; x_wconf 84' lang='lat' dir='ltr'><strong><em>sed</em></strong></span> 
     </span>
     <span class='ocr_line' id='line_1_5' title="bbox 302 876 1372 959; baseline -0.004 -15"><span class='ocrx_word' id='word_1_34' title='bbox 302 883 389 944; x_wconf 86' lang='lat' dir='ltr'><strong><em>eante</em></strong></span> <span class='ocrx_word' id='word_1_35' title='bbox 409 878 621 959; x_wconf 81' lang='lat' dir='ltr'><strong><em>etprndenter</em></strong></span> <span class='ocrx_word' id='word_1_36' title='bbox 642 879 733 955; x_wconf 84' lang='lat' dir='ltr'><strong><em>vient,</em></strong></span> <span class='ocrx_word' id='word_1_37' title='bbox 756 883 790 940; x_wconf 77' lang='lat' dir='ltr'><strong><em>ret</em></strong></span> <span class='ocrx_word' id='word_1_38' title='bbox 811 876 848 941; x_wconf 86' lang='lat' dir='ltr'><strong><em>L.</em></strong></span> <span class='ocrx_word' id='word_1_39' title='bbox 875 877 1008 942; x_wconf 78' lang='lat' dir='ltr'><strong><em>Tiorires</em></strong></span> <span class='ocrx_word' id='word_1_40' title='bbox 1030 877 1150 942; x_wconf 76' lang='lat' dir='ltr'><strong><em>Balbus</em></strong></span> <span class='ocrx_word' id='word_1_41' title='bbox 1168 877 1289 959; x_wconf 59' lang='lat' dir='ltr'><strong><em>feeerit·</em></strong></span> <span class='ocrx_word' id='word_1_42' title='bbox 1320 878 1372 942; x_wconf 78' lang='lat' dir='ltr'><strong><em>stri</em></strong></span> 
     </span>
     <span class='ocr_line' id='line_1_6' title="bbox 303 979 1372 1063; baseline -0.003 -17"><span class='ocrx_word' id='word_1_43' title='bbox 303 981 460 1046; x_wconf 72' lang='lat' dir='ltr'><em>beatiorem</em></span> <span class='ocrx_word' id='word_1_44' title='bbox 481 980 575 1043; x_wconf 79' lang='lat' dir='ltr'><strong><em>videri</em></strong></span> <span class='ocrx_word' id='word_1_45' title='bbox 593 979 686 1060; x_wconf 66' lang='lat' dir='ltr'><strong><em>inisse</em></strong></span> <span class='ocrx_word' id='word_1_46' title='bbox 707 979 857 1063; x_wconf 73' lang='lat' dir='ltr'><strong><em>Reynlnm</em></strong></span> <span class='ocrx_word' id='word_1_47' title='bbox 879 985 944 1043; x_wconf 89' lang='lat' dir='ltr'><strong><em>tnm</em></strong></span> <span class='ocrx_word' id='word_1_48' title='bbox 967 981 1075 1060; x_wconf 83' lang='lat' dir='ltr'><strong><em>ipsam,</em></strong></span> <span class='ocrx_word' id='word_1_49' title='bbox 1097 1001 1165 1045; x_wconf 79' lang='lat' dir='ltr'><strong><em>mern</em></strong></span> <span class='ocrx_word' id='word_1_50' title='bbox 1187 981 1372 1044; x_wconf 80' lang='lat' dir='ltr'><strong><em>emniaretnr</em></strong></span> 
     </span>
     <span class='ocr_line' id='line_1_7' title="bbox 303 1081 1372 1167; baseline -0.002 -19"><span class='ocrx_word' id='word_1_51' title='bbox 303 1087 348 1167; x_wconf 90' lang='lat' dir='ltr'><strong><em>(e.</em></strong></span> <span class='ocrx_word' id='word_1_52' title='bbox 370 1086 443 1166; x_wconf 87' lang='lat'><strong><em>20).</em></strong></span> <span class='ocrx_word' id='word_1_53' title='bbox 499 1081 628 1162; x_wconf 83' lang='lat' dir='ltr'><strong><em>Epiemi</em></strong></span> <span class='ocrx_word' id='word_1_54' title='bbox 659 1083 837 1146; x_wconf 72' lang='lat' dir='ltr'><strong><em>sensenna</em></strong></span> <span class='ocrx_word' id='word_1_55' title='bbox 868 1084 1005 1165; x_wconf 75' lang='lat' dir='ltr'><strong><em>sequenti</em></strong></span> <span class='ocrx_word' id='word_1_56' title='bbox 1035 1087 1064 1146; x_wconf 89' lang='lat' dir='ltr'><strong><em>et</em></strong></span> <span class='ocrx_word' id='word_1_57' title='bbox 1095 1081 1255 1146; x_wconf 74' lang='lat' dir='ltr'><strong><em>Lnoretae</em></strong></span> <span class='ocrx_word' id='word_1_58' title='bbox 1281 1088 1309 1146; x_wconf 89' lang='lat' dir='ltr'><strong><em>et</em></strong></span> <span class='ocrx_word' id='word_1_59' title='bbox 1337 1081 1372 1146; x_wconf 84' lang='lat' dir='ltr'><strong><em>L.</em></strong></span> 
     </span>
     <span class='ocr_line' id='line_1_8' title="bbox 311 1183 1374 1276; baseline -0.001 -26"><span class='ocrx_word' id='word_1_60' title='bbox 311 1185 441 1269; x_wconf 76' lang='lat' dir='ltr'><strong><em>Verpinii</em></strong></span> <span class='ocrx_word' id='word_1_61' title='bbox 470 1183 557 1265; x_wconf 78' lang='lat' dir='ltr'><strong><em>saeta</em></strong></span> <span class='ocrx_word' id='word_1_62' title='bbox 585 1183 786 1265; x_wconf 73' lang='lat' dir='ltr'><strong><em>vituperanda</em></strong></span> <span class='ocrx_word' id='word_1_63' title='bbox 812 1204 887 1262; x_wconf 87' lang='lat' dir='ltr'><strong><em>esse;</em></strong></span> <span class='ocrx_word' id='word_1_64' title='bbox 918 1205 972 1276; x_wconf 83' lang='lat' dir='ltr'><strong><em>nee</em></strong></span> <span class='ocrx_word' id='word_1_65' title='bbox 998 1185 1121 1250; x_wconf 89' lang='lat' dir='ltr'><strong><em>omnino</em></strong></span> <span class='ocrx_word' id='word_1_66' title='bbox 1148 1183 1255 1248; x_wconf 78' lang='lat' dir='ltr'><strong><em>inilia</em></strong></span> <span class='ocrx_word' id='word_1_67' title='bbox 1277 1184 1374 1249; x_wconf 75' lang='lat' dir='ltr'><strong><em>sana</em></strong></span> 
     </span>
     <span class='ocr_line' id='line_1_9' title="bbox 303 1285 1376 1370; baseline -0.003 -17"><span class='ocrx_word' id='word_1_68' title='bbox 303 1287 400 1353; x_wconf 66' lang='lat' dir='ltr'><strong><em>clines</em></strong></span> <span class='ocrx_word' id='word_1_69' title='bbox 423 1287 500 1352; x_wconf 84' lang='lat' dir='ltr'><strong><em>viros</em></strong></span> <span class='ocrx_word' id='word_1_70' title='bbox 522 1291 607 1351; x_wconf 82' lang='lat' dir='ltr'><strong><em>tostos</em></strong></span> <span class='ocrx_word' id='word_1_71' title='bbox 627 1285 772 1364; x_wconf 79' lang='lat' dir='ltr'><strong><em>mliiberi,</em></strong></span> <span class='ocrx_word' id='word_1_72' title='bbox 794 1288 976 1370; x_wconf 83' lang='lat' dir='ltr'><strong><em>eirtntesqm</em></strong></span> <span class='ocrx_word' id='word_1_73' title='bbox 996 1288 1079 1368; x_wconf 85' lang='lat' dir='ltr'><strong><em>ipsas</em></strong></span> <span class='ocrx_word' id='word_1_74' title='bbox 1091 1287 1193 1352; x_wconf 79' lang='lat' dir='ltr'><strong><em>indnoi</em></strong></span> <span class='ocrx_word' id='word_1_75' title='bbox 1214 1287 1376 1368; x_wconf 77' lang='lat' dir='ltr'><strong><em>volerptatis</em></strong></span> 
     </span>
     <span class='ocr_line' id='line_1_10' title="bbox 303 1389 1376 1473; baseline -0.004 -18"><span class='ocrx_word' id='word_1_76' title='bbox 303 1389 463 1455; x_wconf 72' lang='lat' dir='ltr'><em>ancillulas</em></span> <span class='ocrx_word' id='word_1_77' title='bbox 484 1390 528 1472; x_wconf 85' lang='lat' dir='ltr'><strong><em>(o.</em></strong></span> <span class='ocrx_word' id='word_1_78' title='bbox 550 1392 623 1473; x_wconf 85' lang='lat'><strong><em>21).</em></strong></span> <span class='ocrx_word' id='word_1_79' title='bbox 670 1389 758 1470; x_wconf 76' lang='lat' dir='ltr'><strong><em>Qnoel</em></strong></span> <span class='ocrx_word' id='word_1_80' title='bbox 778 1395 879 1453; x_wconf 81' lang='lat' dir='ltr'><strong><em>antem</em></strong></span> <span class='ocrx_word' id='word_1_81' title='bbox 901 1395 985 1472; x_wconf 72' lang='lat' dir='ltr'><strong><em>nepot</em></strong></span> <span class='ocrx_word' id='word_1_82' title='bbox 1007 1389 1162 1471; x_wconf 83' lang='lat' dir='ltr'><strong><em>Epionrns</em></strong></span> <span class='ocrx_word' id='word_1_83' title='bbox 1182 1409 1376 1471; x_wconf 71' lang='lat' dir='ltr'><strong><em>quanquam,</em></strong></span> 
     </span>
     <span class='ocr_line' id='line_1_11' title="bbox 304 1491 1376 1575; baseline -0.002 -19"><span class='ocrx_word' id='word_1_84' title='bbox 304 1495 356 1575; x_wconf 82' lang='lat' dir='ltr'><strong><em>qni</em></strong></span> <span class='ocrx_word' id='word_1_85' title='bbox 377 1492 496 1558; x_wconf 75' lang='lat' dir='ltr'><strong><em>honeste</em></strong></span> <span class='ocrx_word' id='word_1_86' title='bbox 516 1513 579 1556; x_wconf 89' lang='lat' dir='ltr'><strong><em>non</em></strong></span> <span class='ocrx_word' id='word_1_87' title='bbox 600 1491 696 1570; x_wconf 79' lang='lat' dir='ltr'><strong><em>virm,</em></strong></span> <span class='ocrx_word' id='word_1_88' title='bbox 717 1492 847 1556; x_wconf 69' lang='lat' dir='ltr'><strong><em>innuente</em></strong></span> <span class='ocrx_word' id='word_1_89' title='bbox 867 1493 962 1556; x_wconf 76' lang='lat' dir='ltr'><strong><em>nieme</em></strong></span> <span class='ocrx_word' id='word_1_90' title='bbox 980 1512 1079 1572; x_wconf 85' lang='lat' dir='ltr'><strong><em>posse,</em></strong></span> <span class='ocrx_word' id='word_1_91' title='bbox 1111 1513 1175 1556; x_wconf 91' lang='lat' dir='ltr'><strong><em>non</em></strong></span> <span class='ocrx_word' id='word_1_92' title='bbox 1200 1511 1290 1571; x_wconf 83' lang='lat' dir='ltr'><strong><em>posse</em></strong></span> <span class='ocrx_word' id='word_1_93' title='bbox 1316 1493 1376 1554; x_wconf 78' lang='lat' dir='ltr'><strong><em>tir·</em></strong></span> 
     </span>
     <span class='ocr_line' id='line_1_12' title="bbox 304 1593 1377 1678; baseline -0.004 -18"><span class='ocrx_word' id='word_1_94' title='bbox 304 1601 396 1660; x_wconf 84' lang='lat' dir='ltr'><strong><em>tatem</em></strong></span> <span class='ocrx_word' id='word_1_95' title='bbox 416 1595 553 1672; x_wconf 82' lang='lat' dir='ltr'><strong><em>retineri,</em></strong></span> <span class='ocrx_word' id='word_1_96' title='bbox 579 1595 606 1658; x_wconf 85' lang='lat' dir='ltr'><strong><em>si</em></strong></span> <span class='ocrx_word' id='word_1_97' title='bbox 626 1595 730 1658; x_wconf 88' lang='lat' dir='ltr'><strong><em>omnia</em></strong></span> <span class='ocrx_word' id='word_1_98' title='bbox 751 1595 795 1658; x_wconf 85' lang='lat' dir='ltr'><strong><em>ad</em></strong></span> <span class='ocrx_word' id='word_1_99' title='bbox 816 1594 998 1676; x_wconf 80' lang='lat' dir='ltr'><strong><em>voluptatem</em></strong></span> <span class='ocrx_word' id='word_1_100' title='bbox 1019 1593 1207 1678; x_wconf 69' lang='lat' dir='ltr'><strong><em>din&#39;parrtnr,</em></strong></span> <span class='ocrx_word' id='word_1_101' title='bbox 1234 1593 1286 1658; x_wconf 80' lang='lat' dir='ltr'><strong><em>sed</em></strong></span> <span class='ocrx_word' id='word_1_102' title='bbox 1307 1599 1377 1656; x_wconf 74' lang='lat' dir='ltr'><strong><em>mn</em></strong></span> 
     </span>
     <span class='ocr_line' id='line_1_13' title="bbox 305 1695 1379 1782; baseline -0.002 -20"><span class='ocrx_word' id='word_1_103' title='bbox 305 1703 370 1762; x_wconf 90' lang='lat' dir='ltr'><strong><em>tnm</em></strong></span> <span class='ocrx_word' id='word_1_104' title='bbox 389 1697 494 1778; x_wconf 74' lang='lat' dir='ltr'><strong><em>fictam</em></strong></span> <span class='ocrx_word' id='word_1_105' title='bbox 515 1697 639 1778; x_wconf 71' lang='lat' dir='ltr'><strong><em>specim</em></strong></span> <span class='ocrx_word' id='word_1_106' title='bbox 661 1699 705 1780; x_wconf 85' lang='lat' dir='ltr'><strong><em>(o.</em></strong></span> <span class='ocrx_word' id='word_1_107' title='bbox 728 1699 801 1782; x_wconf 89' lang='lat'><strong><em>22).</em></strong></span> <span class='ocrx_word' id='word_1_108' title='bbox 847 1695 935 1762; x_wconf 68' lang='lat' dir='ltr'><strong><em>[Ena</em></strong></span> <span class='ocrx_word' id='word_1_109' title='bbox 955 1702 1057 1761; x_wconf 87' lang='lat' dir='ltr'><strong><em>antem</em></strong></span> <span class='ocrx_word' id='word_1_110' title='bbox 1079 1695 1168 1780; x_wconf 75' lang='lat' dir='ltr'><strong><em>quale</em></strong></span> <span class='ocrx_word' id='word_1_111' title='bbox 1194 1716 1269 1773; x_wconf 87' lang='lat' dir='ltr'><strong><em>esse,</em></strong></span> <span class='ocrx_word' id='word_1_112' title='bbox 1296 1695 1379 1778; x_wconf 80' lang='lat' dir='ltr'><strong><em>qnod</em></strong></span> 
     </span>
     <span class='ocr_line' id='line_1_14' title="bbox 304 1798 1380 1883; baseline -0.002 -19"><span class='ocrx_word' id='word_1_113' title='bbox 304 1821 341 1864; x_wconf 89' lang='lat' dir='ltr'><strong><em>ne</em></strong></span> <span class='ocrx_word' id='word_1_114' title='bbox 362 1799 503 1881; x_wconf 78' lang='lat' dir='ltr'><strong><em>profiteri</em></strong></span> <span class='ocrx_word' id='word_1_115' title='bbox 536 1798 657 1881; x_wconf 75' lang='lat' dir='ltr'><strong><em>anilem</em></strong></span> <span class='ocrx_word' id='word_1_116' title='bbox 683 1800 846 1883; x_wconf 81' lang='lat' dir='ltr'><strong><em>qnisquam</em></strong></span> <span class='ocrx_word' id='word_1_117' title='bbox 872 1821 938 1863; x_wconf 85' lang='lat' dir='ltr'><strong><em>eam</em></strong></span> <span class='ocrx_word' id='word_1_118' title='bbox 959 1801 1138 1864; x_wconf 72' lang='lat' dir='ltr'><strong><em>sententiam</em></strong></span> <span class='ocrx_word' id='word_1_119' title='bbox 1158 1799 1272 1862; x_wconf 81' lang='lat' dir='ltr'><strong><em>audeat</em></strong></span> <span class='ocrx_word' id='word_1_120' title='bbox 1291 1798 1380 1880; x_wconf 77' lang='lat' dir='ltr'><strong><em>apud</em></strong></span> 
     </span>
     <span class='ocr_line' id='line_1_15' title="bbox 297 1900 1380 1984; baseline 0 -18"><span class='ocrx_word' id='word_1_121' title='bbox 297 1901 458 1984; x_wconf 86' lang='lat' dir='ltr'><strong><em>popntnm,</em></strong></span> <span class='ocrx_word' id='word_1_122' title='bbox 479 1921 510 1966; x_wconf 89' lang='lat' dir='ltr'><strong><em>se</em></strong></span> <span class='ocrx_word' id='word_1_123' title='bbox 531 1902 634 1966; x_wconf 75' lang='lat' dir='ltr'><strong><em>annia</em></strong></span> <span class='ocrx_word' id='word_1_124' title='bbox 655 1901 817 1982; x_wconf 81' lang='lat' dir='ltr'><strong><em>voluptatis</em></strong></span> <span class='ocrx_word' id='word_1_125' title='bbox 838 1907 895 1966; x_wconf 86' lang='lat' dir='ltr'><strong><em>ant</em></strong></span> <span class='ocrx_word' id='word_1_126' title='bbox 920 1922 983 1966; x_wconf 88' lang='lat' dir='ltr'><strong><em>non</em></strong></span> <span class='ocrx_word' id='word_1_127' title='bbox 1003 1901 1122 1966; x_wconf 79' lang='lat' dir='ltr'><strong><em>dolenti</em></strong></span> <span class='ocrx_word' id='word_1_128' title='bbox 1143 1921 1236 1966; x_wconf 86' lang='lat' dir='ltr'><strong><em>cansa</em></strong></span> <span class='ocrx_word' id='word_1_129' title='bbox 1255 1900 1380 1982; x_wconf 81' lang='lat' dir='ltr'><strong><em>faeere?</em></strong></span> 
     </span>
     <span class='ocr_line' id='line_1_16' title="bbox 304 2003 1379 2088; baseline -0.004 -18"><span class='ocrx_word' id='word_1_130' title='bbox 304 2006 349 2088; x_wconf 88' lang='lat' dir='ltr'><strong><em>(e.</em></strong></span> <span class='ocrx_word' id='word_1_131' title='bbox 371 2007 444 2088; x_wconf 80' lang='grc'><em>23).</em></span> <span class='ocrx_word' id='word_1_132' title='bbox 489 2004 554 2069; x_wconf 86' lang='lat' dir='ltr'><strong><em>Nee</em></strong></span> <span class='ocrx_word' id='word_1_133' title='bbox 574 2003 741 2068; x_wconf 77' lang='lat' dir='ltr'><strong><em>armcitiam</em></strong></span> <span class='ocrx_word' id='word_1_134' title='bbox 762 2005 917 2069; x_wconf 74' lang='lat' dir='ltr'><strong><em>consistere</em></strong></span> <span class='ocrx_word' id='word_1_135' title='bbox 932 2024 1031 2085; x_wconf 85' lang='lat' dir='ltr'><strong><em>posse,</em></strong></span> <span class='ocrx_word' id='word_1_136' title='bbox 1054 2025 1132 2087; x_wconf 81' lang='lat' dir='ltr'><strong><em>qnae</em></strong></span> <span class='ocrx_word' id='word_1_137' title='bbox 1153 2008 1273 2067; x_wconf 70' lang='lat' dir='ltr'><strong><em>rnatrrta</em></strong></span> <span class='ocrx_word' id='word_1_138' title='bbox 1296 2003 1379 2067; x_wconf 75' lang='lat' dir='ltr'><strong><em>usia</em></strong></span> 
     </span>
     <span class='ocr_line' id='line_1_17' title="bbox 305 2105 1382 2190; baseline 0.001 -19"><span class='ocrx_word' id='word_1_139' title='bbox 305 2111 366 2172; x_wconf 86' lang='lat' dir='ltr'><strong><em>tate</em></strong></span> <span class='ocrx_word' id='word_1_140' title='bbox 387 2107 454 2187; x_wconf 84' lang='lat' dir='ltr'><strong><em>ipsa</em></strong></span> <span class='ocrx_word' id='word_1_141' title='bbox 477 2111 610 2170; x_wconf 86' lang='lat' dir='ltr'><strong><em>mntetnr</em></strong></span> <span class='ocrx_word' id='word_1_142' title='bbox 636 2126 749 2172; x_wconf 81' lang='lat' dir='ltr'><strong><em>neeesse</em></strong></span> <span class='ocrx_word' id='word_1_143' title='bbox 774 2107 813 2170; x_wconf 87' lang='lat' dir='ltr'><strong><em>sit</em></strong></span> <span class='ocrx_word' id='word_1_144' title='bbox 840 2108 885 2190; x_wconf 86' lang='lat' dir='ltr'><strong><em>(o.</em></strong></span> <span class='ocrx_word' id='word_1_145' title='bbox 907 2109 980 2190; x_wconf 79' lang='grc'><em>24).</em></span> <span class='ocrx_word' id='word_1_146' title='bbox 1027 2105 1114 2187; x_wconf 76' lang='lat' dir='ltr'><strong><em>Qnoet</em></strong></span> <span class='ocrx_word' id='word_1_147' title='bbox 1140 2107 1201 2186; x_wconf 88' lang='lat' dir='ltr'><strong><em>ipse</em></strong></span> <span class='ocrx_word' id='word_1_148' title='bbox 1223 2105 1382 2187; x_wconf 68' lang='lat' dir='ltr'><strong><em>Epimnss</em></strong></span> 
     </span>
     <span class='ocr_line' id='line_1_18' title="bbox 304 2208 1381 2291; baseline 0.002 -19"><span class='ocrx_word' id='word_1_149' title='bbox 304 2209 454 2274; x_wconf 74' lang='lat' dir='ltr'><strong><em>amicitias</em></strong></span> <span class='ocrx_word' id='word_1_150' title='bbox 475 2228 542 2272; x_wconf 82' lang='lat' dir='ltr'><strong><em>oran</em></strong></span> <span class='ocrx_word' id='word_1_151' title='bbox 561 2208 621 2289; x_wconf 82' lang='lat' dir='ltr'><strong><em>fide</em></strong></span> <span class='ocrx_word' id='word_1_152' title='bbox 642 2208 778 2287; x_wconf 81' lang='lat' dir='ltr'><strong><em>coluerit,</em></strong></span> <span class='ocrx_word' id='word_1_153' title='bbox 810 2208 915 2274; x_wconf 83' lang='lat' dir='ltr'><strong><em>nnlins</em></strong></span> <span class='ocrx_word' id='word_1_154' title='bbox 942 2229 1010 2272; x_wconf 88' lang='lat' dir='ltr'><strong><em>enm</em></strong></span> <span class='ocrx_word' id='word_1_155' title='bbox 1029 2209 1129 2290; x_wconf 76' lang='lat' dir='ltr'><strong><em>teoisse</em></strong></span> <span class='ocrx_word' id='word_1_156' title='bbox 1151 2229 1245 2291; x_wconf 81' lang='lat' dir='ltr'><strong><em>qnam</em></strong></span> <span class='ocrx_word' id='word_1_157' title='bbox 1267 2208 1381 2274; x_wconf 55' lang='lat' dir='ltr'><strong><em>claime</em></strong></span> 
     </span>
     <span class='ocr_line' id='line_1_19' title="bbox 305 2310 1384 2394; baseline -0.001 -18"><span class='ocrx_word' id='word_1_158' title='bbox 305 2313 325 2394; x_wconf 93' lang='lat'><em>(</em></span> <span class='ocrx_word' id='word_1_159' title='bbox 327 2331 350 2376; x_wconf 91' lang='lat' dir='ltr'><strong><em>e.</em></strong></span> <span class='ocrx_word' id='word_1_160' title='bbox 362 2313 403 2376; x_wconf 86' lang='lat'><strong><em>25</em></strong></span> <span class='ocrx_word' id='word_1_161' title='bbox 405 2315 443 2394; x_wconf 87' lang='lat'><strong><em>)‚·</em></strong></span> <span class='ocrx_word' id='word_1_162' title='bbox 463 2331 517 2374; x_wconf 84' lang='lat' dir='ltr'><strong><em>nee</em></strong></span> <span class='ocrx_word' id='word_1_163' title='bbox 532 2311 728 2391; x_wconf 82' lang='lat' dir='ltr'><strong><em>probamtam</em></strong></span> <span class='ocrx_word' id='word_1_164' title='bbox 749 2331 809 2376; x_wconf 86' lang='lat' dir='ltr'><strong><em>esse</em></strong></span> <span class='ocrx_word' id='word_1_165' title='bbox 826 2310 922 2375; x_wconf 82' lang='lat' dir='ltr'><strong><em>altam</em></strong></span> <span class='ocrx_word' id='word_1_166' title='bbox 938 2333 975 2376; x_wconf 81' lang='lat' dir='ltr'><strong><em>en</em></strong></span> <span class='ocrx_word' id='word_1_167' title='bbox 991 2311 1087 2376; x_wconf 79' lang='lat' dir='ltr'><strong><em>tribas</em></strong></span> <span class='ocrx_word' id='word_1_168' title='bbox 1103 2311 1279 2388; x_wconf 75' lang='lat' dir='ltr'><strong><em>rationibus,</em></strong></span> <span class='ocrx_word' id='word_1_169' title='bbox 1301 2331 1384 2394; x_wconf 72' lang='lat' dir='ltr'><strong><em>peras</em></strong></span> 
     </span>
     <span class='ocr_line' id='line_1_20' title="bbox 308 2410 1384 2498; baseline -0.003 -20"><span class='ocrx_word' id='word_1_170' title='bbox 308 2414 482 2495; x_wconf 78' lang='lat' dir='ltr'><strong><em>Torqrmtns</em></strong></span> <span class='ocrx_word' id='word_1_171' title='bbox 502 2413 538 2476; x_wconf 84' lang='lat' dir='ltr'><strong><em>do</em></strong></span> <span class='ocrx_word' id='word_1_172' title='bbox 559 2413 694 2478; x_wconf 79' lang='lat' dir='ltr'><strong><em>anrieitia</em></strong></span> <span class='ocrx_word' id='word_1_173' title='bbox 710 2413 917 2495; x_wconf 76' lang='lat' dir='ltr'><strong><em>proposuisset</em></strong></span> <span class='ocrx_word' id='word_1_174' title='bbox 938 2414 983 2496; x_wconf 91' lang='lat' dir='ltr'><strong><em>(e.</em></strong></span> <span class='ocrx_word' id='word_1_175' title='bbox 1005 2415 1078 2498; x_wconf 84' lang='grc'><em>26).</em></span> <span class='ocrx_word' id='word_1_176' title='bbox 1130 2410 1266 2494; x_wconf 69' lang='lat' dir='ltr'><strong><em>Potmto</em></strong></span> <span class='ocrx_word' id='word_1_177' title='bbox 1286 2413 1384 2496; x_wconf 65' lang='lat' dir='ltr'><strong><em>initas·</em></strong></span> 
     </span>
     <span class='ocr_line' id='line_1_21' title="bbox 304 2514 1383 2598; baseline -0.002 -18"><span class='ocrx_word' id='word_1_178' title='bbox 304 2522 332 2580; x_wconf 87' lang='lat' dir='ltr'><strong><em>et</em></strong></span> <span class='ocrx_word' id='word_1_179' title='bbox 354 2515 506 2594; x_wconf 86' lang='lat' dir='ltr'><strong><em>eonelnso,</em></strong></span> <span class='ocrx_word' id='word_1_180' title='bbox 539 2537 635 2598; x_wconf 80' lang='lat' dir='ltr'><strong><em>neque</em></strong></span> <span class='ocrx_word' id='word_1_181' title='bbox 662 2516 766 2580; x_wconf 80' lang='lat' dir='ltr'><strong><em>rirtnti</em></strong></span> <span class='ocrx_word' id='word_1_182' title='bbox 792 2537 889 2598; x_wconf 83' lang='lat' dir='ltr'><strong><em>neqne</em></strong></span> <span class='ocrx_word' id='word_1_183' title='bbox 915 2517 1066 2580; x_wconf 76' lang='lat' dir='ltr'><strong><em>amicitiae</em></strong></span> <span class='ocrx_word' id='word_1_184' title='bbox 1087 2517 1120 2579; x_wconf 86' lang='lat' dir='ltr'><strong><em>in</em></strong></span> <span class='ocrx_word' id='word_1_185' title='bbox 1141 2514 1271 2596; x_wconf 79' lang='lat' dir='ltr'><strong><em>Epienri</em></strong></span> <span class='ocrx_word' id='word_1_186' title='bbox 1291 2515 1383 2579; x_wconf 80' lang='lat' dir='ltr'><strong><em>disci-</em></strong></span> 
     </span>
     <span class='ocr_line' id='line_1_22' title="bbox 297 2617 1384 2701; baseline 0.001 -20"><span class='ocrx_word' id='word_1_187' title='bbox 297 2617 389 2700; x_wconf 83' lang='lat' dir='ltr'><strong><em>plina</em></strong></span> <span class='ocrx_word' id='word_1_188' title='bbox 410 2617 506 2682; x_wconf 70' lang='lat' dir='ltr'><strong><em>menni</em></strong></span> <span class='ocrx_word' id='word_1_189' title='bbox 533 2638 607 2696; x_wconf 89' lang='lat' dir='ltr'><strong><em>esse,</em></strong></span> <span class='ocrx_word' id='word_1_190' title='bbox 635 2617 760 2682; x_wconf 78' lang='lat' dir='ltr'><strong><em>brerritm</em></strong></span> <span class='ocrx_word' id='word_1_191' title='bbox 788 2617 890 2682; x_wconf 84' lang='lat' dir='ltr'><strong><em>Cicero</em></strong></span> <span class='ocrx_word' id='word_1_192' title='bbox 917 2619 1050 2701; x_wconf 77' lang='lat' dir='ltr'><strong><em>reliqeme</em></strong></span> <span class='ocrx_word' id='word_1_193' title='bbox 1073 2619 1222 2701; x_wconf 72' lang='lat' dir='ltr'><strong><em>Torquat&#39;</em></strong></span> <span class='ocrx_word' id='word_1_194' title='bbox 1248 2617 1384 2682; x_wconf 86' lang='lat' dir='ltr'><strong><em>orationi</em></strong></span> 
     </span>
     <span class='ocr_line' id='line_1_23' title="bbox 304 2719 1383 2802; baseline 0 -17"><span class='ocrx_word' id='word_1_195' title='bbox 304 2720 478 2801; x_wconf 58' lang='lat' dir='ltr'><strong><em>responsam</em></strong></span> <span class='ocrx_word' id='word_1_196' title='bbox 505 2723 643 2801; x_wconf 74' lang='lat' dir='ltr'><strong><em>pnimnm</em></strong></span> <span class='ocrx_word' id='word_1_197' title='bbox 665 2719 783 2784; x_wconf 72' lang='lat' dir='ltr'><strong><em>mann</em></strong></span> <span class='ocrx_word' id='word_1_198' title='bbox 804 2722 913 2799; x_wconf 84' lang='lat' dir='ltr'><strong><em>vitam,</em></strong></span> <span class='ocrx_word' id='word_1_199' title='bbox 946 2721 1132 2802; x_wconf 85' lang='lat' dir='ltr'><strong><em>sioolnptas</em></strong></span> <span class='ocrx_word' id='word_1_200' title='bbox 1156 2721 1196 2785; x_wconf 88' lang='lat' dir='ltr'><strong><em>sit</em></strong></span> <span class='ocrx_word' id='word_1_201' title='bbox 1226 2741 1383 2785; x_wconf 82' lang='lat' dir='ltr'><strong><em>summ-nm</em></strong></span> 
     </span>
     <span class='ocr_line' id='line_1_24' title="bbox 305 2823 1382 2904; baseline 0.002 -17"><span class='ocrx_word' id='word_1_202' title='bbox 305 2823 426 2900; x_wconf 85' lang='lat' dir='ltr'><strong><em>bonnm,</em></strong></span> <span class='ocrx_word' id='word_1_203' title='bbox 448 2823 481 2886; x_wconf 87' lang='lat' dir='ltr'><strong><em>in</em></strong></span> <span class='ocrx_word' id='word_1_204' title='bbox 496 2828 644 2903; x_wconf 77' lang='lat' dir='ltr'><strong><em>potestate</em></strong></span> <span class='ocrx_word' id='word_1_205' title='bbox 664 2823 809 2903; x_wconf 71' lang='lat' dir='ltr'><strong><em>sapientis</em></strong></span> <span class='ocrx_word' id='word_1_206' title='bbox 829 2844 892 2888; x_wconf 86' lang='lat' dir='ltr'><strong><em>non</em></strong></span> <span class='ocrx_word' id='word_1_207' title='bbox 915 2823 1074 2904; x_wconf 65' lang='lat' dir='ltr'><strong><em>sntnrann</em></strong></span> <span class='ocrx_word' id='word_1_208' title='bbox 1100 2843 1154 2886; x_wconf 86' lang='lat' dir='ltr'><strong><em>nee</em></strong></span> <span class='ocrx_word' id='word_1_209' title='bbox 1180 2843 1283 2887; x_wconf 81' lang='lat' dir='ltr'><strong><em>oernm</em></strong></span> <span class='ocrx_word' id='word_1_210' title='bbox 1309 2845 1382 2904; x_wconf 88' lang='lat' dir='ltr'><strong><em>esse,</em></strong></span> 
     </span>
     <span class='ocr_line' id='line_1_25' title="bbox 305 2923 1383 3008; baseline 0.002 -20"><span class='ocrx_word' id='word_1_211' title='bbox 305 2925 387 3008; x_wconf 81' lang='lat' dir='ltr'><strong><em>qnoet</em></strong></span> <span class='ocrx_word' id='word_1_212' title='bbox 419 2923 575 3004; x_wconf 86' lang='lat' dir='ltr'><strong><em>Epionrns</em></strong></span> <span class='ocrx_word' id='word_1_213' title='bbox 606 2927 701 3003; x_wconf 82' lang='lat' dir='ltr'><strong><em>dieat,</em></strong></span> <span class='ocrx_word' id='word_1_214' title='bbox 740 2946 801 2990; x_wconf 89' lang='lat' dir='ltr'><strong><em>non</em></strong></span> <span class='ocrx_word' id='word_1_215' title='bbox 834 2927 980 2990; x_wconf 81' lang='lat' dir='ltr'><strong><em>minorem</em></strong></span> <span class='ocrx_word' id='word_1_216' title='bbox 1012 2925 1197 3005; x_wconf 77' lang='lat' dir='ltr'><strong><em>voluptatem</em></strong></span> <span class='ocrx_word' id='word_1_217' title='bbox 1229 2946 1267 2990; x_wconf 78' lang='lat' dir='ltr'><strong><em>ea</em></strong></span> <span class='ocrx_word' id='word_1_218' title='bbox 1298 2927 1383 2990; x_wconf 82' lang='lat' dir='ltr'><strong><em>brevi</em></strong></span> 
     </span>
     <span class='ocr_line' id='line_1_26' title="bbox 305 3025 1382 3112; baseline 0.003 -21"><span class='ocrx_word' id='word_1_219' title='bbox 305 3034 436 3108; x_wconf 84' lang='lat' dir='ltr'><strong><em>ternpore</em></strong></span> <span class='ocrx_word' id='word_1_220' title='bbox 463 3049 558 3109; x_wconf 78' lang='lat' dir='ltr'><strong><em>qsmm</em></strong></span> <span class='ocrx_word' id='word_1_221' title='bbox 585 3049 623 3092; x_wconf 78' lang='lat' dir='ltr'><strong><em>es·</em></strong></span> <span class='ocrx_word' id='word_1_222' title='bbox 649 3027 810 3110; x_wconf 73' lang='lat' dir='ltr'><strong><em>lonqinquo</em></strong></span> <span class='ocrx_word' id='word_1_223' title='bbox 832 3029 948 3109; x_wconf 72' lang='lat' dir='ltr'><strong><em>perspi</em></strong></span> <span class='ocrx_word' id='word_1_224' title='bbox 975 3030 1020 3112; x_wconf 91' lang='lat' dir='ltr'><strong><em>(e.</em></strong></span> <span class='ocrx_word' id='word_1_225' title='bbox 1043 3029 1116 3111; x_wconf 86' lang='grc'><em>27).</em></span> <span class='ocrx_word' id='word_1_226' title='bbox 1161 3025 1206 3090; x_wconf 85' lang='lat' dir='ltr'><strong><em>Et</em></strong></span> <span class='ocrx_word' id='word_1_227' title='bbox 1231 3028 1257 3091; x_wconf 90' lang='lat' dir='ltr'><strong><em>si</em></strong></span> <span class='ocrx_word' id='word_1_228' title='bbox 1278 3047 1382 3094; x_wconf 84' lang='lat' dir='ltr'><strong><em>conoe·</em></strong></span> 
     </span>
     <span class='ocr_line' id='line_1_27' title="bbox 304 3129 1382 3211; baseline 0.002 -17"><span class='ocrx_word' id='word_1_229' title='bbox 304 3131 407 3208; x_wconf 78' lang='lat' dir='ltr'><strong><em>eatur,</em></strong></span> <span class='ocrx_word' id='word_1_230' title='bbox 429 3131 687 3210; x_wconf 84' lang='lat' dir='ltr'><strong><em>ipsmnnotnram</em></strong></span> <span class='ocrx_word' id='word_1_231' title='bbox 708 3132 874 3210; x_wconf 82' lang='lat' dir='ltr'><strong><em>sapimtem</em></strong></span> <span class='ocrx_word' id='word_1_232' title='bbox 900 3129 1080 3211; x_wconf 79' lang='lat' dir='ltr'><strong><em>locupletare</em></strong></span> <span class='ocrx_word' id='word_1_233' title='bbox 1106 3135 1134 3192; x_wconf 81' lang='lat' dir='ltr'><strong><em>et</em></strong></span> <span class='ocrx_word' id='word_1_234' title='bbox 1154 3149 1306 3194; x_wconf 85' lang='lat' dir='ltr'><strong><em>snmmam</em></strong></span> <span class='ocrx_word' id='word_1_235' title='bbox 1329 3153 1382 3196; x_wconf 85' lang='lat' dir='ltr'><strong><em>oo-</em></strong></span> 
     </span>
     <span class='ocr_line' id='line_1_28' title="bbox 304 3231 1383 3315; baseline 0.001 -19"><span class='ocrx_word' id='word_1_236' title='bbox 304 3233 452 3312; x_wconf 84' lang='lat' dir='ltr'><strong><em>lnptntem</em></strong></span> <span class='ocrx_word' id='word_1_237' title='bbox 474 3254 511 3296; x_wconf 72' lang='lat' dir='ltr'><strong><em>on·</em></strong></span> <span class='ocrx_word' id='word_1_238' title='bbox 532 3232 682 3297; x_wconf 76' lang='lat' dir='ltr'><strong><em>vilissimis</em></strong></span> <span class='ocrx_word' id='word_1_239' title='bbox 702 3234 790 3298; x_wconf 85' lang='lat' dir='ltr'><strong><em>rebus</em></strong></span> <span class='ocrx_word' id='word_1_240' title='bbox 805 3233 932 3314; x_wconf 80' lang='lat' dir='ltr'><strong><em>percipi,</em></strong></span> <span class='ocrx_word' id='word_1_241' title='bbox 955 3233 1029 3315; x_wconf 73' lang='lat' dir='ltr'><strong><em>qnia</em></strong></span> <span class='ocrx_word' id='word_1_242' title='bbox 1049 3233 1085 3296; x_wconf 78' lang='lat' dir='ltr'><strong><em>ele</em></strong></span> <span class='ocrx_word' id='word_1_243' title='bbox 1106 3231 1205 3296; x_wconf 83' lang='lat' dir='ltr'><strong><em>dolore</em></strong></span> <span class='ocrx_word' id='word_1_244' title='bbox 1220 3232 1383 3298; x_wconf 59' lang='lat' dir='ltr'><strong><em>diffindam</em></strong></span> 
     </span>
     <span class='ocr_line' id='line_1_29' title="bbox 305 3334 1382 3418; baseline 0 -18"><span class='ocrx_word' id='word_1_245' title='bbox 305 3335 387 3400; x_wconf 83' lang='lat' dir='ltr'><strong><em>esso?</em></strong></span> <span class='ocrx_word' id='word_1_246' title='bbox 420 3335 473 3418; x_wconf 80' lang='lat' dir='ltr'><strong><em>qni</em></strong></span> <span class='ocrx_word' id='word_1_247' title='bbox 494 3335 520 3400; x_wconf 88' lang='lat' dir='ltr'><strong><em>si</em></strong></span> <span class='ocrx_word' id='word_1_248' title='bbox 541 3355 693 3400; x_wconf 87' lang='lat' dir='ltr'><strong><em>snnmmm</em></strong></span> <span class='ocrx_word' id='word_1_249' title='bbox 714 3335 753 3399; x_wconf 87' lang='lat' dir='ltr'><strong><em>sit</em></strong></span> <span class='ocrx_word' id='word_1_250' title='bbox 776 3335 905 3414; x_wconf 82' lang='lat' dir='ltr'><strong><em>nmlnm,</em></strong></span> <span class='ocrx_word' id='word_1_251' title='bbox 938 3355 1056 3399; x_wconf 86' lang='lat' dir='ltr'><strong><em>omnem</em></strong></span> <span class='ocrx_word' id='word_1_252' title='bbox 1083 3334 1187 3398; x_wconf 82' lang='lat' dir='ltr'><strong><em>beatae</em></strong></span> <span class='ocrx_word' id='word_1_253' title='bbox 1208 3335 1288 3398; x_wconf 72' lang='lat' dir='ltr'><strong><em>ortae</em></strong></span> <span class='ocrx_word' id='word_1_254' title='bbox 1308 3355 1382 3400; x_wconf 86' lang='lat' dir='ltr'><strong><em>eon-</em></strong></span> 
     </span>
     <span class='ocr_line' id='line_1_30' title="bbox 304 3435 1383 3521; baseline 0.001 -19"><span class='ocrx_word' id='word_1_255' title='bbox 304 3438 488 3502; x_wconf 86' lang='lat' dir='ltr'><strong><em>stitntionem</em></strong></span> <span class='ocrx_word' id='word_1_256' title='bbox 509 3438 599 3500; x_wconf 78' lang='lat' dir='ltr'><strong><em>everti</em></strong></span> <span class='ocrx_word' id='word_1_257' title='bbox 619 3438 665 3519; x_wconf 84' lang='lat' dir='ltr'><strong><em>(c.</em></strong></span> <span class='ocrx_word' id='word_1_258' title='bbox 688 3441 731 3502; x_wconf 86' lang='grc'><strong><em>28</em></strong></span> <span class='ocrx_word' id='word_1_259' title='bbox 731 3440 768 3521; x_wconf 91' lang='grc'><strong><em>);</em></strong></span> <span class='ocrx_word' id='word_1_260' title='bbox 795 3459 868 3501; x_wconf 90' lang='lat' dir='ltr'><strong><em>nam</em></strong></span> <span class='ocrx_word' id='word_1_261' title='bbox 896 3437 1027 3501; x_wconf 82' lang='lat' dir='ltr'><strong><em>remedia</em></strong></span> <span class='ocrx_word' id='word_1_262' title='bbox 1048 3436 1159 3502; x_wconf 76' lang='lat' dir='ltr'><strong><em>etaloris</em></strong></span> <span class='ocrx_word' id='word_1_263' title='bbox 1179 3435 1218 3500; x_wconf 85' lang='lat' dir='ltr'><strong><em>ab</em></strong></span> <span class='ocrx_word' id='word_1_264' title='bbox 1240 3435 1383 3517; x_wconf 79' lang='lat' dir='ltr'><strong><em>Epimero</em></strong></span> 
     </span>
     <span class='ocr_line' id='line_1_31' title="bbox 298 3538 1384 3622; baseline 0.006 -20"><span class='ocrx_word' id='word_1_265' title='bbox 298 3540 459 3620; x_wconf 86' lang='lat' dir='ltr'><strong><em>proposita</em></strong></span> <span class='ocrx_word' id='word_1_266' title='bbox 481 3538 598 3602; x_wconf 68' lang='lat' dir='ltr'><strong><em>reniam</em></strong></span> <span class='ocrx_word' id='word_1_267' title='bbox 619 3540 679 3602; x_wconf 79' lang='lat' dir='ltr'><strong><em>eim</em></strong></span> <span class='ocrx_word' id='word_1_268' title='bbox 700 3539 824 3618; x_wconf 66' lang='lat' dir='ltr'><strong><em>laborm</em></strong></span> <span class='ocrx_word' id='word_1_269' title='bbox 851 3541 971 3604; x_wconf 83' lang='lat' dir='ltr'><strong><em>virtutis</em></strong></span> <span class='ocrx_word' id='word_1_270' title='bbox 985 3541 1091 3620; x_wconf 86' lang='lat' dir='ltr'><strong><em>potins</em></strong></span> <span class='ocrx_word' id='word_1_271' title='bbox 1111 3543 1140 3602; x_wconf 85' lang='lat' dir='ltr'><strong><em>et</em></strong></span> <span class='ocrx_word' id='word_1_272' title='bbox 1161 3539 1384 3622; x_wconf 69' lang='lat' dir='ltr'><strong><em>rrnmmtntim&#39;s</em></strong></span> 
     </span>
     <span class='ocr_line' id='line_1_32' title="bbox 304 3641 1384 3725; baseline 0.002 -19"><span class='ocrx_word' id='word_1_273' title='bbox 304 3642 402 3706; x_wconf 78' lang='lat' dir='ltr'><strong><em>arre&#39;mi</em></strong></span> <span class='ocrx_word' id='word_1_274' title='bbox 421 3642 562 3723; x_wconf 80' lang='lat' dir='ltr'><strong><em>[omentis</em></strong></span> <span class='ocrx_word' id='word_1_275' title='bbox 583 3661 651 3704; x_wconf 88' lang='lat' dir='ltr'><strong><em>enm</em></strong></span> <span class='ocrx_word' id='word_1_276' title='bbox 673 3641 774 3720; x_wconf 77' lang='lat' dir='ltr'><strong><em>lenim,</em></strong></span> <span class='ocrx_word' id='word_1_277' title='bbox 802 3643 891 3725; x_wconf 78' lang='lat' dir='ltr'><strong><em>idque</em></strong></span> <span class='ocrx_word' id='word_1_278' title='bbox 918 3665 956 3708; x_wconf 79' lang='lat' dir='ltr'><strong><em>ea</em></strong></span> <span class='ocrx_word' id='word_1_279' title='bbox 983 3643 1077 3724; x_wconf 86' lang='lat' dir='ltr'><strong><em>ipsins</em></strong></span> <span class='ocrx_word' id='word_1_280' title='bbox 1098 3641 1229 3724; x_wconf 83' lang='lat' dir='ltr'><strong><em>Epiemi</em></strong></span> <span class='ocrx_word' id='word_1_281' title='bbox 1249 3642 1384 3723; x_wconf 78' lang='lat' dir='ltr'><strong><em>epistula</em></strong></span> 
     </span>
     <span class='ocr_line' id='line_1_33' title="bbox 304 3743 1382 3829; baseline 0.002 -22"><span class='ocrx_word' id='word_1_282' title='bbox 304 3745 347 3808; x_wconf 83' lang='lat' dir='ltr'><strong><em>ml</em></strong></span> <span class='ocrx_word' id='word_1_283' title='bbox 369 3743 593 3809; x_wconf 75' lang='lat' dir='ltr'><strong><em>Hernmrelmm</em></strong></span> <span class='ocrx_word' id='word_1_284' title='bbox 615 3765 765 3825; x_wconf 82' lang='lat' dir='ltr'><strong><em>apparere</em></strong></span> <span class='ocrx_word' id='word_1_285' title='bbox 786 3746 830 3827; x_wconf 86' lang='lat' dir='ltr'><strong><em>(e.</em></strong></span> <span class='ocrx_word' id='word_1_286' title='bbox 853 3748 1011 3829; x_wconf 80' lang='lat'><strong><em>29-30).</em></strong></span> <span class='ocrx_word' id='word_1_287' title='bbox 1067 3745 1127 3810; x_wconf 73' lang='lat' dir='ltr'><strong><em>sea</em></strong></span> <span class='ocrx_word' id='word_1_288' title='bbox 1154 3749 1190 3808; x_wconf 87' lang='lat' dir='ltr'><strong><em>nt</em></strong></span> <span class='ocrx_word' id='word_1_289' title='bbox 1215 3743 1288 3809; x_wconf 75' lang='lat' dir='ltr'><strong><em>liaeo</em></strong></span> <span class='ocrx_word' id='word_1_290' title='bbox 1316 3749 1382 3827; x_wconf 76' lang='lat' dir='ltr'><strong><em>epi-</em></strong></span> 
     </span>
     <span class='ocr_line' id='line_1_34' title="bbox 304 3845 1383 3929; baseline 0.004 -19"><span class='ocrx_word' id='word_1_291' title='bbox 304 3845 385 3911; x_wconf 84' lang='lat' dir='ltr'><strong><em>stnla</em></strong></span> <span class='ocrx_word' id='word_1_292' title='bbox 407 3846 568 3912; x_wconf 73' lang='lat' dir='ltr'><strong><em>lentanda</em></strong></span> <span class='ocrx_word' id='word_1_293' title='bbox 594 3849 647 3926; x_wconf 90' lang='lat' dir='ltr'><strong><em>sit,</em></strong></span> <span class='ocrx_word' id='word_1_294' title='bbox 668 3850 710 3913; x_wconf 87' lang='lat' dir='ltr'><strong><em>sio</em></strong></span> <span class='ocrx_word' id='word_1_295' title='bbox 743 3847 977 3928; x_wconf 70' lang='lat' dir='ltr'><strong><em>irreprobamlnm</em></strong></span> <span class='ocrx_word' id='word_1_296' title='bbox 1000 3847 1131 3929; x_wconf 83' lang='lat' dir='ltr'><strong><em>Epienri</em></strong></span> <span class='ocrx_word' id='word_1_297' title='bbox 1157 3853 1383 3929; x_wconf 74' lang='lat' dir='ltr'><strong><em>testamentum,</em></strong></span> 
     </span>
     <span class='ocr_line' id='line_1_35' title="bbox 305 3949 1382 4034; baseline 0.002 -21"><span class='ocrx_word' id='word_1_298' title='bbox 305 3951 337 4013; x_wconf 86' lang='lat' dir='ltr'><strong><em>in</em></strong></span> <span class='ocrx_word' id='word_1_299' title='bbox 359 3969 433 4032; x_wconf 81' lang='lat' dir='ltr'><strong><em>qno,</em></strong></span> <span class='ocrx_word' id='word_1_300' title='bbox 461 3949 513 4032; x_wconf 82' lang='lat' dir='ltr'><strong><em>qni</em></strong></span> <span class='ocrx_word' id='word_1_301' title='bbox 534 3949 611 4014; x_wconf 77' lang='lat' dir='ltr'><strong><em>nitril</em></strong></span> <span class='ocrx_word' id='word_1_302' title='bbox 632 3951 675 4015; x_wconf 80' lang='lat' dir='ltr'><strong><em>aet</em></strong></span> <span class='ocrx_word' id='word_1_303' title='bbox 696 3971 880 4034; x_wconf 76' lang='lat' dir='ltr'><strong><em>qnenmnam</em></strong></span> <span class='ocrx_word' id='word_1_304' title='bbox 894 3955 967 4032; x_wconf 88' lang='lat' dir='ltr'><strong><em>post</em></strong></span> <span class='ocrx_word' id='word_1_305' title='bbox 988 3957 1113 4015; x_wconf 82' lang='lat' dir='ltr'><strong><em>mortem</em></strong></span> <span class='ocrx_word' id='word_1_306' title='bbox 1139 3951 1293 4032; x_wconf 84' lang='lat' dir='ltr'><strong><em>pertimro</em></strong></span> <span class='ocrx_word' id='word_1_307' title='bbox 1312 3957 1382 4016; x_wconf 81' lang='lat' dir='ltr'><strong><em>sta-</em></strong></span> 
     </span>
     <span class='ocr_line' id='line_1_36' title="bbox 305 4052 1381 4140; baseline 0.006 -26"><span class='ocrx_word' id='word_1_308' title='bbox 305 4054 409 4131; x_wconf 84' lang='lat' dir='ltr'><strong><em>tnen&#39;t,</em></strong></span> <span class='ocrx_word' id='word_1_309' title='bbox 443 4058 544 4118; x_wconf 86' lang='lat' dir='ltr'><strong><em>tamen</em></strong></span> <span class='ocrx_word' id='word_1_310' title='bbox 576 4052 731 4136; x_wconf 73' lang='lat' dir='ltr'><strong><em>diliymtor</em></strong></span> <span class='ocrx_word' id='word_1_311' title='bbox 762 4053 799 4117; x_wconf 81' lang='lat' dir='ltr'><strong><em>ele</em></strong></span> <span class='ocrx_word' id='word_1_312' title='bbox 830 4054 976 4118; x_wconf 80' lang='lat' dir='ltr'><strong><em>nnmoria</em></strong></span> <span class='ocrx_word' id='word_1_313' title='bbox 1008 4073 1067 4118; x_wconf 75' lang='lat' dir='ltr'><strong><em>sinn</em></strong></span> <span class='ocrx_word' id='word_1_314' title='bbox 1099 4057 1202 4117; x_wconf 80' lang='lat' dir='ltr'><strong><em>cnseat</em></strong></span> <span class='ocrx_word' id='word_1_315' title='bbox 1234 4054 1279 4134; x_wconf 89' lang='lat' dir='ltr'><strong><em>(o.</em></strong></span> <span class='ocrx_word' id='word_1_316' title='bbox 1303 4057 1381 4140; x_wconf 88' lang='grc'><em>31).</em></span> 
     </span>
     <span class='ocr_line' id='line_1_37' title="bbox 303 4151 1382 4238; baseline 0.004 -22"><span class='ocrx_word' id='word_1_317' title='bbox 303 4151 534 4219; x_wconf 78' lang='lat' dir='ltr'><strong><em>Pmemrnntnr</em></strong></span> <span class='ocrx_word' id='word_1_318' title='bbox 565 4155 685 4233; x_wconf 79' lang='lat' dir='ltr'><strong><em>cleirnle,</em></strong></span> <span class='ocrx_word' id='word_1_319' title='bbox 719 4177 797 4238; x_wconf 70' lang='lat' dir='ltr'><strong><em>qliae</em></strong></span> <span class='ocrx_word' id='word_1_320' title='bbox 818 4178 838 4220; x_wconf 90' lang='lat' dir='ltr'><strong><em>a</em></strong></span> <span class='ocrx_word' id='word_1_321' title='bbox 863 4156 1018 4238; x_wconf 73' lang='lat' dir='ltr'><strong><em>Torqsmto</em></strong></span> <span class='ocrx_word' id='word_1_322' title='bbox 1044 4157 1080 4218; x_wconf 80' lang='lat' dir='ltr'><strong><em>eie</em></strong></span> <span class='ocrx_word' id='word_1_323' title='bbox 1107 4156 1251 4220; x_wconf 87' lang='lat' dir='ltr'><strong><em>memoria</em></strong></span> <span class='ocrx_word' id='word_1_324' title='bbox 1272 4155 1382 4238; x_wconf 74' lang='lat' dir='ltr'><strong><em>solenp-</em></strong></span> 
     </span>
    </p>

    <p class='ocr_par' dir='ltr' id='par_1_3' title="bbox 260 4257 1383 4446">
     <span class='ocr_line' id='line_1_38' title="bbox 304 4257 1382 4343; baseline 0.006 -25"><span class='ocrx_word' id='word_1_325' title='bbox 304 4260 404 4319; x_wconf 84' lang='lat' dir='ltr'><strong><em>tatnm</em></strong></span> <span class='ocrx_word' id='word_1_326' title='bbox 430 4257 511 4320; x_wconf 77' lang='lat' dir='ltr'><strong><em>(licta</em></strong></span> <span class='ocrx_word' id='word_1_327' title='bbox 532 4263 620 4322; x_wconf 73' lang='lat' dir='ltr'><strong><em>orarit</em></strong></span> <span class='ocrx_word' id='word_1_328' title='bbox 642 4259 686 4340; x_wconf 87' lang='lat' dir='ltr'><strong><em>(e.</em></strong></span> <span class='ocrx_word' id='word_1_329' title='bbox 709 4262 772 4343; x_wconf 87' lang='lat'><strong><em>32)</em></strong></span> <span class='ocrx_word' id='word_1_330' title='bbox 799 4267 828 4322; x_wconf 86' lang='lat' dir='ltr'><strong><em>et</em></strong></span> <span class='ocrx_word' id='word_1_331' title='bbox 848 4259 884 4322; x_wconf 78' lang='lat' dir='ltr'><strong><em>‹to</em></strong></span> <span class='ocrx_word' id='word_1_332' title='bbox 905 4259 1001 4322; x_wconf 74' lang='lat' dir='ltr'><strong><em>(anmi</em></strong></span> <span class='ocrx_word' id='word_1_333' title='bbox 1030 4257 1215 4339; x_wconf 81' lang='lat' dir='ltr'><strong><em>rolaptatnm</em></strong></span> <span class='ocrx_word' id='word_1_334' title='bbox 1241 4263 1270 4322; x_wconf 85' lang='lat' dir='ltr'><strong><em>et</em></strong></span> <span class='ocrx_word' id='word_1_335' title='bbox 1295 4257 1382 4325; x_wconf 75' lang='lat' dir='ltr'><strong><em>(loto</em></strong></span> 
     </span>
     <span class='ocr_line' id='line_1_39' title="bbox 260 4345 1383 4446; baseline 0.007 -26"><span class='ocrx_word' id='word_1_336' title='bbox 260 4345 266 4354; x_wconf 54' lang='lat'><strong>¹</strong></span> <span class='ocrx_word' id='word_1_337' title='bbox 305 4379 374 4421; x_wconf 81' lang='lat' dir='ltr'><strong><em>ram</em></strong></span> <span class='ocrx_word' id='word_1_338' title='bbox 407 4379 422 4420; x_wconf 91' lang='lat' dir='ltr'><strong><em>e</em></strong></span> <span class='ocrx_word' id='word_1_339' title='bbox 453 4379 576 4440; x_wconf 82' lang='lat' dir='ltr'><strong><em>corpore</em></strong></span> <span class='ocrx_word' id='word_1_340' title='bbox 607 4361 721 4444; x_wconf 71' lang='lat' dir='ltr'><strong><em>oriqine</em></strong></span> <span class='ocrx_word' id='word_1_341' title='bbox 752 4365 781 4426; x_wconf 85' lang='lat' dir='ltr'><strong><em>et</em></strong></span> <span class='ocrx_word' id='word_1_342' title='bbox 806 4361 1014 4445; x_wconf 73' lang='lat' dir='ltr'><strong><em>rrmynitndine</em></strong></span> <span class='ocrx_word' id='word_1_343' title='bbox 1035 4362 1079 4444; x_wconf 87' lang='lat' dir='ltr'><strong><em>(e.</em></strong></span> <span class='ocrx_word' id='word_1_344' title='bbox 1103 4365 1175 4446; x_wconf 88' lang='lat'><em>33).</em></span> <span class='ocrx_word' id='word_1_345' title='bbox 1218 4359 1383 4428; x_wconf 85' lang='lat' dir='ltr'><strong><em>Peroratio</em></strong></span> 
     </span>
    </p>
   </div>
   <div class='ocr_carea' id='block_1_3' title="bbox 0 0 1495 5020">
    <p class='ocr_par' dir='ltr' id='par_1_4' title="bbox 0 0 1495 5020">
     <span class='ocr_line' id='line_1_40' title="bbox 0 0 1495 5020; baseline 0 0"><span class='ocrx_word' id='word_1_346' title='bbox 0 0 1495 5020; x_wconf 95' lang='lat' dir='ltr'><strong><em> </em></strong></span> 
     </span>
    </p>
   </div>
  </div>
 </body>
</html>
