<?xml version="1.0" encoding="UTF-8"?>
<!DOCTYPE html PUBLIC "-//W3C//DTD XHTML 1.0 Transitional//EN"
    "http://www.w3.org/TR/xhtml1/DTD/xhtml1-transitional.dtd">
<html xmlns="http://www.w3.org/1999/xhtml" xml:lang="en" lang="en">
 <head>
  <title>
</title>
<meta http-equiv="Content-Type" content="text/html;charset=utf-8" />
  <meta name='ocr-system' content='tesseract 3.04.00' />
  <meta name='ocr-capabilities' content='ocr_page ocr_carea ocr_par ocr_line ocrx_word'/>
</head>
<body>
  <div class='ocr_page' id='page_1' title='image "./definibusbonoru04cicegoog_0290.png"; bbox 0 0 2938 5020; ppageno 0'>
   <div class='ocr_carea' id='block_1_1' title="bbox 272 369 958 434">
    <p class='ocr_par' dir='ltr' id='par_1_1' title="bbox 272 369 958 434">
     <span class='ocr_line' id='line_1_1' title="bbox 272 369 958 434; baseline 0.001 -2"><span class='ocrx_word' id='word_1_1' title='bbox 272 369 335 432; x_wconf 79' lang='lat'><strong>212</strong></span> <span class='ocrx_word' id='word_1_2' title='bbox 666 387 711 432; x_wconf 83' lang='lat' dir='ltr'><strong>ne</strong></span> <span class='ocrx_word' id='word_1_3' title='bbox 734 387 864 434; x_wconf 83' lang='lat' dir='ltr'><strong>rrumus</strong></span> <span class='ocrx_word' id='word_1_4' title='bbox 888 387 958 434; x_wconf 78' lang='lat' dir='ltr'><strong>sou.</strong></span> 
     </span>
    </p>
   </div>
   <div class='ocr_carea' id='block_1_2' title="bbox 234 553 1369 1146">
    <p class='ocr_par' dir='ltr' id='par_1_2' title="bbox 272 553 1366 942">
     <span class='ocr_line' id='line_1_2' title="bbox 358 553 1365 636; baseline 0.001 -17"><span class='ocrx_word' id='word_1_5' title='bbox 358 555 443 620; x_wconf 87' lang='lat' dir='ltr'><strong>XIII.</strong></span> <span class='ocrx_word' id='word_1_6' title='bbox 475 556 525 619; x_wconf 85' lang='lat'><strong>39.</strong></span> <span class='ocrx_word' id='word_1_7' title='bbox 570 553 670 619; x_wconf 88' lang='lat' dir='ltr'><strong>Huius</strong></span> <span class='ocrx_word' id='word_1_8' title='bbox 693 573 750 636; x_wconf 82' lang='lat' dir='ltr'><strong>ego</strong></span> <span class='ocrx_word' id='word_1_9' title='bbox 772 574 854 620; x_wconf 86' lang='lat' dir='ltr'><strong>nuno</strong></span> <span class='ocrx_word' id='word_1_10' title='bbox 875 555 1091 620; x_wconf 79' lang='lat' dir='ltr'><strong>auctoritatem</strong></span> <span class='ocrx_word' id='word_1_11' title='bbox 1115 573 1248 636; x_wconf 87' lang='lat' dir='ltr'><strong>sequens</strong></span> <span class='ocrx_word' id='word_1_12' title='bbox 1271 556 1365 620; x_wconf 89' lang='lat' dir='ltr'><strong>idem</strong></span> 
     </span>
     <span class='ocr_line' id='line_1_3' title="bbox 272 655 1365 738; baseline 0.002 -18"><span class='ocrx_word' id='word_1_13' title='bbox 272 655 390 722; x_wconf 82' lang='lat' dir='ltr'><strong>loeium.</strong></span> <span class='ocrx_word' id='word_1_14' title='bbox 436 657 592 734; x_wconf 85' lang='lat' dir='ltr'><strong>Quantum</strong></span> <span class='ocrx_word' id='word_1_15' title='bbox 621 657 702 720; x_wconf 92' lang='lat' dir='ltr'><strong>enim</strong></span> <span class='ocrx_word' id='word_1_16' title='bbox 723 665 849 738; x_wconf 83' lang='lat' dir='ltr'><strong>potere,</strong></span> <span class='ocrx_word' id='word_1_17' title='bbox 883 658 1018 722; x_wconf 80' lang='lat' dir='ltr'><strong>nduuem</strong></span> <span class='ocrx_word' id='word_1_18' title='bbox 1045 658 1259 738; x_wconf 68' lang='lat' dir='ltr'><strong>contentiones</strong></span> <span class='ocrx_word' id='word_1_19' title='bbox 1289 677 1365 722; x_wconf 90' lang='lat' dir='ltr'><strong>om-</strong></span> 
     </span>
     <span class='ocr_line' id='line_1_4' title="bbox 272 757 1366 840; baseline 0.001 -17"><span class='ocrx_word' id='word_1_20' title='bbox 272 776 390 839; x_wconf 88' lang='lat' dir='ltr'><strong>nesque</strong></span> <span class='ocrx_word' id='word_1_21' title='bbox 412 759 580 823; x_wconf 85' lang='lat' dir='ltr'><strong>sententias</strong></span> <span class='ocrx_word' id='word_1_22' title='bbox 603 757 758 839; x_wconf 82' lang='lat' dir='ltr'><strong>simplices</strong></span> <span class='ocrx_word' id='word_1_23' title='bbox 781 777 902 836; x_wconf 87' lang='lat' dir='ltr'><strong>eorum,</strong></span> <span class='ocrx_word' id='word_1_24' title='bbox 934 758 1101 840; x_wconf 88' lang='lat' dir='ltr'><strong>inquibus</strong></span> <span class='ocrx_word' id='word_1_25' title='bbox 1125 759 1209 824; x_wconf 85' lang='lat' dir='ltr'><strong>nula</strong></span> <span class='ocrx_word' id='word_1_26' title='bbox 1224 771 1275 823; x_wconf 87' lang='lat' dir='ltr'><strong>est</strong></span> <span class='ocrx_word' id='word_1_27' title='bbox 1292 761 1366 824; x_wconf 82' lang='lat' dir='ltr'><strong>vir-</strong></span> 
     </span>
     <span class='ocr_line' id='line_1_5' title="bbox 273 859 1366 942; baseline 0.002 -18"><span class='ocrx_word' id='word_1_28' title='bbox 273 861 350 925; x_wconf 88' lang='lat' dir='ltr'><strong>tutis</strong></span> <span class='ocrx_word' id='word_1_29' title='bbox 373 859 538 940; x_wconf 81' lang='lat' dir='ltr'><strong>adiunctio,</strong></span> <span class='ocrx_word' id='word_1_30' title='bbox 566 861 691 926; x_wconf 88' lang='lat' dir='ltr'><strong>omnino</strong></span> <span class='ocrx_word' id='word_1_31' title='bbox 724 878 744 924; x_wconf 85' lang='lat' dir='ltr'>a</span> <span class='ocrx_word' id='word_1_32' title='bbox 771 859 968 941; x_wconf 84' lang='lat' dir='ltr'><strong>philosophia</strong></span> <span class='ocrx_word' id='word_1_33' title='bbox 996 861 1198 925; x_wconf 86' lang='lat' dir='ltr'><strong>semovendas</strong></span> <span class='ocrx_word' id='word_1_34' title='bbox 1225 862 1366 942; x_wconf 77' lang='lat' dir='ltr'><strong>putabo,</strong></span> 
     </span>
    </p>

    <p class='ocr_par' dir='ltr' id='par_1_3' title="bbox 234 963 1369 1146">
     <span class='ocr_line' id='line_1_6' title="bbox 234 963 1369 1044; baseline -0.002 -14"><span class='ocrx_word' id='word_1_35' title='bbox 234 963 408 1044; x_wconf 75' lang='lat' dir='ltr'><strong>bprimum</strong></span> <span class='ocrx_word' id='word_1_36' title='bbox 429 963 581 1044; x_wconf 82' lang='lat' dir='ltr'><strong>Aristippi</strong></span> <span class='ocrx_word' id='word_1_37' title='bbox 605 963 906 1044; x_wconf 79' lang='lat' dir='ltr'><strong>Cyrenaicorumque</strong></span> <span class='ocrx_word' id='word_1_38' title='bbox 928 963 1078 1042; x_wconf 89' lang='lat' dir='ltr'><strong>omnium,</strong></span> <span class='ocrx_word' id='word_1_39' title='bbox 1111 980 1190 1044; x_wconf 83' lang='lat' dir='ltr'><strong>quos</strong></span> <span class='ocrx_word' id='word_1_40' title='bbox 1218 982 1279 1027; x_wconf 91' lang='lat' dir='ltr'><strong>uon</strong></span> <span class='ocrx_word' id='word_1_41' title='bbox 1312 972 1369 1028; x_wconf 87' lang='lat' dir='ltr'><strong>est</strong></span> 
     </span>
     <span class='ocr_line' id='line_1_7' title="bbox 273 1064 1368 1146; baseline 0.002 -18"><span class='ocrx_word' id='word_1_42' title='bbox 273 1065 405 1129; x_wconf 85' lang='lat' dir='ltr'><strong>veritum</strong></span> <span class='ocrx_word' id='word_1_43' title='bbox 432 1065 462 1128; x_wconf 96' lang='lat' dir='ltr'><strong>in</strong></span> <span class='ocrx_word' id='word_1_44' title='bbox 491 1083 529 1129; x_wconf 85' lang='lat' dir='ltr'><strong>ea</strong></span> <span class='ocrx_word' id='word_1_45' title='bbox 556 1065 730 1145; x_wconf 84' lang='lat' dir='ltr'><strong>voluptate,</strong></span> <span class='ocrx_word' id='word_1_46' title='bbox 764 1084 844 1146; x_wconf 86' lang='lat' dir='ltr'><strong>quae</strong></span> <span class='ocrx_word' id='word_1_47' title='bbox 877 1065 1010 1128; x_wconf 82' lang='lat' dir='ltr'><strong>maximo</strong></span> <span class='ocrx_word' id='word_1_48' title='bbox 1037 1064 1200 1130; x_wconf 88' lang='lat' dir='ltr'><strong>dulcedine</strong></span> <span class='ocrx_word' id='word_1_49' title='bbox 1227 1083 1368 1130; x_wconf 88' lang='lat' dir='ltr'><strong>sensum</strong></span> 
     </span>
    </p>
   </div>
   <div class='ocr_carea' id='block_1_3' title="bbox 274 1283 1369 1541">
    <p class='ocr_par' dir='ltr' id='par_1_4' title="bbox 274 1283 1369 1541">
     <span class='ocr_line' id='line_1_8' title="bbox 345 1283 1368 1350; baseline 0.004 -16"><span class='ocrx_word' id='word_1_50' title='bbox 345 1290 366 1334; x_wconf 82' lang='lat' dir='ltr'><strong>l.</strong></span> <span class='ocrx_word' id='word_1_51' title='bbox 386 1301 440 1350; x_wconf 80' lang='lat' dir='ltr'><strong>erpo</strong></span> <span class='ocrx_word' id='word_1_52' title='bbox 460 1286 479 1335; x_wconf 89' lang='lat' dir='ltr'>C</span> <span class='ocrx_word' id='word_1_53' title='bbox 516 1289 537 1332; x_wconf 71' lang='lat'><strong>2.</strong></span> <span class='ocrx_word' id='word_1_54' title='bbox 559 1303 599 1350; x_wconf 76' lang='lat' dir='ltr'><strong>eqo</strong></span> <span class='ocrx_word' id='word_1_55' title='bbox 618 1291 671 1350; x_wconf 77' lang='lat' dir='ltr'><strong>ipro</strong></span> <span class='ocrx_word' id='word_1_56' title='bbox 690 1285 761 1348; x_wconf 71' lang='lat' dir='ltr'><strong>enim)</strong></span> <span class='ocrx_word' id='word_1_57' title='bbox 781 1285 801 1336; x_wconf 89' lang='lat' dir='ltr'>C</span> <span class='ocrx_word' id='word_1_58' title='bbox 820 1300 869 1334; x_wconf 87' lang='lat' dir='ltr'><strong>om.</strong></span> <span class='ocrx_word' id='word_1_59' title='bbox 889 1285 910 1333; x_wconf 86' lang='lat' dir='ltr'>P</span> <span class='ocrx_word' id='word_1_60' title='bbox 937 1283 1368 1349; x_wconf 77' lang='lat' dir='ltr'><strong>³.et&#39;utpl.sentent.ELPMCROr.</strong></span> 
     </span>
     <span class='ocr_line' id='line_1_9' title="bbox 274 1352 1369 1470; baseline 0 -66"><span class='ocrx_word' id='word_1_61' title='bbox 274 1352 390 1470; x_wconf 46' lang='lat' dir='ltr'><strong>titestAEA</strong></span> <span class='ocrx_word' id='word_1_62' title='bbox 406 1355 449 1435; x_wconf 66' lang='lat' dir='ltr'><strong>tir.</strong></span> <span class='ocrx_word' id='word_1_63' title='bbox 486 1357 511 1404; x_wconf 80' lang='lat'><strong>4.</strong></span> <span class='ocrx_word' id='word_1_64' title='bbox 530 1354 621 1402; x_wconf 71' lang='lat' dir='ltr'><strong>optumo</strong></span> <span class='ocrx_word' id='word_1_65' title='bbox 639 1353 760 1402; x_wconf 70' lang='lat' dir='ltr'><strong>adiumtt&#39;o</strong></span> <span class='ocrx_word' id='word_1_66' title='bbox 779 1355 800 1402; x_wconf 86' lang='lat' dir='ltr'>E</span> <span class='ocrx_word' id='word_1_67' title='bbox 839 1353 982 1402; x_wconf 73' lang='lat' dir='ltr'><strong>eerrrovenda</strong></span> <span class='ocrx_word' id='word_1_68' title='bbox 1001 1355 1019 1402; x_wconf 88' lang='grc' dir='ltr'>Ε</span> <span class='ocrx_word' id='word_1_69' title='bbox 1062 1359 1085 1405; x_wconf 82' lang='grc'><strong>5.</strong></span> <span class='ocrx_word' id='word_1_70' title='bbox 1100 1353 1201 1418; x_wconf 79' lang='lat' dir='ltr'><strong>primum</strong></span> <span class='ocrx_word' id='word_1_71' title='bbox 1223 1382 1251 1390; x_wconf 94' lang='lat'>—</span> <span class='ocrx_word' id='word_1_72' title='bbox 1270 1371 1369 1418; x_wconf 70' lang='lat' dir='ltr'><strong>ponem</strong></span> 
     </span>
     <span class='ocr_line' id='line_1_10' title="bbox 274 1420 1368 1541; baseline 0.001 -72"><span class='ocrx_word' id='word_1_73' title='bbox 274 1423 456 1541; x_wconf 50' lang='lat' dir='ltr'><strong>gite&#39;tmplnguec</strong></span> <span class='ocrx_word' id='word_1_74' title='bbox 460 1421 520 1482; x_wconf 89' lang='lat' dir='ltr'><strong>XV,</strong></span> <span class='ocrx_word' id='word_1_75' title='bbox 541 1427 579 1474; x_wconf 79' lang='grc'><strong>18.</strong></span> <span class='ocrx_word' id='word_1_76' title='bbox 610 1420 671 1488; x_wconf 85' lang='lat' dir='ltr'><strong>[Cir.</strong></span> <span class='ocrx_word' id='word_1_77' title='bbox 691 1425 817 1486; x_wconf 80' lang='lat' dir='ltr'><strong>Anonym.</strong></span> <span class='ocrx_word' id='word_1_78' title='bbox 837 1424 863 1471; x_wconf 92' lang='lat' dir='ltr'><strong>in</strong></span> <span class='ocrx_word' id='word_1_79' title='bbox 883 1421 997 1474; x_wconf 76' lang='lat' dir='ltr'><strong>lindlich.</strong></span> <span class='ocrx_word' id='word_1_80' title='bbox 1014 1422 1090 1471; x_wconf 80' lang='lat' dir='ltr'><strong>Anni.</strong></span> <span class='ocrx_word' id='word_1_81' title='bbox 1109 1421 1223 1473; x_wconf 82' lang='lat' dir='ltr'><strong>Gremm.</strong></span> <span class='ocrx_word' id='word_1_82' title='bbox 1243 1438 1261 1486; x_wconf 89' lang='lat' dir='ltr'><strong>p</strong></span> <span class='ocrx_word' id='word_1_83' title='bbox 1288 1423 1368 1489; x_wconf 74' lang='grc'><strong>166]</strong></span> 
     </span>
    </p>
   </div>
   <div class='ocr_carea' id='block_1_4' title="bbox 270 1696 1376 4422">
    <p class='ocr_par' dir='ltr' id='par_1_5' title="bbox 270 1696 1376 3905">
     <span class='ocr_line' id='line_1_11' title="bbox 361 1696 1370 1774; baseline -0.003 -17"><span class='ocrx_word' id='word_1_84' title='bbox 361 1697 434 1774; x_wconf 83' lang='lat' dir='ltr'><strong>Cap.</strong></span> <span class='ocrx_word' id='word_1_85' title='bbox 457 1699 548 1768; x_wconf 83' lang='lat' dir='ltr'><strong>XIII,</strong></span> <span class='ocrx_word' id='word_1_86' title='bbox 573 1697 622 1754; x_wconf 85' lang='lat'><strong>39.</strong></span> <span class='ocrx_word' id='word_1_87' title='bbox 665 1701 809 1754; x_wconf 73' lang='lat' dir='ltr'><strong>senitentias</strong></span> <span class='ocrx_word' id='word_1_88' title='bbox 831 1717 930 1768; x_wconf 81' lang='lat' dir='ltr'><strong>eorrrm,</strong></span> <span class='ocrx_word' id='word_1_89' title='bbox 953 1701 980 1753; x_wconf 85' lang='lat' dir='ltr'><strong>in</strong></span> <span class='ocrx_word' id='word_1_90' title='bbox 1003 1696 1114 1774; x_wconf 69' lang='lat' dir='ltr'><strong>peribus)</strong></span> <span class='ocrx_word' id='word_1_91' title='bbox 1131 1698 1207 1754; x_wconf 88' lang='lat' dir='ltr'><strong>Mire</strong></span> <span class='ocrx_word' id='word_1_92' title='bbox 1230 1707 1261 1753; x_wconf 89' lang='lat' dir='ltr'><strong>et</strong></span> <span class='ocrx_word' id='word_1_93' title='bbox 1277 1697 1370 1763; x_wconf 84' lang='lat' dir='ltr'><strong>dure,</strong></span> 
     </span>
     <span class='ocr_line' id='line_1_12' title="bbox 275 1777 1370 1859; baseline -0.002 -17"><span class='ocrx_word' id='word_1_94' title='bbox 275 1777 453 1842; x_wconf 79' lang='lat' dir='ltr'><strong>cumeorum</strong></span> <span class='ocrx_word' id='word_1_95' title='bbox 481 1784 523 1840; x_wconf 89' lang='lat' dir='ltr'><strong>sie</strong></span> <span class='ocrx_word' id='word_1_96' title='bbox 546 1783 702 1859; x_wconf 81' lang='lat' dir='ltr'><strong>posuisset,</strong></span> <span class='ocrx_word' id='word_1_97' title='bbox 725 1792 757 1839; x_wconf 91' lang='lat' dir='ltr'><strong>ut</strong></span> <span class='ocrx_word' id='word_1_98' title='bbox 779 1783 904 1839; x_wconf 82' lang='lat' dir='ltr'><strong>relativo</strong></span> <span class='ocrx_word' id='word_1_99' title='bbox 927 1783 1027 1839; x_wconf 80' lang='lat' dir='ltr'><strong>addito</strong></span> <span class='ocrx_word' id='word_1_100' title='bbox 1056 1783 1252 1839; x_wconf 83' lang='lat' dir='ltr'><strong>deliniendum</strong></span> <span class='ocrx_word' id='word_1_101' title='bbox 1270 1793 1370 1854; x_wconf 83' lang='lat' dir='ltr'><strong>esset,</strong></span> 
     </span>
     <span class='ocr_line' id='line_1_13' title="bbox 275 1868 1370 1942; baseline -0.002 -15"><span class='ocrx_word' id='word_1_102' title='bbox 275 1870 433 1927; x_wconf 76' lang='lat' dir='ltr'><strong>relativum</strong></span> <span class='ocrx_word' id='word_1_103' title='bbox 455 1869 493 1925; x_wconf 81' lang='lat' dir='ltr'><strong>ed</strong></span> <span class='ocrx_word' id='word_1_104' title='bbox 516 1871 658 1925; x_wconf 80' lang='lat' dir='ltr'><strong>sententiae</strong></span> <span class='ocrx_word' id='word_1_105' title='bbox 680 1868 804 1938; x_wconf 88' lang='lat' dir='ltr'><strong>rettulit,</strong></span> <span class='ocrx_word' id='word_1_106' title='bbox 828 1869 912 1942; x_wconf 83' lang='lat' dir='ltr'><strong>quasi</strong></span> <span class='ocrx_word' id='word_1_107' title='bbox 935 1868 1059 1925; x_wconf 85' lang='lat' dir='ltr'><strong>dixisset</strong></span> <span class='ocrx_word' id='word_1_108' title='bbox 1082 1871 1291 1925; x_wconf 73' lang='lat' dir='ltr'><strong>seroteutioseas.</strong></span> <span class='ocrx_word' id='word_1_109' title='bbox 1326 1869 1370 1925; x_wconf 87' lang='lat' dir='ltr'><strong>Et</strong></span> 
     </span>
     <span class='ocr_line' id='line_1_14' title="bbox 276 1953 1370 2030; baseline -0.002 -18"><span class='ocrx_word' id='word_1_110' title='bbox 276 1955 457 2012; x_wconf 83' lang='lat' dir='ltr'><strong>commodius</strong></span> <span class='ocrx_word' id='word_1_111' title='bbox 480 1954 522 2012; x_wconf 89' lang='lat' dir='ltr'><strong>sie</strong></span> <span class='ocrx_word' id='word_1_112' title='bbox 546 1954 728 2028; x_wconf 80' lang='lat' dir='ltr'><strong>scripsisset3</strong></span> <span class='ocrx_word' id='word_1_113' title='bbox 752 1972 819 2010; x_wconf 88' lang='lat' dir='ltr'><strong>nem</strong></span> <span class='ocrx_word' id='word_1_114' title='bbox 842 1953 974 2030; x_wconf 85' lang='lat' dir='ltr'><strong>putidius</strong></span> <span class='ocrx_word' id='word_1_115' title='bbox 997 1963 1074 2009; x_wconf 84' lang='lat' dir='ltr'><strong>eret:</strong></span> <span class='ocrx_word' id='word_1_116' title='bbox 1108 1957 1134 2010; x_wconf 77' lang='lat' dir='ltr'><strong>in</strong></span> <span class='ocrx_word' id='word_1_117' title='bbox 1163 1973 1276 2027; x_wconf 73' lang='lat' dir='ltr'><strong>prrorruu</strong></span> <span class='ocrx_word' id='word_1_118' title='bbox 1301 1974 1370 2010; x_wconf 72' lang='lat' dir='ltr'><strong>sert-</strong></span> 
     </span>
     <span class='ocr_line' id='line_1_15' title="bbox 276 2037 1370 2114; baseline -0.001 -17"><span class='ocrx_word' id='word_1_119' title='bbox 276 2043 371 2098; x_wconf 80' lang='lat' dir='ltr'><strong>tentiis.</strong></span> <span class='ocrx_word' id='word_1_120' title='bbox 416 2040 517 2097; x_wconf 90' lang='lat' dir='ltr'><strong>Minus</strong></span> <span class='ocrx_word' id='word_1_121' title='bbox 539 2037 710 2096; x_wconf 84' lang='lat' dir='ltr'><strong>offensionis</strong></span> <span class='ocrx_word' id='word_1_122' title='bbox 728 2058 764 2096; x_wconf 84' lang='lat' dir='ltr'><strong>ea</strong></span> <span class='ocrx_word' id='word_1_123' title='bbox 786 2039 923 2114; x_wconf 85' lang='lat' dir='ltr'><strong>exempla</strong></span> <span class='ocrx_word' id='word_1_124' title='bbox 945 2039 1069 2108; x_wconf 81' lang='lat' dir='ltr'><strong>habent,</strong></span> <span class='ocrx_word' id='word_1_125' title='bbox 1099 2039 1130 2094; x_wconf 91' lang='lat' dir='ltr'><strong>in</strong></span> <span class='ocrx_word' id='word_1_126' title='bbox 1153 2038 1260 2112; x_wconf 87' lang='lat' dir='ltr'><strong>quibus</strong></span> <span class='ocrx_word' id='word_1_127' title='bbox 1282 2040 1370 2096; x_wconf 80' lang='lat' dir='ltr'><strong>rele-</strong></span> 
     </span>
     <span class='ocr_line' id='line_1_16' title="bbox 276 2123 1370 2200; baseline -0.001 -17"><span class='ocrx_word' id='word_1_128' title='bbox 276 2127 370 2183; x_wconf 86' lang='lat' dir='ltr'><strong>tivum</strong></span> <span class='ocrx_word' id='word_1_129' title='bbox 392 2144 451 2182; x_wconf 90' lang='lat' dir='ltr'><strong>non</strong></span> <span class='ocrx_word' id='word_1_130' title='bbox 474 2123 601 2181; x_wconf 81' lang='lat' dir='ltr'><strong>refertur</strong></span> <span class='ocrx_word' id='word_1_131' title='bbox 617 2125 654 2180; x_wconf 86' lang='lat' dir='ltr'><strong>ad</strong></span> <span class='ocrx_word' id='word_1_132' title='bbox 666 2126 735 2182; x_wconf 80' lang='lat' dir='ltr'><strong>illud</strong></span> <span class='ocrx_word' id='word_1_133' title='bbox 745 2124 882 2181; x_wconf 79' lang='lat' dir='ltr'><strong>universe</strong></span> <span class='ocrx_word' id='word_1_134' title='bbox 894 2124 931 2180; x_wconf 79' lang='lat' dir='ltr'><strong>sd</strong></span> <span class='ocrx_word' id='word_1_135' title='bbox 944 2143 1050 2180; x_wconf 82' lang='lat' dir='ltr'><strong>novam</strong></span> <span class='ocrx_word' id='word_1_136' title='bbox 1062 2141 1125 2180; x_wconf 90' lang='lat' dir='ltr'><strong>rem</strong></span> <span class='ocrx_word' id='word_1_137' title='bbox 1137 2124 1370 2200; x_wconf 75' lang='lat' dir='ltr'><strong>significandam</strong></span> 
     </span>
     <span class='ocr_line' id='line_1_17' title="bbox 276 2209 1372 2287; baseline -0.002 -19"><span class='ocrx_word' id='word_1_138' title='bbox 276 2209 481 2287; x_wconf 85' lang='lat' dir='ltr'><strong>praemissum,</strong></span> <span class='ocrx_word' id='word_1_139' title='bbox 504 2209 556 2266; x_wconf 86' lang='lat' dir='ltr'><strong>sed</strong></span> <span class='ocrx_word' id='word_1_140' title='bbox 578 2211 615 2266; x_wconf 86' lang='lat' dir='ltr'><strong>ad</strong></span> <span class='ocrx_word' id='word_1_141' title='bbox 637 2228 803 2285; x_wconf 86' lang='lat' dir='ltr'><strong>personam,</strong></span> <span class='ocrx_word' id='word_1_142' title='bbox 828 2210 910 2266; x_wconf 81' lang='lat' dir='ltr'><strong>velut</strong></span> <span class='ocrx_word' id='word_1_143' title='bbox 937 2209 986 2266; x_wconf 92' lang='lat' dir='ltr'><strong>III</strong></span> <span class='ocrx_word' id='word_1_144' title='bbox 1015 2209 1051 2264; x_wconf 90' lang='lat' dir='ltr'><strong>de</strong></span> <span class='ocrx_word' id='word_1_145' title='bbox 1074 2209 1157 2266; x_wconf 79' lang='lat' dir='ltr'><strong>Orat.</strong></span> <span class='ocrx_word' id='word_1_146' title='bbox 1184 2212 1258 2265; x_wconf 80' lang='lat'>184:</span> <span class='ocrx_word' id='word_1_147' title='bbox 1291 2213 1372 2266; x_wconf 76' lang='lat' dir='ltr'><strong>illud</strong></span> 
     </span>
     <span class='ocr_line' id='line_1_18' title="bbox 277 2293 1371 2370; baseline 0 -18"><span class='ocrx_word' id='word_1_148' title='bbox 277 2299 408 2352; x_wconf 65' lang='lat' dir='ltr'><strong>mserum</strong></span> <span class='ocrx_word' id='word_1_149' title='bbox 435 2295 627 2369; x_wconf 72' lang='lat' dir='ltr'><strong>llaeoplrosto,</strong></span> <span class='ocrx_word' id='word_1_150' title='bbox 651 2299 700 2369; x_wconf 83' lang='lat' dir='ltr'><strong>qui</strong></span> <span class='ocrx_word' id='word_1_151' title='bbox 716 2306 806 2370; x_wconf 68' lang='lat' dir='ltr'><strong>perlat,</strong></span> <span class='ocrx_word' id='word_1_152' title='bbox 830 2305 885 2351; x_wconf 88' lang='lat' dir='ltr'><strong>oet.</strong></span> <span class='ocrx_word' id='word_1_153' title='bbox 909 2294 973 2370; x_wconf 89' lang='lat' dir='ltr'><strong>(ubi</strong></span> <span class='ocrx_word' id='word_1_154' title='bbox 996 2293 1230 2350; x_wconf 79' lang='lat' dir='ltr'><strong>Henrichsenius</strong></span> <span class='ocrx_word' id='word_1_155' title='bbox 1248 2296 1371 2370; x_wconf 82' lang='lat' dir='ltr'><strong>ascrip-</strong></span> 
     </span>
     <span class='ocr_line' id='line_1_19' title="bbox 279 2379 1371 2455; baseline -0.002 -17"><span class='ocrx_word' id='word_1_156' title='bbox 279 2383 318 2438; x_wconf 88' lang='lat' dir='ltr'><strong>sit</strong></span> <span class='ocrx_word' id='word_1_157' title='bbox 340 2381 372 2438; x_wconf 92' lang='grc' dir='ltr'><em>Π</em></span> <span class='ocrx_word' id='word_1_158' title='bbox 394 2381 430 2436; x_wconf 90' lang='lat' dir='ltr'><strong>de</strong></span> <span class='ocrx_word' id='word_1_159' title='bbox 454 2379 506 2438; x_wconf 88' lang='lat' dir='ltr'><strong>Or.</strong></span> <span class='ocrx_word' id='word_1_160' title='bbox 520 2381 580 2437; x_wconf 84' lang='lat'><strong>313</strong></span> <span class='ocrx_word' id='word_1_161' title='bbox 603 2390 633 2436; x_wconf 91' lang='lat' dir='ltr'><strong>et</strong></span> <span class='ocrx_word' id='word_1_162' title='bbox 656 2381 691 2436; x_wconf 89' lang='lat' dir='ltr'><strong>de</strong></span> <span class='ocrx_word' id='word_1_163' title='bbox 713 2399 798 2455; x_wconf 88' lang='lat' dir='ltr'><strong>prov.</strong></span> <span class='ocrx_word' id='word_1_164' title='bbox 821 2381 1055 2438; x_wconf 60' lang='lat' dir='ltr'><strong>consiliumne</strong></span> <span class='ocrx_word' id='word_1_165' title='bbox 1077 2383 1220 2436; x_wconf 75' lang='lat' dir='ltr'><strong>sententiae</strong></span> <span class='ocrx_word' id='word_1_166' title='bbox 1242 2383 1371 2436; x_wconf 70' lang='lat' dir='ltr'><strong>tironem</strong></span> 
     </span>
     <span class='ocr_line' id='line_1_20' title="bbox 277 2463 1371 2543; baseline -0.002 -19"><span class='ocrx_word' id='word_1_167' title='bbox 277 2469 487 2524; x_wconf 73' lang='lat' dir='ltr'><strong>clarissimo-rum</strong></span> <span class='ocrx_word' id='word_1_168' title='bbox 512 2497 560 2524; x_wconf 88' lang='lat'><strong>—.</strong></span> <span class='ocrx_word' id='word_1_169' title='bbox 584 2485 712 2540; x_wconf 61' lang='lat' dir='ltr'><strong>quomrum</strong></span> <span class='ocrx_word' id='word_1_170' title='bbox 735 2463 826 2543; x_wconf 82' lang='lat' dir='ltr'><strong>[addo</strong></span> <span class='ocrx_word' id='word_1_171' title='bbox 849 2466 887 2522; x_wconf 85' lang='lat' dir='ltr'><strong>ad</strong></span> <span class='ocrx_word' id='word_1_172' title='bbox 910 2465 992 2522; x_wconf 81' lang='lat' dir='ltr'><strong>Fam.</strong></span> <span class='ocrx_word' id='word_1_173' title='bbox 1015 2466 1040 2530; x_wconf 83' lang='lat' dir='ltr'><strong>I,</strong></span> <span class='ocrx_word' id='word_1_174' title='bbox 1066 2465 1093 2528; x_wconf 84' lang='grc'><strong>9,</strong></span> <span class='ocrx_word' id='word_1_175' title='bbox 1121 2465 1168 2532; x_wconf 77' lang='lat'><strong>13,</strong></span> <span class='ocrx_word' id='word_1_176' title='bbox 1194 2464 1260 2522; x_wconf 83' lang='lat' dir='ltr'><strong>Cet.</strong></span> <span class='ocrx_word' id='word_1_177' title='bbox 1280 2464 1371 2543; x_wconf 84' lang='lat'><strong>85]).</strong></span> 
     </span>
     <span class='ocr_line' id='line_1_21' title="bbox 280 2549 1372 2628; baseline -0.003 -17"><span class='ocrx_word' id='word_1_178' title='bbox 280 2552 339 2612; x_wconf 88' lang='lat' dir='ltr'><strong>Sed</strong></span> <span class='ocrx_word' id='word_1_179' title='bbox 360 2569 455 2628; x_wconf 80' lang='lat' dir='ltr'><strong>poene</strong></span> <span class='ocrx_word' id='word_1_180' title='bbox 478 2551 583 2608; x_wconf 88' lang='lat' dir='ltr'><strong>similis</strong></span> <span class='ocrx_word' id='word_1_181' title='bbox 606 2551 809 2626; x_wconf 82' lang='lat' dir='ltr'><strong>neglegentiae</strong></span> <span class='ocrx_word' id='word_1_182' title='bbox 833 2561 861 2607; x_wconf 90' lang='lat' dir='ltr'><strong>et</strong></span> <span class='ocrx_word' id='word_1_183' title='bbox 873 2551 999 2608; x_wconf 81' lang='lat' dir='ltr'><strong>duritiae</strong></span> <span class='ocrx_word' id='word_1_184' title='bbox 1012 2559 1057 2607; x_wconf 90' lang='lat' dir='ltr'><strong>est</strong></span> <span class='ocrx_word' id='word_1_185' title='bbox 1078 2551 1134 2606; x_wconf 89' lang='lat' dir='ltr'><strong>hoc</strong></span> <span class='ocrx_word' id='word_1_186' title='bbox 1155 2549 1186 2606; x_wconf 90' lang='lat' dir='ltr'><strong>in</strong></span> <span class='ocrx_word' id='word_1_187' title='bbox 1210 2559 1285 2606; x_wconf 85' lang='lat' dir='ltr'><strong>oret.</strong></span> <span class='ocrx_word' id='word_1_188' title='bbox 1311 2571 1372 2626; x_wconf 88' lang='lat' dir='ltr'><strong>pro</strong></span> 
     </span>
     <span class='ocr_line' id='line_1_22' title="bbox 279 2635 1371 2710; baseline -0.003 -15"><span class='ocrx_word' id='word_1_189' title='bbox 279 2639 374 2695; x_wconf 79' lang='lat' dir='ltr'><strong>Balbo</strong></span> <span class='ocrx_word' id='word_1_190' title='bbox 389 2638 443 2694; x_wconf 77' lang='lat'><strong>32:</strong></span> <span class='ocrx_word' id='word_1_191' title='bbox 476 2635 615 2704; x_wconf 79' lang='lat' dir='ltr'><strong>Quaedam</strong></span> <span class='ocrx_word' id='word_1_192' title='bbox 632 2638 748 2710; x_wconf 76' lang='lat' dir='ltr'><strong>J&#39;oedera</strong></span> <span class='ocrx_word' id='word_1_193' title='bbox 770 2647 876 2704; x_wconf 66' lang='lat' dir='ltr'><strong>escunt,</strong></span> <span class='ocrx_word' id='word_1_194' title='bbox 901 2645 929 2692; x_wconf 86' lang='lat' dir='ltr'><strong>ut</strong></span> <span class='ocrx_word' id='word_1_195' title='bbox 954 2637 1172 2696; x_wconf 77' lang='lat' dir='ltr'><strong>Certomouorum,</strong></span> <span class='ocrx_word' id='word_1_196' title='bbox 1197 2637 1371 2706; x_wconf 75' lang='lat' dir='ltr'><strong>Insubrium,</strong></span> 
     </span>
     <span class='ocr_line' id='line_1_23' title="bbox 279 2721 1372 2797; baseline -0.002 -17"><span class='ocrx_word' id='word_1_197' title='bbox 279 2725 473 2786; x_wconf 81' lang='lat' dir='ltr'><strong>Heluetiorum,</strong></span> <span class='ocrx_word' id='word_1_198' title='bbox 508 2723 649 2797; x_wconf 79' lang='lat' dir='ltr'><strong>sapidum.</strong></span> <span class='ocrx_word' id='word_1_199' title='bbox 683 2723 867 2778; x_wconf 78' lang='lat' dir='ltr'><strong>uorcuuilorum</strong></span> <span class='ocrx_word' id='word_1_200' title='bbox 897 2723 955 2776; x_wconf 82' lang='lat' dir='ltr'><strong>item</strong></span> <span class='ocrx_word' id='word_1_201' title='bbox 984 2741 1017 2777; x_wconf 75' lang='lat' dir='ltr'><strong>er</strong></span> <span class='ocrx_word' id='word_1_202' title='bbox 1054 2721 1146 2778; x_wconf 77' lang='lat' dir='ltr'><strong>Gallia</strong></span> <span class='ocrx_word' id='word_1_203' title='bbox 1175 2721 1372 2783; x_wconf 74' lang='lat' dir='ltr'><strong>tarum-ormo.</strong></span> 
     </span>
     <span class='ocr_line' id='line_1_24' title="bbox 279 2805 1372 2884; baseline -0.003 -19"><span class='ocrx_word' id='word_1_204' title='bbox 279 2811 442 2884; x_wconf 71' lang='lat' dir='ltr'><strong>quercuum</strong></span> <span class='ocrx_word' id='word_1_205' title='bbox 459 2808 617 2882; x_wconf 80' lang='lat' dir='ltr'><strong>foederibus</strong></span> <span class='ocrx_word' id='word_1_206' title='bbox 639 2817 774 2882; x_wconf 66' lang='lat' dir='ltr'><strong>exceptum</strong></span> <span class='ocrx_word' id='word_1_207' title='bbox 799 2818 838 2862; x_wconf 81' lang='lat' dir='ltr'><strong>eol</strong></span> <span class='ocrx_word' id='word_1_208' title='bbox 861 2816 931 2871; x_wconf 88' lang='lat' dir='ltr'><strong>cet.;</strong></span> <span class='ocrx_word' id='word_1_209' title='bbox 966 2805 1092 2863; x_wconf 81' lang='lat' dir='ltr'><strong>debebat</strong></span> <span class='ocrx_word' id='word_1_210' title='bbox 1120 2806 1197 2862; x_wconf 89' lang='lat' dir='ltr'><strong>enim</strong></span> <span class='ocrx_word' id='word_1_211' title='bbox 1221 2825 1303 2862; x_wconf 86' lang='lat' dir='ltr'><strong>esse:</strong></span> <span class='ocrx_word' id='word_1_212' title='bbox 1344 2811 1372 2862; x_wconf 83' lang='lat' dir='ltr'><strong>in</strong></span> 
     </span>
     <span class='ocr_line' id='line_1_25' title="bbox 270 2891 1372 2970; baseline -0.002 -20"><span class='ocrx_word' id='word_1_213' title='bbox 270 2895 391 2970; x_wconf 59' lang='lat' dir='ltr'><strong>‚putidum</strong></span> <span class='ocrx_word' id='word_1_214' title='bbox 424 2891 544 2950; x_wconf 84' lang='lat' dir='ltr'><strong>nomino</strong></span> <span class='ocrx_word' id='word_1_215' title='bbox 577 2903 675 2948; x_wconf 81' lang='lat' dir='ltr'><strong>temen</strong></span> <span class='ocrx_word' id='word_1_216' title='bbox 709 2891 864 2949; x_wconf 81' lang='lat' dir='ltr'><strong>interiecta</strong></span> <span class='ocrx_word' id='word_1_217' title='bbox 890 2893 1050 2948; x_wconf 82' lang='lat' dir='ltr'><strong>obscurant</strong></span> <span class='ocrx_word' id='word_1_218' title='bbox 1077 2891 1181 2948; x_wconf 89' lang='lat' dir='ltr'><strong>vitium</strong></span> <span class='ocrx_word' id='word_1_219' title='bbox 1210 2891 1372 2948; x_wconf 80' lang='lat' dir='ltr'><strong>orationis.</strong></span> 
     </span>
     <span class='ocr_line' id='line_1_26' title="bbox 279 2977 1372 3054; baseline -0.002 -17"><span class='ocrx_word' id='word_1_220' title='bbox 279 2979 360 3037; x_wconf 86' lang='lat' dir='ltr'><strong>Illud</strong></span> <span class='ocrx_word' id='word_1_221' title='bbox 382 2996 502 3054; x_wconf 89' lang='lat' dir='ltr'><strong>prorsus</strong></span> <span class='ocrx_word' id='word_1_222' title='bbox 525 2978 619 3035; x_wconf 90' lang='lat' dir='ltr'><strong>nostri</strong></span> <span class='ocrx_word' id='word_1_223' title='bbox 641 2977 699 3034; x_wconf 92' lang='lat' dir='ltr'><strong>loci</strong></span> <span class='ocrx_word' id='word_1_224' title='bbox 721 2977 816 3034; x_wconf 90' lang='lat' dir='ltr'><strong>simile</strong></span> <span class='ocrx_word' id='word_1_225' title='bbox 834 2977 921 3033; x_wconf 86' lang='lat' dir='ltr'><strong>etiam</strong></span> <span class='ocrx_word' id='word_1_226' title='bbox 935 2978 964 3033; x_wconf 93' lang='lat' dir='ltr'><strong>in</strong></span> <span class='ocrx_word' id='word_1_227' title='bbox 977 2977 1150 3052; x_wconf 92' lang='lat' dir='ltr'><strong>pronomine</strong></span> <span class='ocrx_word' id='word_1_228' title='bbox 1162 2995 1260 3034; x_wconf 76' lang='lat' dir='ltr'><strong>eorum.</strong></span> <span class='ocrx_word' id='word_1_229' title='bbox 1285 2977 1372 3050; x_wconf 90' lang='lat' dir='ltr'><strong>quod</strong></span> 
     </span>
     <span class='ocr_line' id='line_1_27' title="bbox 280 3062 1373 3139; baseline -0.003 -17"><span class='ocrx_word' id='word_1_230' title='bbox 280 3065 311 3122; x_wconf 92' lang='lat' dir='ltr'><strong>in</strong></span> <span class='ocrx_word' id='word_1_231' title='bbox 335 3064 437 3122; x_wconf 83' lang='lat' dir='ltr'><strong>eedem</strong></span> <span class='ocrx_word' id='word_1_232' title='bbox 460 3063 592 3120; x_wconf 85' lang='lat' dir='ltr'><strong>oratione</strong></span> <span class='ocrx_word' id='word_1_233' title='bbox 614 3062 793 3139; x_wconf 84' lang='lat' dir='ltr'><strong>legitur48:</strong></span> <span class='ocrx_word' id='word_1_234' title='bbox 817 3062 889 3119; x_wconf 70' lang='lat' dir='ltr'><strong>Nerui</strong></span> <span class='ocrx_word' id='word_1_235' title='bbox 913 3066 1085 3136; x_wconf 72' lang='lat' dir='ltr'><strong>qrct&#39;seorum,</strong></span> <span class='ocrx_word' id='word_1_236' title='bbox 1109 3063 1201 3136; x_wconf 81' lang='lat' dir='ltr'><strong>quide</strong></span> <span class='ocrx_word' id='word_1_237' title='bbox 1211 3063 1373 3135; x_wconf 65' lang='lat' dir='ltr'><strong>pudentis</strong></span> 
     </span>
     <span class='ocr_line' id='line_1_28' title="bbox 280 3147 1374 3222; baseline -0.005 -14"><span class='ocrx_word' id='word_1_238' title='bbox 280 3151 430 3208; x_wconf 67' lang='lat' dir='ltr'><strong>cicitutt&#39;bus</strong></span> <span class='ocrx_word' id='word_1_239' title='bbox 453 3160 520 3206; x_wconf 82' lang='lat' dir='ltr'><strong>esset</strong></span> <span class='ocrx_word' id='word_1_240' title='bbox 541 3152 645 3205; x_wconf 80' lang='lat' dir='ltr'><strong>ciuitate</strong></span> <span class='ocrx_word' id='word_1_241' title='bbox 667 3149 796 3215; x_wconf 65' lang='lat' dir='ltr'><strong>docentus,</strong></span> <span class='ocrx_word' id='word_1_242' title='bbox 820 3151 845 3204; x_wconf 82' lang='lat' dir='ltr'><strong>iu</strong></span> <span class='ocrx_word' id='word_1_243' title='bbox 869 3149 994 3204; x_wconf 80' lang='lat' dir='ltr'><strong>iruiicium</strong></span> <span class='ocrx_word' id='word_1_244' title='bbox 1023 3158 1063 3204; x_wconf 84' lang='lat' dir='ltr'><strong>est</strong></span> <span class='ocrx_word' id='word_1_245' title='bbox 1084 3155 1211 3203; x_wconf 75' lang='lat' dir='ltr'><strong>vocotus!</strong></span> <span class='ocrx_word' id='word_1_246' title='bbox 1253 3147 1374 3222; x_wconf 87' lang='lat' dir='ltr'><strong>Incipit</strong></span> 
     </span>
     <span class='ocr_line' id='line_1_29' title="bbox 281 3233 1376 3314; baseline -0.005 -21"><span class='ocrx_word' id='word_1_247' title='bbox 281 3235 438 3314; x_wconf 83' lang='lat' dir='ltr'><strong>agenoris</strong></span> <span class='ocrx_word' id='word_1_248' title='bbox 460 3234 640 3304; x_wconf 86' lang='lat' dir='ltr'><strong>delinitione,</strong></span> <span class='ocrx_word' id='word_1_249' title='bbox 664 3252 739 3308; x_wconf 83' lang='lat' dir='ltr'><strong>quoe</strong></span> <span class='ocrx_word' id='word_1_250' title='bbox 762 3234 835 3289; x_wconf 79' lang='lat' dir='ltr'><strong>haec</strong></span> <span class='ocrx_word' id='word_1_251' title='bbox 852 3242 910 3289; x_wconf 90' lang='lat' dir='ltr'><strong>est:</strong></span> <span class='ocrx_word' id='word_1_252' title='bbox 933 3253 1031 3300; x_wconf 72' lang='lat' dir='ltr'><strong>emmiu,</strong></span> <span class='ocrx_word' id='word_1_253' title='bbox 1055 3235 1104 3306; x_wconf 83' lang='lat' dir='ltr'><strong>qui</strong></span> <span class='ocrx_word' id='word_1_254' title='bbox 1120 3242 1248 3288; x_wconf 85' lang='lat' dir='ltr'><strong>-eruut</strong></span> <span class='ocrx_word' id='word_1_255' title='bbox 1271 3233 1376 3289; x_wconf 56' lang='lat' dir='ltr'><strong>emirati</strong></span> 
     </span>
     <span class='ocr_line' id='line_1_30' title="bbox 282 3316 1372 3403; baseline -0.004 -25"><span class='ocrx_word' id='word_1_256' title='bbox 282 3319 355 3403; x_wconf 91' lang='lat' dir='ltr'><strong>(non</strong></span> <span class='ocrx_word' id='word_1_257' title='bbox 378 3316 492 3398; x_wconf 83' lang='lat' dir='ltr'><strong>esseut);</strong></span> <span class='ocrx_word' id='word_1_258' title='bbox 515 3319 622 3376; x_wconf 83' lang='lat' dir='ltr'><strong>transit</strong></span> <span class='ocrx_word' id='word_1_259' title='bbox 643 3319 681 3375; x_wconf 82' lang='lat' dir='ltr'><strong>ed</strong></span> <span class='ocrx_word' id='word_1_260' title='bbox 703 3337 793 3375; x_wconf 90' lang='lat' dir='ltr'><strong>unum</strong></span> <span class='ocrx_word' id='word_1_261' title='bbox 816 3319 954 3392; x_wconf 80' lang='lat' dir='ltr'><strong>aliquem,</strong></span> <span class='ocrx_word' id='word_1_262' title='bbox 979 3318 1014 3374; x_wconf 88' lang='lat' dir='ltr'><strong>de</strong></span> <span class='ocrx_word' id='word_1_263' title='bbox 1037 3337 1095 3391; x_wconf 90' lang='lat' dir='ltr'><strong>quo</strong></span> <span class='ocrx_word' id='word_1_264' title='bbox 1113 3327 1192 3374; x_wconf 87' lang='lat' dir='ltr'><strong>recte</strong></span> <span class='ocrx_word' id='word_1_265' title='bbox 1205 3317 1372 3389; x_wconf 81' lang='lat' dir='ltr'><strong>diceretur,</strong></span> 
     </span>
     <span class='ocr_line' id='line_1_31' title="bbox 281 3401 1374 3481; baseline -0.005 -17"><span class='ocrx_word' id='word_1_266' title='bbox 281 3408 391 3464; x_wconf 90' lang='lat' dir='ltr'><strong>omisso</strong></span> <span class='ocrx_word' id='word_1_267' title='bbox 413 3425 517 3462; x_wconf 75' lang='lat' dir='ltr'><strong>emncrn:</strong></span> <span class='ocrx_word' id='word_1_268' title='bbox 540 3425 603 3460; x_wconf 80' lang='lat' dir='ltr'><strong>utun</strong></span> <span class='ocrx_word' id='word_1_269' title='bbox 625 3407 695 3478; x_wconf 81' lang='lat' dir='ltr'><strong>quis,</strong></span> <span class='ocrx_word' id='word_1_270' title='bbox 719 3407 768 3478; x_wconf 81' lang='lat' dir='ltr'><strong>qui</strong></span> <span class='ocrx_word' id='word_1_271' title='bbox 789 3413 843 3460; x_wconf 88' lang='lat' dir='ltr'><strong>etc.</strong></span> <span class='ocrx_word' id='word_1_272' title='bbox 867 3401 947 3481; x_wconf 84' lang='lat' dir='ltr'><strong>[Lex</strong></span> <span class='ocrx_word' id='word_1_273' title='bbox 970 3403 1091 3476; x_wconf 78' lang='lat' dir='ltr'><strong>antique</strong></span> <span class='ocrx_word' id='word_1_274' title='bbox 1108 3413 1210 3478; x_wconf 90' lang='lat' dir='ltr'><strong>repet..</strong></span> <span class='ocrx_word' id='word_1_275' title='bbox 1228 3402 1374 3459; x_wconf 88' lang='lat' dir='ltr'><strong>Momms.</strong></span> 
     </span>
     <span class='ocr_line' id='line_1_32' title="bbox 282 3487 1376 3564; baseline -0.004 -16"><span class='ocrx_word' id='word_1_276' title='bbox 282 3493 375 3549; x_wconf 89' lang='lat' dir='ltr'><strong>Inscr.</strong></span> <span class='ocrx_word' id='word_1_277' title='bbox 403 3491 482 3548; x_wconf 77' lang='lat' dir='ltr'><strong>Lau.</strong></span> <span class='ocrx_word' id='word_1_278' title='bbox 509 3506 538 3548; x_wconf 90' lang='lat' dir='ltr'><strong>n.</strong></span> <span class='ocrx_word' id='word_1_279' title='bbox 572 3490 631 3546; x_wconf 89' lang='grc'><strong>198</strong></span> <span class='ocrx_word' id='word_1_280' title='bbox 654 3509 682 3545; x_wconf 87' lang='lat' dir='ltr'><strong>v.</strong></span> <span class='ocrx_word' id='word_1_281' title='bbox 707 3490 769 3560; x_wconf 20' lang='lat'><strong>832,</strong></span> <span class='ocrx_word' id='word_1_282' title='bbox 801 3489 835 3546; x_wconf 85' lang='lat' dir='ltr'><strong>Si</strong></span> <span class='ocrx_word' id='word_1_283' title='bbox 855 3492 916 3564; x_wconf 79' lang='lat' dir='ltr'><strong>quis</strong></span> <span class='ocrx_word' id='word_1_284' title='bbox 938 3507 1036 3559; x_wconf 65' lang='lat' dir='ltr'><strong>cortem,</strong></span> <span class='ocrx_word' id='word_1_285' title='bbox 1065 3491 1114 3562; x_wconf 81' lang='lat' dir='ltr'><strong>qui</strong></span> <span class='ocrx_word' id='word_1_286' title='bbox 1139 3490 1203 3545; x_wconf 64' lang='lat' dir='ltr'><strong>mois</strong></span> <span class='ocrx_word' id='word_1_287' title='bbox 1225 3487 1376 3544; x_wconf 79' lang='lat' dir='ltr'><strong>Romanus</strong></span> 
     </span>
     <span class='ocr_line' id='line_1_33' title="bbox 282 3572 1374 3648; baseline -0.005 -14"><span class='ocrx_word' id='word_1_288' title='bbox 282 3597 334 3634; x_wconf 71' lang='lat' dir='ltr'><strong>noir</strong></span> <span class='ocrx_word' id='word_1_289' title='bbox 356 3579 413 3639; x_wconf 76' lang='lat' dir='ltr'><strong>em&#39;t,</strong></span> <span class='ocrx_word' id='word_1_290' title='bbox 436 3597 470 3634; x_wconf 78' lang='lat' dir='ltr'><strong>ee</strong></span> <span class='ocrx_word' id='word_1_291' title='bbox 492 3577 543 3632; x_wconf 80' lang='lat' dir='ltr'><strong>hac</strong></span> <span class='ocrx_word' id='word_1_292' title='bbox 566 3577 620 3648; x_wconf 78' lang='lat' dir='ltr'><strong>lepe</strong></span> <span class='ocrx_word' id='word_1_293' title='bbox 642 3581 696 3631; x_wconf 76' lang='lat' dir='ltr'><strong>cet.</strong></span> <span class='ocrx_word' id='word_1_294' title='bbox 741 3574 873 3631; x_wconf 76' lang='lat' dir='ltr'><strong>Eandem</strong></span> <span class='ocrx_word' id='word_1_295' title='bbox 895 3573 1020 3630; x_wconf 82' lang='lat' dir='ltr'><strong>formam</strong></span> <span class='ocrx_word' id='word_1_296' title='bbox 1048 3573 1164 3630; x_wconf 83' lang='lat' dir='ltr'><strong>codices</strong></span> <span class='ocrx_word' id='word_1_297' title='bbox 1191 3572 1303 3629; x_wconf 82' lang='lat' dir='ltr'><strong>hebent</strong></span> <span class='ocrx_word' id='word_1_298' title='bbox 1335 3573 1374 3629; x_wconf 87' lang='lat' dir='ltr'><strong>de</strong></span> 
     </span>
     <span class='ocr_line' id='line_1_34' title="bbox 284 3660 1376 3734; baseline -0.006 -13"><span class='ocrx_word' id='word_1_299' title='bbox 284 3662 505 3734; x_wconf 83' lang='lat' dir='ltr'><strong>Orat.111,16:</strong></span> <span class='ocrx_word' id='word_1_300' title='bbox 528 3663 551 3717; x_wconf 83' lang='lat' dir='ltr'><strong>is</strong></span> <span class='ocrx_word' id='word_1_301' title='bbox 574 3663 623 3716; x_wconf 75' lang='lat' dir='ltr'><strong>em&#39;t</strong></span> <span class='ocrx_word' id='word_1_302' title='bbox 644 3680 678 3716; x_wconf 76' lang='lat' dir='ltr'><strong>eu</strong></span> <span class='ocrx_word' id='word_1_303' title='bbox 694 3663 736 3730; x_wconf 79' lang='lat' dir='ltr'><strong>iis,</strong></span> <span class='ocrx_word' id='word_1_304' title='bbox 759 3663 808 3734; x_wconf 81' lang='lat' dir='ltr'><strong>qrri</strong></span> <span class='ocrx_word' id='word_1_305' title='bbox 828 3670 875 3716; x_wconf 89' lang='lat' dir='ltr'><strong>aut</strong></span> <span class='ocrx_word' id='word_1_306' title='bbox 896 3661 956 3715; x_wconf 82' lang='lat' dir='ltr'><strong>illos</strong></span> <span class='ocrx_word' id='word_1_307' title='bbox 978 3679 1029 3715; x_wconf 82' lang='lat' dir='ltr'><strong>nou</strong></span> <span class='ocrx_word' id='word_1_308' title='bbox 1051 3660 1167 3715; x_wconf 75' lang='lat' dir='ltr'><strong>auclierit</strong></span> <span class='ocrx_word' id='word_1_309' title='bbox 1188 3667 1236 3714; x_wconf 72' lang='lat' dir='ltr'><strong>ortt</strong></span> <span class='ocrx_word' id='word_1_310' title='bbox 1247 3660 1376 3715; x_wconf 79' lang='lat' dir='ltr'><strong>iudicare</strong></span> 
     </span>
     <span class='ocr_line' id='line_1_35' title="bbox 284 3742 1374 3824; baseline -0.005 -19"><span class='ocrx_word' id='word_1_311' title='bbox 284 3769 336 3806; x_wconf 81' lang='lat' dir='ltr'><strong>nou</strong></span> <span class='ocrx_word' id='word_1_312' title='bbox 353 3745 465 3824; x_wconf 79' lang='lat' dir='ltr'><strong>possit]</strong></span> <span class='ocrx_word' id='word_1_313' title='bbox 515 3746 562 3803; x_wconf 88' lang='lat' dir='ltr'><strong>Ex</strong></span> <span class='ocrx_word' id='word_1_314' title='bbox 590 3745 693 3802; x_wconf 89' lang='lat' dir='ltr'><strong>eodem</strong></span> <span class='ocrx_word' id='word_1_315' title='bbox 720 3764 827 3821; x_wconf 82' lang='lat' dir='ltr'><strong>genere</strong></span> <span class='ocrx_word' id='word_1_316' title='bbox 856 3744 973 3801; x_wconf 86' lang='lat' dir='ltr'><strong>relativi</strong></span> <span class='ocrx_word' id='word_1_317' title='bbox 1000 3763 1059 3801; x_wconf 90' lang='lat' dir='ltr'><strong>non</strong></span> <span class='ocrx_word' id='word_1_318' title='bbox 1087 3751 1223 3800; x_wconf 82' lang='lat' dir='ltr'><strong>accurate</strong></span> <span class='ocrx_word' id='word_1_319' title='bbox 1245 3742 1374 3801; x_wconf 89' lang='lat' dir='ltr'><strong>demon·</strong></span> 
     </span>
     <span class='ocr_line' id='line_1_36' title="bbox 285 3829 1190 3905; baseline -0.01 -13"><span class='ocrx_word' id='word_1_320' title='bbox 285 3833 409 3893; x_wconf 84' lang='lat' dir='ltr'><strong>stretivo</strong></span> <span class='ocrx_word' id='word_1_321' title='bbox 432 3831 539 3890; x_wconf 88' lang='lat' dir='ltr'><strong>redditi</strong></span> <span class='ocrx_word' id='word_1_322' title='bbox 562 3841 634 3902; x_wconf 82' lang='lat' dir='ltr'><strong>eret,</strong></span> <span class='ocrx_word' id='word_1_323' title='bbox 658 3831 737 3905; x_wconf 90' lang='lat' dir='ltr'><strong>quod</strong></span> <span class='ocrx_word' id='word_1_324' title='bbox 759 3831 789 3887; x_wconf 91' lang='lat' dir='ltr'><strong>in</strong></span> <span class='ocrx_word' id='word_1_325' title='bbox 812 3830 879 3887; x_wconf 92' lang='lat' dir='ltr'><strong>libr.</strong></span> <span class='ocrx_word' id='word_1_326' title='bbox 900 3829 927 3900; x_wconf 88' lang='lat' dir='ltr'><strong>I,</strong></span> <span class='ocrx_word' id='word_1_327' title='bbox 951 3829 990 3886; x_wconf 82' lang='lat'><strong>55</strong></span> <span class='ocrx_word' id='word_1_328' title='bbox 1014 3829 1190 3886; x_wconf 73' lang='lat' dir='ltr'><strong>notavimus.</strong></span> 
     </span>
    </p>

    <p class='ocr_par' dir='ltr' id='par_1_6' title="bbox 286 3911 1376 4422">
     <span class='ocr_line' id='line_1_37' title="bbox 370 3911 1374 3995; baseline -0.006 -20"><span class='ocrx_word' id='word_1_329' title='bbox 370 3921 446 3976; x_wconf 83' lang='lat' dir='ltr'><strong>nullu</strong></span> <span class='ocrx_word' id='word_1_330' title='bbox 467 3915 520 3995; x_wconf 80' lang='lat' dir='ltr'><strong>eet)</strong></span> <span class='ocrx_word' id='word_1_331' title='bbox 566 3917 616 3976; x_wconf 89' lang='lat' dir='ltr'><strong>Sic</strong></span> <span class='ocrx_word' id='word_1_332' title='bbox 638 3915 703 3972; x_wconf 89' lang='lat' dir='ltr'><strong>edd.</strong></span> <span class='ocrx_word' id='word_1_333' title='bbox 725 3925 794 3972; x_wconf 84' lang='lat' dir='ltr'><strong>ente</strong></span> <span class='ocrx_word' id='word_1_334' title='bbox 817 3915 898 3974; x_wconf 87' lang='lat' dir='ltr'><strong>Cret.</strong></span> <span class='ocrx_word' id='word_1_335' title='bbox 921 3923 1039 3971; x_wconf 89' lang='lat' dir='ltr'><strong>etcum</strong></span> <span class='ocrx_word' id='word_1_336' title='bbox 1063 3914 1135 3971; x_wconf 92' lang='lat' dir='ltr'><strong>meis</strong></span> <span class='ocrx_word' id='word_1_337' title='bbox 1152 3912 1235 3970; x_wconf 87' lang='lat' dir='ltr'><strong>codd.</strong></span> <span class='ocrx_word' id='word_1_338' title='bbox 1248 3911 1374 3970; x_wconf 84' lang='lat' dir='ltr'><strong>Oxonn.</strong></span> 
     </span>
     <span class='ocr_line' id='line_1_38' title="bbox 286 3997 1375 4076; baseline -0.006 -14"><span class='ocrx_word' id='word_1_339' title='bbox 286 4023 401 4073; x_wconf 83' lang='lat' dir='ltr'><strong>omnes3</strong></span> <span class='ocrx_word' id='word_1_340' title='bbox 434 4007 502 4060; x_wconf 83' lang='lat' dir='ltr'><strong>inest</strong></span> <span class='ocrx_word' id='word_1_341' title='bbox 528 4020 547 4059; x_wconf 78' lang='lat' dir='ltr'><strong>a</strong></span> <span class='ocrx_word' id='word_1_342' title='bbox 575 4001 655 4061; x_wconf 82' lang='lat' dir='ltr'><strong>Crat</strong></span> <span class='ocrx_word' id='word_1_343' title='bbox 682 4009 835 4076; x_wconf 79' lang='lat' dir='ltr'><strong>acceptum</strong></span> <span class='ocrx_word' id='word_1_344' title='bbox 869 4017 971 4058; x_wconf 89' lang='lat' dir='ltr'><strong>omnes</strong></span> <span class='ocrx_word' id='word_1_345' title='bbox 999 4008 1117 4075; x_wconf 83' lang='lat' dir='ltr'><strong>praeter</strong></span> <span class='ocrx_word' id='word_1_346' title='bbox 1144 3997 1312 4056; x_wconf 79' lang='lat' dir='ltr'><strong>Manutium</strong></span> <span class='ocrx_word' id='word_1_347' title='bbox 1344 4009 1375 4056; x_wconf 90' lang='lat' dir='ltr'><strong>et</strong></span> 
     </span>
     <span class='ocr_line' id='line_1_39' title="bbox 286 4084 1375 4160; baseline -0.005 -15"><span class='ocrx_word' id='word_1_348' title='bbox 286 4089 462 4146; x_wconf 83' lang='lat' dir='ltr'><strong>Lernbinum</strong></span> <span class='ocrx_word' id='word_1_349' title='bbox 492 4095 664 4160; x_wconf 90' lang='lat' dir='ltr'><strong>tenuerunt,</strong></span> <span class='ocrx_word' id='word_1_350' title='bbox 704 4087 794 4144; x_wconf 85' lang='lat' dir='ltr'><strong>ceteri</strong></span> <span class='ocrx_word' id='word_1_351' title='bbox 822 4085 917 4156; x_wconf 80' lang='lat' dir='ltr'><strong>taciti,</strong></span> <span class='ocrx_word' id='word_1_352' title='bbox 953 4084 1047 4143; x_wconf 87' lang='lat' dir='ltr'><strong>Gzius</strong></span> <span class='ocrx_word' id='word_1_353' title='bbox 1079 4085 1110 4140; x_wconf 94' lang='lat' dir='ltr'><strong>in</strong></span> <span class='ocrx_word' id='word_1_354' title='bbox 1138 4091 1280 4157; x_wconf 78' lang='lat' dir='ltr'><strong>quattuor</strong></span> <span class='ocrx_word' id='word_1_355' title='bbox 1310 4085 1375 4140; x_wconf 87' lang='lat' dir='ltr'><strong>suis</strong></span> 
     </span>
     <span class='ocr_line' id='line_1_40' title="bbox 286 4165 1375 4248; baseline -0.006 -17"><span class='ocrx_word' id='word_1_356' title='bbox 286 4192 351 4231; x_wconf 88' lang='lat' dir='ltr'><strong>esse</strong></span> <span class='ocrx_word' id='word_1_357' title='bbox 373 4183 500 4244; x_wconf 82' lang='lat' dir='ltr'><strong>testeus,</strong></span> <span class='ocrx_word' id='word_1_358' title='bbox 523 4173 603 4248; x_wconf 89' lang='lat' dir='ltr'><strong>quod</strong></span> <span class='ocrx_word' id='word_1_359' title='bbox 618 4173 670 4229; x_wconf 87' lang='lat' dir='ltr'><strong>vix</strong></span> <span class='ocrx_word' id='word_1_360' title='bbox 692 4172 833 4229; x_wconf 89' lang='lat' dir='ltr'><strong>credibile</strong></span> <span class='ocrx_word' id='word_1_361' title='bbox 856 4181 909 4243; x_wconf 89' lang='lat' dir='ltr'><strong>est,</strong></span> <span class='ocrx_word' id='word_1_362' title='bbox 933 4170 1011 4246; x_wconf 87' lang='lat' dir='ltr'><strong>Spir.</strong></span> <span class='ocrx_word' id='word_1_363' title='bbox 1034 4171 1071 4226; x_wconf 83' lang='lat' dir='ltr'><strong>eb</strong></span> <span class='ocrx_word' id='word_1_364' title='bbox 1094 4169 1156 4226; x_wconf 87' lang='lat' dir='ltr'><strong>Erl.</strong></span> <span class='ocrx_word' id='word_1_365' title='bbox 1178 4167 1222 4246; x_wconf 89' lang='lat' dir='ltr'><strong>[et</strong></span> <span class='ocrx_word' id='word_1_366' title='bbox 1245 4165 1297 4245; x_wconf 89' lang='lat' dir='ltr'><strong>B],</strong></span> <span class='ocrx_word' id='word_1_367' title='bbox 1321 4169 1375 4225; x_wconf 90' lang='lat' dir='ltr'><strong>de-</strong></span> 
     </span>
     <span class='ocr_line' id='line_1_41' title="bbox 286 4252 1376 4336; baseline -0.006 -20"><span class='ocrx_word' id='word_1_368' title='bbox 286 4259 446 4316; x_wconf 83' lang='lat' dir='ltr'><strong>terioresa</strong></span> <span class='ocrx_word' id='word_1_369' title='bbox 467 4258 541 4315; x_wconf 91' lang='lat' dir='ltr'><strong>meis</strong></span> <span class='ocrx_word' id='word_1_370' title='bbox 564 4267 593 4315; x_wconf 90' lang='lat' dir='ltr'><strong>et</strong></span> <span class='ocrx_word' id='word_1_371' title='bbox 605 4257 684 4316; x_wconf 86' lang='lat' dir='ltr'><strong>Oxx.</strong></span> <span class='ocrx_word' id='word_1_372' title='bbox 706 4256 888 4314; x_wconf 86' lang='lat' dir='ltr'><strong>dissensisse.</strong></span> <span class='ocrx_word' id='word_1_373' title='bbox 922 4252 966 4336; x_wconf 78' lang='lat' dir='ltr'><strong>[A</strong></span> <span class='ocrx_word' id='word_1_374' title='bbox 981 4265 1080 4312; x_wconf 78' lang='lat' dir='ltr'><strong>temen</strong></span> <span class='ocrx_word' id='word_1_375' title='bbox 1097 4257 1171 4311; x_wconf 82' lang='lat' dir='ltr'><strong>inest.</strong></span> <span class='ocrx_word' id='word_1_376' title='bbox 1200 4253 1247 4311; x_wconf 84' lang='lat' dir='ltr'><strong>Ex</strong></span> <span class='ocrx_word' id='word_1_377' title='bbox 1265 4253 1376 4310; x_wconf 88' lang='lat' dir='ltr'><strong>eodem</strong></span> 
     </span>
     <span class='ocr_line' id='line_1_42' title="bbox 288 4338 730 4422; baseline -0.007 -20"><span class='ocrx_word' id='word_1_378' title='bbox 288 4361 367 4402; x_wconf 89' lang='lat' dir='ltr'><strong>nuno</strong></span> <span class='ocrx_word' id='word_1_379' title='bbox 389 4345 517 4419; x_wconf 87' lang='lat' dir='ltr'><strong>positum</strong></span> <span class='ocrx_word' id='word_1_380' title='bbox 539 4353 603 4401; x_wconf 83' lang='lat' dir='ltr'><strong>rent.</strong></span> <span class='ocrx_word' id='word_1_381' title='bbox 627 4338 730 4422; x_wconf 80' lang='lat' dir='ltr'><strong>simpl]</strong></span> 
     </span>
    </p>
   </div>
   <div class='ocr_carea' id='block_1_5' title="bbox 0 0 1492 5020">
    <p class='ocr_par' dir='ltr' id='par_1_7' title="bbox 0 0 1492 5020">
     <span class='ocr_line' id='line_1_43' title="bbox 0 0 1492 5020; baseline 0 0"><span class='ocrx_word' id='word_1_382' title='bbox 0 0 1492 5020; x_wconf 95' lang='lat' dir='ltr'><strong> </strong></span> 
     </span>
    </p>
   </div>
  </div>
 </body>
</html>
