2938 5020
330 397 388 460 158
656 405 658 410 ’
719 415 764 460 oa
786 413 916 462 mutnus
938 415 1010 460 nou.

326 582 520 663 voluptas.
554 581 636 646 Huic
657 582 752 646 verbo
774 601 891 661 omnes,
913 582 966 662 qui
988 581 1102 663 ubique
1124 590 1206 662 sunt,
1228 583 1282 665 qui
1292 582 1406 648 Latine

326 685 438 762 sciunt,
460 684 541 748 duas
563 703 615 748 res
637 683 800 762 subiciunt,
821 682 970 749 laetitiam
992 682 1024 748 in
1036 683 1148 762 animo,
1170 685 1405 750 commotionem

328 804 452 850 suavem
473 784 675 850 iucunditatis
696 785 729 850 in
751 803 892 866 corpore.
924 785 1005 849 Nam
1027 790 1060 850 et
1079 785 1132 851 ille
1153 787 1238 868 apud
1249 787 1404 852 Trabeam

327 887 565 967 voluptatem
587 887 702 952 animi
724 886 875 952 nimiam
897 886 1047 952 laetitiam
1058 887 1141 966 dicit,
1153 890 1292 968 eandem,
1309 906 1405 968 quam

288 989 377 1054 aitte
399 987 605 1068 Caecilianus,
638 989 691 1070 qm
719 989 893 1054 omnibus
920 988 1091 1054 laetitiis
1113 988 1253 1054 laetum
1276 1009 1349 1055 esse
1372 1007 1406 1053 se

259 1107 264 1116 ·
327 1099 443 1156 narrat
489 1089 551 1156 Sed
577 1090 637 1156 hoc
663 1091 807 1168 interest,
840 1089 924 1170 quod
951 1090 1095 1171 voluptas
1123 1090 1235 1156 dicitur
1257 1091 1352 1155 etiam
1375 1090 1406 1154 in

326 1193 429 1256 annno
452 1191 578 1272 (vitiosa
600 1209 668 1270 res,
696 1197 732 1256 ut
754 1191 847 1256 Stoici
868 1199 990 1273 putant,
1013 1191 1065 1273 qui
1087 1211 1156 1257 cam
1178 1193 1222 1258 sio
1244 1191 1407 1268 definiunt,

398 1434 420 1482 l.
439 1428 481 1494 qni
496 1427 554 1481 Lat.
572 1447 607 1481 rc.
625 1429 667 1492 pai
682 1430 719 1481 ab.
732 1429 824 1478 matll
875 1433 898 1482 2.
917 1426 1032 1478 laett'tr'ram
1054 1432 1148 1482 om.C
1200 1431 1407 1480 ratiocinationem

329 1505 382 1563 ipro
400 1499 579 1557 commotioneml
600 1497 643 1546 Pu
683 1501 705 1544 8.
726 1496 819 1547 meaad.
838 1499 971 1546 roacamE
996 1497 1149 1548 iocunditatis
1167 1501 1255 1552 om.L
1308 1504 1333 1548 4.
1352 1497 1407 1547 laet.

327 1567 516 1616 omuPMcR
568 1569 592 1617 6.
629 1566 712 1628 quael,
766 1563 947 1617 7.at'c0m.E

413 1805 486 1862 dom
508 1815 532 1862 et
554 1808 597 1862 ille
618 1807 695 1880 opud
720 1801 868 1884 Trabeam)
891 1805 938 1862 De
960 1816 993 1876 et,
1016 1807 1063 1862 cui
1079 1806 1258 1882 respondere
1280 1807 1407 1863 debebat

327 1891 452 1949 alterum
475 1901 499 1948 et
520 1889 550 1946 in
574 1909 609 1948 ea
625 1891 780 1960 sententia,
808 1909 868 1965 qua
883 1891 919 1947 de
931 1909 1053 1966 corpore
1065 1890 1273 1966 explicaretur,
1295 1892 1406 1948 dictum

328 1987 372 2034 est
394 1977 424 2032 in
447 1995 510 2032 exc.
533 1975 571 2032 ad
593 1976 618 2046 1,
632 1976 682 2032 23.
715 1975 1155 2034 Trabeaecomioiversuefere
1177 1977 1292 2053 integer
1308 1976 1407 2052 prodit

328 2080 344 2118 e
372 2062 460 2119 Tusa.
488 2062 548 2132 IV,
579 2061 633 2118 35:
667 2072 697 2117 ut
722 2064 779 2132 itte,
818 2063 867 2134 qai
898 2064 1104 2136 voluptatem
1136 2065 1242 2118 animi
1273 2065 1405 2118 rrimiam

327 2166 486 2204 arrrramam
513 2165 588 2203 case
619 2165 766 2204 errorem
792 2146 956 2214 arbitratum
984 2146 1100 2204 initium
1127 2147 1187 2203 tale
1214 2145 1321 2204 fuisse:
1345 2147 1407 2218 Epo

329 2235 487 2305 tetraptotam
514 2234 598 2287 animi
624 2234 741 2302 niarium,
770 2243 893 2306 apparet
915 2250 952 2288 ex
975 2231 1007 2288 11
1030 2233 1067 2288 ad
1084 2231 1167 2288 Fam.
1191 2232 1219 2303 9,
1244 2232 1272 2288 2.
1294 2232 1406 2288 Recen·

328 2316 418 2372 tiores
440 2315 567 2372 editores
595 2316 668 2372 haec
696 2315 738 2372 sic
765 2313 930 2372 litterarum
958 2315 1062 2374 tonnis
1090 2316 1287 2392 distingvunt,
1323 2316 1406 2390 quasi

328 2403 456 2458 laetitiam
478 2401 613 2457 Trebeae
636 2401 757 2457 verbum
781 2401 829 2470 sit,
853 2419 940 2474 quem
962 2401 1067 2459 Cicero
1089 2401 1315 2476 interpretatur,
1339 2419 1403 2457 cunt

328 2571 458 2628 brevitas
481 2570 510 2626 in
533 2572 641 2628 dicmdi
662 2571 767 2641 verbo,
796 2589 856 2644 qua
877 2571 943 2647 ipse
964 2571 1079 2628 dicendi
1102 2581 1133 2628 et
1154 2571 1339 2648 significandi
1362 2571 1404 2628 in-

329 2655 545 2732 tellegandique
562 2665 694 2730 potestas
721 2655 873 2712 conflatur.
923 2657 1069 2712 Laetitiam
1098 2659 1206 2712 rrirnmm
1233 2665 1404 2732 transpone-

329 2742 416 2798 batur
437 2749 505 2796 ante
528 2740 709 2810 Victorium;
732 2741 757 2797 is
780 2760 796 2796 e
819 2740 920 2797 codice
942 2741 1117 2810 emendavit,
1141 2741 1292 2815 secutique
1315 2740 1403 2797 ceteri

329 2835 412 2896 sunt,
447 2826 483 2882 de
511 2825 595 2882 codd.
617 2835 763 2894 tacentem
786 2834 910 2900 apparet
924 2845 962 2882 ex
979 2825 1041 2882 Eri.
1059 2823 1159 2904 [etA]
1182 2826 1211 2884 in
1234 2826 1405 2883 melioribus

330 2923 441 2968 rectum
464 2908 564 2967 fuisse.
608 2909 732 2968 Caecilii
754 2928 871 2985 quoque
894 2909 983 2969 Statii
1005 2929 1121 2968 versum
1134 2910 1239 2970 Cicero
1260 2911 1291 2968 in
1303 2911 1403 2967 eadem

331 2997 458 3072 epistula
480 2995 639 3071 significat:
663 2996 780 3070 Baretta
801 3014 863 3052 cero
879 2998 975 3052 incessi
996 2997 1146 3052 oarar'bas
1169 2999 1333 3064 laetitiis3
1356 2995 1402 3052 nbi

330 3081 444 3139 etiamsi
467 3084 564 3138 irrceasi
583 3098 700 3155 quoque
723 3099 741 3137 a
763 3087 851 3155 poeta
872 3089 1021 3157 sumptum
1043 3091 1178 3155 putetur,
1213 3081 1285 3138 nihil
1309 3091 1403 3138 tannen

329 3176 383 3237 est,
406 3185 459 3223 cur
481 3166 633 3222 credamus
655 3175 708 3223 aut
728 3164 906 3242 perfectum,
940 3166 1018 3239 quod
1042 3165 1146 3224 Cicero
1174 3167 1211 3222 ad
1239 3185 1322 3223 suam
1345 3183 1403 3222 rem

330 3252 549 3308 accommodate
583 3250 695 3325 posuit,
729 3251 808 3326 apud
836 3257 952 3326 poetam
979 3250 1071 3308 fuisso
1093 3251 1197 3308 antid
1219 3249 1404 3308 verbumhic

331 3355 446 3411 quoquc
469 3355 487 3392 a
510 3335 652 3394 Cicerone
675 3335 803 3411 positum
827 3353 900 3392 esse.
944 3336 1020 3392 Dico
1043 3345 1165 3412 propter
1187 3335 1304 3394 Gzium.

415 3424 528 3495 qaieom
539 3424 577 3478 εἰσ
589 3422 729 3494 claimant,
757 3415 944 3502 sublationem)
967 3420 1095 3478 Videtur
1106 3424 1146 3478 cic
1156 3421 1317 3490 abundare,
1342 3439 1403 3476 cum

329 3507 392 3582 ipsc
405 3505 590 3562 accusativus
603 3505 772 3563 subicietur.
806 3505 870 3563 Nec
882 3515 979 3562 tamen
991 3505 1079 3564 nnius
1090 3506 1152 3563 Erl.
1175 3506 1360 3576 auctoritate,
1376 3505 1404 3560 in

330 3611 389 3666 quo
401 3601 461 3648 tam
473 3591 566 3648 multa
577 3610 675 3647 errore
687 3591 796 3648 omissa
807 3599 884 3654 sunt,
896 3591 994 3648 delere
1011 3609 1101 3649 ansus
1113 3610 1178 3648 sum
1190 3590 1241 3669 [ne
1253 3609 1332 3648 nnnc
1344 3589 1403 3664 qni·

330 3677 406 3751 dem,
429 3675 483 3732 etsi
501 3675 615 3733 accedit
631 3675 687 3753 B],
711 3675 849 3750 quoniam
872 3675 1041 3733 defenditur
1063 3675 1255 3733 similitudine
1277 3676 1403 3734 eiusdem

331 3760 493 3837 particulae
521 3763 658 3818 stcrtrremlr'
678 3762 769 3819 verbo
791 3761 987 3836 praepositae,
1010 3771 1152 3835 sequente
1174 3761 1331 3823 infinitivo,
1355 3777 1403 3836 pro

332 3845 448 3905 Cluent.
461 3848 516 3903 47:
528 3849 567 3904 st'c
578 3849 680 3911 amtta't,
689 3865 742 3921 per
756 3847 785 3904 C.
796 3847 1230 3904 Fabm'cr'am-t'aat'diasHabito
1241 3863 1402 3921 comparare.

331 3942 361 3988 et
382 3930 565 4006 pronominis
588 3933 636 3988 lroc
658 3932 760 3989 eodem
784 3931 870 3988 modo
893 3930 1069 3988 abundantis
1091 3931 1279 4000 inVerr.ll,
1304 3931 1339 3986 9:
1361 3930 1403 3984 loc

332 4026 490 4078 statueram,
512 4026 560 4073 arat
581 4019 659 4073 istiuas
680 4020 794 4073 r'm'um'aa
812 4019 942 4091 persequi
962 4025 1010 4072 aret
1027 4049 1067 4058 -
1079 4017 1155 4073 seties
1172 4036 1237 4072 arras
1251 4018 1402 4089 relinquere-

332 4101 503 4180 (utrumque
525 4103 693 4177 exemplum
716 4102 827 4177 sumpsi
850 4121 867 4158 a
889 4101 1118 4176 Wesenbergio,
1147 4100 1317 4160 Observatt.
1346 4098 1403 4156 crit.

332 4186 362 4241 in
385 4195 458 4244 orat
481 4206 535 4262 pro
559 4187 671 4260 Sestio,
700 4187 827 4263 Viburgi
854 4187 948 4248 1837,
977 4206 1006 4262 p.
1030 4182 1100 4264 58),
1136 4187 1287 4259 multoque
1316 4182 1403 4258 nangis

333 4270 477 4344 porticula
499 4275 538 4328 ita
560 4291 680 4346 prorsus
703 4272 805 4330 eodem
829 4271 915 4328 modo
928 4272 1025 4346 posita
1046 4271 1076 4328 in
1089 4271 1145 4328 hac
1162 4271 1226 4346 ipsa
1239 4270 1403 4327 delinitione
1455 4319 1456 4325 ,

336 4355 424 4411 Tusa.
446 4357 506 4432 lv,
532 4357 585 4413 13:
619 4377 700 4431 qaam
722 4360 760 4414 ito
783 4357 919 4430 definirent,
953 4360 1010 4413 siae
1031 4359 1133 4414 ratione
1154 4359 1238 4412 usnimi
1258 4357 1402 4417 clarmontem
