2956 5028
397 395 440 441 nn
463 395 544 441 unu.
561 394 625 440 nm.
643 393 666 440 u
689 393 762 442 cnr.
783 397 824 441 nr.
1082 377 1145 440 259

77 567 111 627 nt
129 582 195 630 cum
215 565 282 629 tuis
310 581 380 628 cum
407 562 555 640 disserte,
582 562 681 626 multa
713 568 787 627 sunt
813 563 970 627 audienda
992 563 1086 627 etiam
1107 563 1147 628 de

77 665 203 730 obscenis
225 664 451 747 voluptatibus,
473 665 514 729 de
536 664 648 746 quibus
670 664 710 730 ab
731 663 867 746 Epicuro
895 663 1078 745 saepissime
1099 664 1146 728 dl-

77 767 150 832 citur.
192 768 244 832 69.
268 767 341 832 Non
362 775 454 848 potes
476 783 552 848 ergo
573 766 635 831 ista
656 765 747 846 tueri,
770 765 938 846 Torquate,
959 764 1146 842 mihicrede,

77 868 144 933 u'te
162 869 231 950 ipse
253 877 289 934 et
309 877 381 934 tuns
403 867 607 950 mgitationes
623 873 656 932 et
666 867 771 933 studia
781 866 994 949 perspexerim
1017 867 1147 948 pudebit

77 980 109 1046 te,
127 970 259 1052 mquam,
282 969 364 1034 illins
374 969 510 1048 tabulae,
532 986 627 1050 quam
638 968 804 1034 Cleanthes
815 987 891 1034 sene
902 968 1062 1034 commode
1074 987 1145 1033 ver·
1163 969 1184 1033 5

78 1070 114 1134 bis
133 1072 303 1153 depingere
325 1071 454 1136 solebat
505 1069 637 1136 lubebat
663 1087 732 1148 eos,
761 1069 815 1152 qui
836 1069 1019 1148 audiebant,
1041 1086 1145 1134 secnnm

77 1173 149 1252 ipsos
168 1174 311 1254 cogitare
331 1172 446 1254 pictam
469 1172 501 1236 in
523 1171 631 1236 tabula
651 1170 844 1253 voluptatem
860 1171 1069 1253 pulcherrimo
1092 1189 1145 1236 ve-

77 1273 139 1336 stitu
158 1284 191 1338 et
212 1280 330 1338 ornatu
351 1273 449 1354 regali
476 1273 510 1338 in
532 1273 610 1338 solio
632 1273 805 1352 sedentem;
838 1278 966 1353 praesto
989 1290 1060 1338 esse
1081 1272 1145 1336 vir-

78 1381 146 1438 tutes
166 1385 201 1440 ut
223 1375 403 1453 andbindan,
430 1393 512 1456 quae
533 1373 609 1438 nihil
631 1373 716 1438 aliud
737 1380 881 1456 egerent,
915 1373 1033 1438 nullum
1054 1391 1145 1437 suum

77 1473 195 1540 offioum
228 1478 394 1554 ducerent,
426 1475 487 1540 nisi
513 1483 548 1540 ut
574 1474 727 1556 voluptati
753 1474 981 1554 ministrarent,
1015 1481 1047 1539 et
1074 1491 1143 1539 eam
1163 1478 1204 1542 10

78 1586 183 1642 uotum
204 1579 246 1642 ad
269 1595 378 1642 aurem
400 1579 605 1642 admonerent
626 1577 667 1658 (si
689 1577 781 1641 modo
809 1576 841 1640 id
863 1575 987 1656 plotone
1008 1574 1144 1655 intellegi

138 1819 155 1862 1.
172 1825 197 1864 ta
215 1815 252 1864 ech
271 1814 294 1863 E
353 1831 404 1864 cum
422 1813 545 1864 decideras
563 1813 586 1862 E
607 1811 686 1880 [„cnm
709 1813 736 1862 in
754 1813 779 1861 A
798 1814 922 1864 subducte
944 1813 1012 1862 linea
1035 1813 1145 1862 deletum

78 1893 97 1929 et
111 1897 155 1933 eea
173 1897 204 1932 m.
224 1883 423 1948 superscriptum
448 1893 486 1932 est
508 1879 567 1948 Μ]
593 1880 708 1944 quomodo
726 1880 833 1930 disseras
848 1880 869 1929 L
905 1887 927 1932 2.
944 1880 975 1931 cle
990 1889 1048 1931 ente
1062 1881 1144 1944 qualite

79 1965 119 1998 orn.
138 1949 208 2016 [AJE
244 1950 325 2000 dion:
379 1955 401 1998 a.
420 1950 546 2015 c'qoiurEC
598 1948 667 1999 crede
684 1948 730 1998 aad
746 1947 806 1998 sic
843 1954 866 1997 5.
885 1948 951 1998 nobo'a
963 1949 1020 2014 (pro
1029 1949 1145 2012 vwbialh

79 2020 96 2064 t.
110 2017 199 2083 pionpere
217 2018 338 2069 LPMCR
382 2023 404 2068 8.
424 2027 447 2068 et
463 2017 544 2067 babela
602 2017 676 2066 alic
721 2021 743 2067 9,
763 2031 794 2067 ac
811 2016 869 2082 (pro
887 2017 963 2080 utlE
1003 2015 1145 2067 nundinali

80 2088 112 2132 111
129 2084 280 2152 [adnumeret
297 2085 348 2152 Eh]
404 2091 441 2135 ll.
461 2094 538 2136 tamen
608 2086 631 2134 R

150 2312 207 2349 onoc
229 2291 366 2371 diceneo)
388 2295 510 2364 Vereor,
532 2311 570 2348 ne
594 2291 937 2362 mendumhichaereet;
959 2294 1144 2368 nequeenim

79 2378 243 2436 coniunctivi
265 2379 328 2436 ulla
350 2379 467 2436 videtur
487 2377 564 2434 ratio
581 2395 655 2446 esse,
679 2377 829 2454 [quoniam
851 2387 920 2452 poet
941 2381 994 2434 toea
1016 2379 1145 2434 secunda

77 2479 188 2534 persona
221 2463 257 2520 de
285 2464 399 2520 incerto
426 2462 558 2520 subiecto
581 2460 650 2538 (Gr.
673 2463 739 2520 Lat.
764 2465 778 2532 ξ
803 2460 879 2540 370)
906 2462 1001 2538 accipi
1029 2463 1141 2537 nequit,

78 2546 124 2603 nisi
144 2546 218 2604 iorte
240 2549 270 2604 in
294 2557 376 2605 certo
404 2547 537 2604 subiecto
565 2547 667 2604 eadem
701 2556 799 2604 tamen
828 2547 1004 2624 significatio
1032 2549 1143 2604 estrei

78 2641 176 2688 tantum
208 2631 298 2690 fictae
333 2643 363 2689 et
395 2633 556 2708 cogitatae;
601 2631 652 2688 sed
685 2641 748 2689 turn
781 2634 835 2689 aiut
873 2631 956 2706 sequi
995 2631 1142 2708 debebatl.

78 2713 189 2774 Ursinus
212 2731 241 2774 et
262 2719 382 2776 Marsus
404 2721 429 2774 eo'
449 2719 578 2774 disseras.
629 2716 665 2774 In
687 2716 748 2773 Erl.
772 2725 802 2773 et
825 2715 902 2792 Spin.
926 2715 1020 2775 Gzius
1042 2726 1144 2774 narrat

78 2817 146 2857 esee:
182 2813 211 2858 oc
234 2813 322 2860 tomen
349 2806 402 2860 talc
429 2821 488 2859 eum
515 2803 650 2870 duanae,
673 2800 759 2858 falso.
794 2800 887 2877 [But
913 2801 974 2859 Erl.
998 2801 1143 2878 Naegels-

78 2883 168 2943 bachio
189 2887 220 2944 in
248 2895 376 2944 mentem
394 2887 476 2945 venit
496 2906 557 2944 cum
578 2887 719 2956 dhanene,
747 2886 838 2944 verbo
860 2904 919 2944 non
937 2885 1142 2952 Ciceroniano.

76 2967 212 3044 Kayserus
234 2972 409 3048 simpliciter
429 2973 540 3029 deceno
562 2971 651 3028 scribi
673 2970 779 3046 iussit]

154 3057 201 3112 69.
232 3059 317 3114 ambio
339 3055 493 3132 dcpinpcre)
523 3055 573 3116 Sic
584 3057 685 3127 Maru,
709 3054 800 3126 Crat,
824 3055 912 3114 Grut
935 3056 1033 3126 tacite,
1047 3055 1104 3114 Ox.
1117 3052 1141 3128 ξ,

77 3136 134 3194 Gzii
155 3152 269 3216 praeter
292 3141 373 3200 Gud.
399 3143 424 3198 1.
469 3141 611 3198 Davisius
622 3140 774 3198 revocarit
790 3144 902 3216 piuperc
918 3139 1142 3198 edeterioribus

77 3222 147 3280 codd.
168 3223 296 3300 (duobus
309 3225 380 3295 suis,
405 3225 484 3284 Oxx.
497 3220 650 3304 quattuor)
673 3235 703 3282 et
724 3233 795 3282 vett
808 3225 873 3282 edd.
896 3225 1142 3301 Dcpinpcrcvitam

78 3305 235 3388 (oratione),
256 3312 365 3386 aliquid
386 3313 542 3385 copitationc
563 3310 640 3368 dixit
651 3309 765 3380 Cicero,
788 3313 978 3386 nonpinpcre3
1001 3311 1142 3386 depinpcre

77 3393 200 3466 *munero
222 3398 308 3454 nerbeh
331 3394 541 3469 Quintilianus.

145 3483 245 3554 pictam
271 3485 299 3538 in
327 3482 419 3538 cabulo
447 3479 621 3556 uoluptatem)
655 3480 705 3536 Ab
729 3479 882 3552 Cicerone,
911 3480 1030 3556 opinor,
1054 3480 1141 3538 huius

78 3561 182 3621 tabulae
204 3566 431 3642 descriptionem
442 3565 629 3642 Augustinus
641 3573 792 3622 mutuatus
804 3575 858 3635 eet,
882 3565 918 3622 de
930 3565 1018 3624 Civit.
1031 3565 1089 3622 Dei
1102 3567 1140 3638 V,

78 3645 118 3702 20·
159 3648 298 3709 Senecam
322 3651 359 3708 de
382 3651 433 3707 vit.
445 3651 523 3707 beat.
549 3653 584 3707 11
610 3660 640 3707 et
665 3651 713 3716 14,
741 3650 817 3707 nihil
833 3660 887 3722 eet,
916 3668 968 3707 cur
985 3669 1049 3707 eam
1072 3661 1141 3707 ante

79 3731 167 3790 oculos
188 3735 326 3794 habuisse
343 3735 498 3792 credamus
520 3753 554 3792 ec
576 3754 634 3792 nou
657 3735 718 3792 suis
736 3735 1066 3807 coloribueusumesse,
1090 3736 1140 3810 qui

77 3813 151 3873 incile
173 3820 265 3878 cuivis
288 3829 491 3891 occurrerent,
519 3820 595 3877 idem
619 3820 656 3877 de
677 3821 726 3877 111
749 3820 784 3877 de
807 3819 866 3880 Off.
891 3822 950 3878 117
975 3820 1139 3878 dicendum.

152 3907 304 3980 muldeina)
325 3907 450 3963 Auditus
471 3905 586 3980 aliquot
607 3913 678 3962 vett.
691 3905 766 3974 edd,
790 3904 868 3964 Oxx.
886 3900 972 3981 Εξψς
994 3923 1097 3962 verum
1110 3905 1139 3962 in

77 4001 124 4060 mg·
145 3985 224 4046 Creo.
244 3998 411 4047 annotatur.

150 4077 175 4130 ao'
193 4076 270 4131 modo
290 4077 321 4132 id
342 4109 383 4118 -κ
403 4069 511 4153 posset)
535 4073 687 4132 Cleanthis
698 4074 775 4131 hanc
786 4091 850 4132 esse
868 4075 1043 4146 cautionem,
1068 4075 1139 4132 satie

79 4155 148 4212 verbi
169 4157 271 4216 modus
293 4169 323 4216 et
344 4169 461 4234 tempus
483 4158 635 4228 admonet3
659 4167 808 4216 ettamen
831 4159 924 4218 Gaius
947 4169 977 4216 et
999 4159 1071 4219 Otto
1093 4178 1140 4216 re·

80 4239 206 4310 prehendi
229 4261 291 4301 eum
314 4263 333 4300 a
355 4243 498 4302 Cicerone
521 4253 652 4324 putent..

882 4359 931 4412 17*
