<?xml version="1.0" encoding="UTF-8"?>
<!DOCTYPE html PUBLIC "-//W3C//DTD XHTML 1.0 Transitional//EN"
    "http://www.w3.org/TR/xhtml1/DTD/xhtml1-transitional.dtd">
<html xmlns="http://www.w3.org/1999/xhtml" xml:lang="en" lang="en">
 <head>
  <title>
</title>
<meta http-equiv="Content-Type" content="text/html;charset=utf-8" />
  <meta name='ocr-system' content='tesseract 3.04.00' />
  <meta name='ocr-capabilities' content='ocr_page ocr_carea ocr_par ocr_line ocrx_word'/>
</head>
<body>
  <div class='ocr_page' id='page_1' title='image "./definibusbonoru04cicegoog_0151.png"; bbox 0 0 2920 5012; ppageno 0'>
   <div class='ocr_carea' id='block_1_1' title="bbox 400 378 1147 444">
    <p class='ocr_par' dir='ltr' id='par_1_1' title="bbox 400 378 1147 444">
     <span class='ocr_line' id='line_1_1' title="bbox 400 378 1147 444; baseline 0 -2"><span class='ocrx_word' id='word_1_1' title='bbox 400 397 443 442; x_wconf 83' lang='lat' dir='ltr'><strong>nr</strong></span> <span class='ocrx_word' id='word_1_2' title='bbox 465 395 547 442; x_wconf 75' lang='lat' dir='ltr'><strong>usn.</strong></span> <span class='ocrx_word' id='word_1_3' title='bbox 563 395 655 442; x_wconf 77' lang='lat' dir='ltr'><strong>urat</strong></span> <span class='ocrx_word' id='word_1_4' title='bbox 679 394 753 444; x_wconf 77' lang='lat' dir='ltr'><strong>car.</strong></span> <span class='ocrx_word' id='word_1_5' title='bbox 774 397 812 441; x_wconf 89' lang='grc' dir='ltr'><strong>ιο.</strong></span> <span class='ocrx_word' id='word_1_6' title='bbox 1105 378 1147 443; x_wconf 79' lang='grc'><strong>73</strong></span> 
     </span>
    </p>
   </div>
   <div class='ocr_carea' id='block_1_2' title="bbox 85 563 1182 1159">
    <p class='ocr_par' dir='ltr' id='par_1_2' title="bbox 85 563 1182 1159">
     <span class='ocr_line' id='line_1_2' title="bbox 91 563 1145 646; baseline -0.001 -16"><span class='ocrx_word' id='word_1_7' title='bbox 91 585 178 630; x_wconf 82' lang='lat' dir='ltr'><strong>renim</strong></span> <span class='ocrx_word' id='word_1_8' title='bbox 207 565 257 630; x_wconf 90' lang='lat' dir='ltr'><strong>bic</strong></span> <span class='ocrx_word' id='word_1_9' title='bbox 282 571 409 630; x_wconf 77' lang='lat' dir='ltr'><strong>teneam</strong></span> <span class='ocrx_word' id='word_1_10' title='bbox 435 583 455 630; x_wconf 86' lang='lat' dir='ltr'><strong>a</strong></span> <span class='ocrx_word' id='word_1_11' title='bbox 482 564 622 646; x_wconf 80' lang='lat' dir='ltr'><strong>sapiente</strong></span> <span class='ocrx_word' id='word_1_12' title='bbox 649 563 801 643; x_wconf 90' lang='lat' dir='ltr'><strong>delectus,</strong></span> <span class='ocrx_word' id='word_1_13' title='bbox 833 569 870 629; x_wconf 89' lang='lat' dir='ltr'><strong>ut</strong></span> <span class='ocrx_word' id='word_1_14' title='bbox 900 567 957 628; x_wconf 86' lang='lat' dir='ltr'><strong>ant</strong></span> <span class='ocrx_word' id='word_1_15' title='bbox 982 563 1145 630; x_wconf 80' lang='lat' dir='ltr'><strong>reiciendis</strong></span> 
     </span>
     <span class='ocr_line' id='line_1_3' title="bbox 88 665 1144 749; baseline 0.001 -18"><span class='ocrx_word' id='word_1_16' title='bbox 88 667 282 749; x_wconf 79' lang='lat' dir='ltr'><strong>uoluptatibus</strong></span> <span class='ocrx_word' id='word_1_17' title='bbox 324 667 458 732; x_wconf 87' lang='lat' dir='ltr'><strong>maiores</strong></span> <span class='ocrx_word' id='word_1_18' title='bbox 502 667 580 732; x_wconf 87' lang='lat' dir='ltr'><strong>alias</strong></span> <span class='ocrx_word' id='word_1_19' title='bbox 623 669 832 748; x_wconf 73' lang='lat' dir='ltr'><strong>consequatur</strong></span> <span class='ocrx_word' id='word_1_20' title='bbox 864 670 921 730; x_wconf 86' lang='lat' dir='ltr'><strong>ant</strong></span> <span class='ocrx_word' id='word_1_21' title='bbox 951 665 1144 748; x_wconf 75' lang='lat' dir='ltr'><strong>perferendis</strong></span> 
     </span>
     <span class='ocr_line' id='line_1_4' title="bbox 89 745 1146 852; baseline 0 -18"><span class='ocrx_word' id='word_1_22' title='bbox 89 769 230 834; x_wconf 89' lang='lat' dir='ltr'><strong>doloribus</strong></span> <span class='ocrx_word' id='word_1_23' title='bbox 251 769 430 852; x_wconf 80' lang='lat' dir='ltr'><strong>asperiores</strong></span> <span class='ocrx_word' id='word_1_24' title='bbox 451 768 590 850; x_wconf 86' lang='lat' dir='ltr'><strong>repellat.</strong></span> <span class='ocrx_word' id='word_1_25' title='bbox 635 745 805 834; x_wconf 79' lang='lat' dir='ltr'><strong>34.(Hano</strong></span> <span class='ocrx_word' id='word_1_26' title='bbox 830 785 887 849; x_wconf 80' lang='lat' dir='ltr'><strong>ego</strong></span> <span class='ocrx_word' id='word_1_27' title='bbox 920 787 990 834; x_wconf 92' lang='lat' dir='ltr'><strong>cum</strong></span> <span class='ocrx_word' id='word_1_28' title='bbox 1022 774 1146 834; x_wconf 90' lang='lat' dir='ltr'><strong>teneam</strong></span> 
     </span>
     <span class='ocr_line' id='line_1_5' title="bbox 88 871 1147 954; baseline 0 -17"><span class='ocrx_word' id='word_1_29' title='bbox 88 872 269 951; x_wconf 80' lang='lat' dir='ltr'><strong>sententiam,</strong></span> <span class='ocrx_word' id='word_1_30' title='bbox 301 871 378 954; x_wconf 92' lang='lat' dir='ltr'><strong>quid</strong></span> <span class='ocrx_word' id='word_1_31' title='bbox 405 877 469 951; x_wconf 88' lang='lat' dir='ltr'><strong>est,</strong></span> <span class='ocrx_word' id='word_1_32' title='bbox 503 890 559 938; x_wconf 91' lang='lat' dir='ltr'><strong>cnr</strong></span> <span class='ocrx_word' id='word_1_33' title='bbox 580 889 699 951; x_wconf 87' lang='lat' dir='ltr'><strong>verear,</strong></span> <span class='ocrx_word' id='word_1_34' title='bbox 723 890 762 936; x_wconf 91' lang='lat' dir='ltr'><strong>ne</strong></span> <span class='ocrx_word' id='word_1_35' title='bbox 783 871 824 936; x_wconf 85' lang='lat' dir='ltr'><strong>ad</strong></span> <span class='ocrx_word' id='word_1_36' title='bbox 846 889 916 935; x_wconf 89' lang='lat' dir='ltr'><strong>eam</strong></span> <span class='ocrx_word' id='word_1_37' title='bbox 943 890 1006 936; x_wconf 91' lang='lat' dir='ltr'><strong>non</strong></span> <span class='ocrx_word' id='word_1_38' title='bbox 1027 871 1147 954; x_wconf 88' lang='lat' dir='ltr'><strong>possim</strong></span> 
     </span>
     <span class='ocr_line' id='line_1_6' title="bbox 86 972 1182 1056; baseline 0.002 -16"><span class='ocrx_word' id='word_1_39' title='bbox 86 975 304 1040; x_wconf 80' lang='lat' dir='ltr'><strong>aoeommodsre</strong></span> <span class='ocrx_word' id='word_1_40' title='bbox 326 974 504 1056; x_wconf 80' lang='lat' dir='ltr'><strong>Torquatos</strong></span> <span class='ocrx_word' id='word_1_41' title='bbox 531 975 682 1039; x_wconf 80' lang='lat' dir='ltr'><strong>nostros?</strong></span> <span class='ocrx_word' id='word_1_42' title='bbox 704 992 784 1056; x_wconf 90' lang='lat' dir='ltr'><strong>quos</strong></span> <span class='ocrx_word' id='word_1_43' title='bbox 805 980 841 1038; x_wconf 90' lang='lat' dir='ltr'><strong>tu</strong></span> <span class='ocrx_word' id='word_1_44' title='bbox 861 972 956 1055; x_wconf 86' lang='lat' dir='ltr'><strong>paulo</strong></span> <span class='ocrx_word' id='word_1_45' title='bbox 978 980 1052 1040; x_wconf 86' lang='lat' dir='ltr'><strong>ante</strong></span> <span class='ocrx_word' id='word_1_46' title='bbox 1073 993 1143 1040; x_wconf 90' lang='lat' dir='ltr'><strong>cum</strong></span> <span class='ocrx_word' id='word_1_47' title='bbox 1161 977 1182 1042; x_wconf 85' lang='lat'>5</span> 
     </span>
     <span class='ocr_line' id='line_1_7' title="bbox 85 1075 1145 1159; baseline 0.003 -20"><span class='ocrx_word' id='word_1_48' title='bbox 85 1077 256 1157; x_wconf 82' lang='lat' dir='ltr'><strong>memoriter,</strong></span> <span class='ocrx_word' id='word_1_49' title='bbox 278 1083 346 1141; x_wconf 91' lang='lat' dir='ltr'><strong>tum</strong></span> <span class='ocrx_word' id='word_1_50' title='bbox 368 1076 460 1142; x_wconf 88' lang='lat' dir='ltr'><strong>etiam</strong></span> <span class='ocrx_word' id='word_1_51' title='bbox 482 1094 558 1158; x_wconf 83' lang='lat' dir='ltr'><strong>erga</strong></span> <span class='ocrx_word' id='word_1_52' title='bbox 579 1095 637 1142; x_wconf 86' lang='lat' dir='ltr'><strong>nos</strong></span> <span class='ocrx_word' id='word_1_53' title='bbox 660 1075 757 1142; x_wconf 87' lang='lat' dir='ltr'><strong>amice</strong></span> <span class='ocrx_word' id='word_1_54' title='bbox 778 1079 811 1140; x_wconf 90' lang='lat' dir='ltr'><strong>et</strong></span> <span class='ocrx_word' id='word_1_55' title='bbox 824 1075 1145 1159; x_wconf 81' lang='lat' dir='ltr'><strong>benevolccollegisti;</strong></span> 
     </span>
    </p>
   </div>
   <div class='ocr_carea' id='block_1_3' title="bbox 82 1263 1147 1470">
    <p class='ocr_par' dir='ltr' id='par_1_3' title="bbox 82 1263 1147 1470">
     <span class='ocr_line' id='line_1_8' title="bbox 143 1263 1147 1332; baseline 0.004 -20"><span class='ocrx_word' id='word_1_56' title='bbox 143 1269 162 1312; x_wconf 85' lang='lat' dir='ltr'><strong>l.</strong></span> <span class='ocrx_word' id='word_1_57' title='bbox 180 1273 223 1313; x_wconf 81' lang='lat' dir='ltr'><strong>unt</strong></span> <span class='ocrx_word' id='word_1_58' title='bbox 242 1271 266 1313; x_wconf 81' lang='lat' dir='ltr'><strong>at</strong></span> <span class='ocrx_word' id='word_1_59' title='bbox 283 1263 404 1315; x_wconf 79' lang='lat' dir='ltr'>LPMCR</span> <span class='ocrx_word' id='word_1_60' title='bbox 439 1269 461 1313; x_wconf 73' lang='lat'><strong>2.</strong></span> <span class='ocrx_word' id='word_1_61' title='bbox 480 1263 578 1314; x_wconf 70' lang='lat' dir='ltr'><strong>materis</strong></span> <span class='ocrx_word' id='word_1_62' title='bbox 599 1263 670 1332; x_wconf 78' lang='lat' dir='ltr'><strong>[A]b}</strong></span> <span class='ocrx_word' id='word_1_63' title='bbox 710 1272 884 1328; x_wconf 75' lang='lat' dir='ltr'><strong>consequantur</strong></span> <span class='ocrx_word' id='word_1_64' title='bbox 909 1263 930 1314; x_wconf 86' lang='lat' dir='ltr'>L</span> <span class='ocrx_word' id='word_1_65' title='bbox 975 1269 998 1312; x_wconf 80' lang='grc'><strong>3.</strong></span> <span class='ocrx_word' id='word_1_66' title='bbox 1017 1265 1147 1330; x_wconf 72' lang='lat' dir='ltr'><strong>asperioris</strong></span> 
     </span>
     <span class='ocr_line' id='line_1_9' title="bbox 86 1330 1147 1399; baseline 0.004 -19"><span class='ocrx_word' id='word_1_67' title='bbox 86 1330 145 1399; x_wconf 78' lang='lat' dir='ltr'><strong>[A]E</strong></span> <span class='ocrx_word' id='word_1_68' title='bbox 179 1341 202 1382; x_wconf 78' lang='lat' dir='ltr'><strong>t.</strong></span> <span class='ocrx_word' id='word_1_69' title='bbox 222 1331 305 1382; x_wconf 74' lang='grc' dir='ltr'><strong>ωόαιι</strong></span> <span class='ocrx_word' id='word_1_70' title='bbox 328 1337 387 1397; x_wconf 87' lang='lat' dir='ltr'><strong>(pro</strong></span> <span class='ocrx_word' id='word_1_71' title='bbox 406 1332 442 1382; x_wconf 85' lang='lat' dir='ltr'><strong>ud</strong></span> <span class='ocrx_word' id='word_1_72' title='bbox 464 1334 568 1396; x_wconf 83' lang='lat' dir='ltr'><strong>earn)E</strong></span> <span class='ocrx_word' id='word_1_73' title='bbox 604 1339 627 1382; x_wconf 77' lang='lat' dir='ltr'><strong>b.</strong></span> <span class='ocrx_word' id='word_1_74' title='bbox 650 1341 698 1382; x_wconf 84' lang='lat' dir='ltr'><strong>tum</strong></span> <span class='ocrx_word' id='word_1_75' title='bbox 715 1332 846 1383; x_wconf 73' lang='lat' dir='ltr'><strong>memoriter</strong></span> <span class='ocrx_word' id='word_1_76' title='bbox 867 1332 966 1383; x_wconf 84' lang='lat' dir='ltr'>PMCR</span> <span class='ocrx_word' id='word_1_77' title='bbox 1001 1337 1024 1382; x_wconf 80' lang='lat' dir='ltr'><strong>d.</strong></span> <span class='ocrx_word' id='word_1_78' title='bbox 1048 1341 1070 1384; x_wconf 88' lang='lat' dir='ltr'><strong>et</strong></span> <span class='ocrx_word' id='word_1_79' title='bbox 1087 1335 1147 1399; x_wconf 86' lang='lat' dir='ltr'><strong>(pro</strong></span> 
     </span>
     <span class='ocr_line' id='line_1_10' title="bbox 82 1399 410 1470; baseline 0.003 -20"><span class='ocrx_word' id='word_1_80' title='bbox 82 1400 193 1460; x_wconf 71' lang='lat' dir='ltr'><strong>edentii</strong></span> <span class='ocrx_word' id='word_1_81' title='bbox 243 1399 357 1468; x_wconf 73' lang='grc' dir='ltr'><strong>[ὁιηίιιοὶι</strong></span> <span class='ocrx_word' id='word_1_82' title='bbox 375 1400 410 1470; x_wconf 81' lang='grc' dir='ltr'><strong>Δ]</strong></span> 
     </span>
    </p>
   </div>
   <div class='ocr_carea' id='block_1_4' title="bbox 80 1557 1146 1724">
    <p class='ocr_par' dir='ltr' id='par_1_4' title="bbox 80 1557 1146 1724">
     <span class='ocr_line' id='line_1_11' title="bbox 82 1557 1145 1635; baseline 0.001 -20"><span class='ocrx_word' id='word_1_83' title='bbox 82 1558 124 1614; x_wconf 75' lang='lat' dir='ltr'><strong>sed</strong></span> <span class='ocrx_word' id='word_1_84' title='bbox 144 1557 239 1634; x_wconf 87' lang='lat' dir='ltr'><strong>quod,</strong></span> <span class='ocrx_word' id='word_1_85' title='bbox 273 1577 331 1616; x_wconf 91' lang='lat' dir='ltr'><strong>non</strong></span> <span class='ocrx_word' id='word_1_86' title='bbox 360 1558 431 1616; x_wconf 88' lang='lat' dir='ltr'><strong>satie</strong></span> <span class='ocrx_word' id='word_1_87' title='bbox 454 1559 606 1628; x_wconf 76' lang='lat' dir='ltr'><strong>distincto,</strong></span> <span class='ocrx_word' id='word_1_88' title='bbox 620 1558 713 1635; x_wconf 88' lang='lat' dir='ltr'><strong>gradu</strong></span> <span class='ocrx_word' id='word_1_89' title='bbox 735 1568 766 1616; x_wconf 90' lang='lat' dir='ltr'><strong>et</strong></span> <span class='ocrx_word' id='word_1_90' title='bbox 787 1558 955 1616; x_wconf 88' lang='lat' dir='ltr'><strong>discrimine</strong></span> <span class='ocrx_word' id='word_1_91' title='bbox 983 1559 1145 1632; x_wconf 90' lang='lat' dir='ltr'><strong>notionum,</strong></span> 
     </span>
     <span class='ocr_line' id='line_1_12' title="bbox 80 1637 1146 1724; baseline 0.002 -24"><span class='ocrx_word' id='word_1_92' title='bbox 80 1644 149 1702; x_wconf 80' lang='lat' dir='ltr'><strong>adad</strong></span> <span class='ocrx_word' id='word_1_93' title='bbox 169 1645 225 1702; x_wconf 88' lang='lat' dir='ltr'><strong>hoc</strong></span> <span class='ocrx_word' id='word_1_94' title='bbox 250 1645 345 1702; x_wconf 86' lang='lat' dir='ltr'><strong>risum</strong></span> <span class='ocrx_word' id='word_1_95' title='bbox 373 1637 418 1702; x_wconf 78' lang='lat' dir='ltr'><strong>est</strong></span> <span class='ocrx_word' id='word_1_96' title='bbox 440 1663 504 1702; x_wconf 88' lang='lat' dir='ltr'><strong>esse</strong></span> <span class='ocrx_word' id='word_1_97' title='bbox 526 1654 615 1719; x_wconf 90' lang='lat' dir='ltr'><strong>atque</strong></span> <span class='ocrx_word' id='word_1_98' title='bbox 638 1645 720 1720; x_wconf 88' lang='lat' dir='ltr'><strong>prius</strong></span> <span class='ocrx_word' id='word_1_99' title='bbox 743 1641 941 1724; x_wconf 75' lang='lat' dir='ltr'><strong>(tempon&#39;buo).</strong></span> <span class='ocrx_word' id='word_1_100' title='bbox 986 1643 1047 1704; x_wconf 81' lang='lat' dir='ltr'><strong>Otr.</strong></span> <span class='ocrx_word' id='word_1_101' title='bbox 1071 1663 1146 1720; x_wconf 87' lang='lat' dir='ltr'><strong>quae</strong></span> 
     </span>
    </p>
   </div>
   <div class='ocr_carea' id='block_1_5' title="bbox 71 1729 1205 4463">
    <p class='ocr_par' dir='ltr' id='par_1_5' title="bbox 77 1729 1205 2237">
     <span class='ocr_line' id='line_1_13' title="bbox 81 1729 1148 1807; baseline 0.004 -23"><span class='ocrx_word' id='word_1_102' title='bbox 81 1729 208 1805; x_wconf 82' lang='lat' dir='ltr'><strong>dentque</strong></span> <span class='ocrx_word' id='word_1_103' title='bbox 230 1729 366 1787; x_wconf 88' lang='lat' dir='ltr'><strong>dicentur</strong></span> <span class='ocrx_word' id='word_1_104' title='bbox 386 1730 425 1788; x_wconf 88' lang='lat' dir='ltr'><strong>ad</strong></span> <span class='ocrx_word' id='word_1_105' title='bbox 449 1731 498 1788; x_wconf 84' lang='lat'><strong>34.</strong></span> <span class='ocrx_word' id='word_1_106' title='bbox 541 1731 763 1802; x_wconf 63' lang='lat' dir='ltr'><strong>dissertantibus,</strong></span> <span class='ocrx_word' id='word_1_107' title='bbox 786 1731 823 1787; x_wconf 89' lang='lat' dir='ltr'><strong>ad</strong></span> <span class='ocrx_word' id='word_1_108' title='bbox 846 1730 924 1804; x_wconf 92' lang='lat' dir='ltr'><strong>quod</strong></span> <span class='ocrx_word' id='word_1_109' title='bbox 942 1750 1002 1788; x_wconf 92' lang='lat' dir='ltr'><strong>non</strong></span> <span class='ocrx_word' id='word_1_110' title='bbox 1019 1731 1148 1807; x_wconf 82' lang='lat' dir='ltr'><strong>pertinet</strong></span> 
     </span>
     <span class='ocr_line' id='line_1_14' title="bbox 79 1816 1147 1894; baseline 0.003 -24"><span class='ocrx_word' id='word_1_111' title='bbox 79 1816 168 1884; x_wconf 82' lang='lat' dir='ltr'><strong>debitia,</strong></span> <span class='ocrx_word' id='word_1_112' title='bbox 191 1816 236 1872; x_wconf 86' lang='lat' dir='ltr'><strong>ita</strong></span> <span class='ocrx_word' id='word_1_113' title='bbox 258 1816 386 1891; x_wconf 87' lang='lat' dir='ltr'><strong>positum</strong></span> <span class='ocrx_word' id='word_1_114' title='bbox 409 1825 468 1888; x_wconf 88' lang='lat' dir='ltr'><strong>est,</strong></span> <span class='ocrx_word' id='word_1_115' title='bbox 502 1825 536 1874; x_wconf 88' lang='lat' dir='ltr'><strong>ut</strong></span> <span class='ocrx_word' id='word_1_116' title='bbox 557 1816 704 1874; x_wconf 74' lang='lat' dir='ltr'><strong>ablativus</strong></span> <span class='ocrx_word' id='word_1_117' title='bbox 733 1835 792 1874; x_wconf 91' lang='lat' dir='ltr'><strong>non</strong></span> <span class='ocrx_word' id='word_1_118' title='bbox 815 1816 939 1874; x_wconf 88' lang='lat' dir='ltr'><strong>multum</strong></span> <span class='ocrx_word' id='word_1_119' title='bbox 961 1835 980 1873; x_wconf 88' lang='lat' dir='ltr'><strong>a</strong></span> <span class='ocrx_word' id='word_1_120' title='bbox 1001 1817 1147 1894; x_wconf 83' lang='lat' dir='ltr'><strong>significe-</strong></span> 
     </span>
     <span class='ocr_line' id='line_1_15' title="bbox 80 1899 1205 1979; baseline 0.006 -23"><span class='ocrx_word' id='word_1_121' title='bbox 80 1899 148 1957; x_wconf 82' lang='lat' dir='ltr'><strong>tione</strong></span> <span class='ocrx_word' id='word_1_122' title='bbox 160 1911 275 1978; x_wconf 77' lang='lat' dir='ltr'><strong>propter</strong></span> <span class='ocrx_word' id='word_1_123' title='bbox 286 1901 514 1978; x_wconf 86' lang='lat' dir='ltr'><strong>praepositionis</strong></span> <span class='ocrx_word' id='word_1_124' title='bbox 525 1902 680 1979; x_wconf 86' lang='lat' dir='ltr'><strong>discrepet.</strong></span> <span class='ocrx_word' id='word_1_125' title='bbox 714 1901 875 1978; x_wconf 86' lang='lat' dir='ltr'><strong>Comparet</strong></span> <span class='ocrx_word' id='word_1_126' title='bbox 895 1903 1076 1961; x_wconf 89' lang='lat' dir='ltr'><strong>Matthiaeus</strong></span> <span class='ocrx_word' id='word_1_127' title='bbox 1097 1903 1148 1962; x_wconf 91' lang='lat' dir='ltr'><strong>III</strong></span> <span class='ocrx_word' id='word_1_128' title='bbox 1203 1940 1205 1951; x_wconf 90' lang='lat'><em>·</em></span> 
     </span>
     <span class='ocr_line' id='line_1_16' title="bbox 79 1985 1147 2064; baseline 0.005 -22"><span class='ocrx_word' id='word_1_129' title='bbox 79 1985 108 2042; x_wconf 87' lang='lat' dir='ltr'><strong>dc</strong></span> <span class='ocrx_word' id='word_1_130' title='bbox 132 1987 221 2064; x_wconf 59' lang='lat' dir='ltr'><strong>legg.</strong></span> <span class='ocrx_word' id='word_1_131' title='bbox 249 1989 303 2044; x_wconf 83' lang='lat'><strong>15:</strong></span> <span class='ocrx_word' id='word_1_132' title='bbox 336 1990 425 2062; x_wconf 77' lang='lat' dir='ltr'><strong>requie</strong></span> <span class='ocrx_word' id='word_1_133' title='bbox 451 1991 566 2046; x_wconf 66' lang='lat' dir='ltr'><strong>mutatis</strong></span> <span class='ocrx_word' id='word_1_134' title='bbox 596 2009 680 2062; x_wconf 74' lang='lat' dir='ltr'><strong>parus</strong></span> <span class='ocrx_word' id='word_1_135' title='bbox 707 2007 758 2044; x_wconf 79' lang='lat' dir='ltr'><strong>nort</strong></span> <span class='ocrx_word' id='word_1_136' title='bbox 786 1998 840 2045; x_wconf 86' lang='lat' dir='ltr'><strong>tom</strong></span> <span class='ocrx_word' id='word_1_137' title='bbox 867 1991 943 2062; x_wconf 78' lang='lat' dir='ltr'><strong>requi</strong></span> <span class='ocrx_word' id='word_1_138' title='bbox 967 2007 1050 2063; x_wconf 87' lang='lat' dir='ltr'><strong>quom</strong></span> <span class='ocrx_word' id='word_1_139' title='bbox 1077 1993 1147 2063; x_wconf 77' lang='lat' dir='ltr'><strong>repis</strong></span> 
     </span>
     <span class='ocr_line' id='line_1_17' title="bbox 79 2073 1146 2150; baseline 0.004 -22"><span class='ocrx_word' id='word_1_140' title='bbox 79 2075 137 2128; x_wconf 55' lang='lat' dir='ltr'><strong>diis</strong></span> <span class='ocrx_word' id='word_1_141' title='bbox 168 2074 340 2149; x_wconf 69' lang='grc' dir='ltr'><strong>νῳιιάιὶιτιιπι</strong></span> <span class='ocrx_word' id='word_1_142' title='bbox 372 2083 420 2130; x_wconf 83' lang='lat' dir='ltr'><strong>est.</strong></span> <span class='ocrx_word' id='word_1_143' title='bbox 464 2073 543 2131; x_wconf 87' lang='lat' dir='ltr'><strong>Add.</strong></span> <span class='ocrx_word' id='word_1_144' title='bbox 566 2074 602 2131; x_wconf 90' lang='lat' dir='ltr'><strong>de</strong></span> <span class='ocrx_word' id='word_1_145' title='bbox 624 2073 725 2131; x_wconf 89' lang='lat' dir='ltr'><strong>Divin.</strong></span> <span class='ocrx_word' id='word_1_146' title='bbox 752 2075 783 2145; x_wconf 96' lang='lat' dir='ltr'><strong>I,</strong></span> <span class='ocrx_word' id='word_1_147' title='bbox 820 2075 873 2145; x_wconf 87' lang='grc'><strong>13,</strong></span> <span class='ocrx_word' id='word_1_148' title='bbox 907 2093 961 2150; x_wconf 87' lang='lat' dir='ltr'><strong>pro</strong></span> <span class='ocrx_word' id='word_1_149' title='bbox 994 2075 1071 2132; x_wconf 89' lang='lat' dir='ltr'><strong>Mur.</strong></span> <span class='ocrx_word' id='word_1_150' title='bbox 1096 2076 1146 2146; x_wconf 80' lang='lat'><strong>23,</strong></span> 
     </span>
     <span class='ocr_line' id='line_1_18' title="bbox 77 2153 766 2237; baseline 0.003 -23"><span class='ocrx_word' id='word_1_151' title='bbox 77 2153 212 2234; x_wconf 82' lang='lat' dir='ltr'><strong>[Philipp.</strong></span> <span class='ocrx_word' id='word_1_152' title='bbox 235 2159 262 2230; x_wconf 87' lang='lat'><strong>1,</strong></span> <span class='ocrx_word' id='word_1_153' title='bbox 287 2159 336 2216; x_wconf 86' lang='lat'><strong>30.</strong></span> <span class='ocrx_word' id='word_1_154' title='bbox 381 2159 435 2218; x_wconf 86' lang='lat' dir='ltr'><strong>Gr.</strong></span> <span class='ocrx_word' id='word_1_155' title='bbox 457 2161 524 2217; x_wconf 88' lang='lat' dir='ltr'><strong>Lat.</strong></span> <span class='ocrx_word' id='word_1_156' title='bbox 546 2164 561 2230; x_wconf 72' lang='grc' dir='ltr'><strong>ξ</strong></span> <span class='ocrx_word' id='word_1_157' title='bbox 585 2160 645 2218; x_wconf 80' lang='grc'><strong>257</strong></span> <span class='ocrx_word' id='word_1_158' title='bbox 669 2179 698 2216; x_wconf 91' lang='lat' dir='ltr'><strong>n.</strong></span> <span class='ocrx_word' id='word_1_159' title='bbox 723 2157 766 2237; x_wconf 61' lang='grc' dir='ltr'><strong>ἦ.</strong></span> 
     </span>
    </p>

    <p class='ocr_par' dir='ltr' id='par_1_6' title="bbox 76 2244 1148 2579">
     <span class='ocr_line' id='line_1_19' title="bbox 150 2244 1148 2322; baseline 0.002 -20"><span class='ocrx_word' id='word_1_160' title='bbox 150 2264 232 2320; x_wconf 81' lang='lat' dir='ltr'><strong>saepe</strong></span> <span class='ocrx_word' id='word_1_161' title='bbox 254 2245 366 2318; x_wconf 71' lang='lat' dir='ltr'><strong>erraret)</strong></span> <span class='ocrx_word' id='word_1_162' title='bbox 389 2244 476 2318; x_wconf 85' lang='lat' dir='ltr'><strong>Quod</strong></span> <span class='ocrx_word' id='word_1_163' title='bbox 487 2245 642 2303; x_wconf 87' lang='lat' dir='ltr'><strong>Ernestius</strong></span> <span class='ocrx_word' id='word_1_164' title='bbox 664 2245 850 2320; x_wconf 76' lang='lat' dir='ltr'><strong>requirebat,</strong></span> <span class='ocrx_word' id='word_1_165' title='bbox 874 2247 964 2310; x_wconf 76' lang='lat' dir='ltr'><strong>evasit,</strong></span> <span class='ocrx_word' id='word_1_166' title='bbox 988 2245 1148 2322; x_wconf 86' lang='lat' dir='ltr'><strong>irrepserat</strong></span> 
     </span>
     <span class='ocr_line' id='line_1_20' title="bbox 76 2325 1145 2411; baseline 0.002 -24"><span class='ocrx_word' id='word_1_167' title='bbox 76 2345 164 2387; x_wconf 73' lang='lat' dir='ltr'><strong>errore</strong></span> <span class='ocrx_word' id='word_1_168' title='bbox 185 2330 217 2386; x_wconf 93' lang='lat' dir='ltr'><strong>in</strong></span> <span class='ocrx_word' id='word_1_169' title='bbox 240 2339 358 2387; x_wconf 82' lang='lat' dir='ltr'><strong>veteres</strong></span> <span class='ocrx_word' id='word_1_170' title='bbox 380 2331 521 2404; x_wconf 88' lang='lat' dir='ltr'><strong>quasdam</strong></span> <span class='ocrx_word' id='word_1_171' title='bbox 539 2325 802 2411; x_wconf 86' lang='lat' dir='ltr'><strong>editiones(1unt.,</strong></span> <span class='ocrx_word' id='word_1_172' title='bbox 826 2329 916 2402; x_wconf 78' lang='lat' dir='ltr'><strong>Crat,</strong></span> <span class='ocrx_word' id='word_1_173' title='bbox 939 2331 1044 2389; x_wconf 87' lang='lat' dir='ltr'><strong>deinde</strong></span> <span class='ocrx_word' id='word_1_174' title='bbox 1057 2331 1145 2404; x_wconf 78' lang='lat' dir='ltr'><strong>vict,</strong></span> 
     </span>
     <span class='ocr_line' id='line_1_21' title="bbox 76 2411 1147 2496; baseline 0.002 -24"><span class='ocrx_word' id='word_1_175' title='bbox 76 2411 193 2496; x_wconf 79' lang='lat' dir='ltr'><strong>lamb).</strong></span> <span class='ocrx_word' id='word_1_176' title='bbox 240 2415 314 2474; x_wconf 80' lang='lat' dir='ltr'><strong>Mox</strong></span> <span class='ocrx_word' id='word_1_177' title='bbox 336 2416 489 2475; x_wconf 86' lang='lat' dir='ltr'><strong>Manutius</strong></span> <span class='ocrx_word' id='word_1_178' title='bbox 517 2425 547 2474; x_wconf 90' lang='lat' dir='ltr'><strong>et</strong></span> <span class='ocrx_word' id='word_1_179' title='bbox 573 2416 735 2474; x_wconf 86' lang='lat' dir='ltr'><strong>Lambinus</strong></span> <span class='ocrx_word' id='word_1_180' title='bbox 762 2435 829 2472; x_wconf 87' lang='lat' dir='ltr'><strong>cum</strong></span> <span class='ocrx_word' id='word_1_181' title='bbox 858 2416 1022 2492; x_wconf 83' lang='lat' dir='ltr'><strong>adprime</strong></span> <span class='ocrx_word' id='word_1_182' title='bbox 1049 2419 1147 2474; x_wconf 77' lang='lat' dir='ltr'><strong>iorum</strong></span> 
     </span>
     <span class='ocr_line' id='line_1_22' title="bbox 76 2499 818 2579; baseline 0 -21"><span class='ocrx_word' id='word_1_183' title='bbox 76 2518 154 2558; x_wconf 72' lang='lat' dir='ltr'><strong>mm</strong></span> <span class='ocrx_word' id='word_1_184' title='bbox 178 2501 233 2576; x_wconf 86' lang='lat' dir='ltr'><strong>(de</strong></span> <span class='ocrx_word' id='word_1_185' title='bbox 257 2501 365 2575; x_wconf 91' lang='lat' dir='ltr'><strong>quibus</strong></span> <span class='ocrx_word' id='word_1_186' title='bbox 387 2499 514 2579; x_wconf 76' lang='lat' dir='ltr'><strong>agitur),</strong></span> <span class='ocrx_word' id='word_1_187' title='bbox 537 2521 595 2559; x_wconf 91' lang='lat' dir='ltr'><strong>non</strong></span> <span class='ocrx_word' id='word_1_188' title='bbox 626 2501 818 2560; x_wconf 83' lang='lat' dir='ltr'><strong>incommode.</strong></span> 
     </span>
    </p>

    <p class='ocr_par' dir='ltr' id='par_1_7' title="bbox 73 2587 1195 3527">
     <span class='ocr_line' id='line_1_23' title="bbox 150 2587 1146 2664; baseline 0.002 -20"><span class='ocrx_word' id='word_1_189' title='bbox 150 2598 179 2644; x_wconf 86' lang='lat' dir='ltr'><strong>ut</strong></span> <span class='ocrx_word' id='word_1_190' title='bbox 200 2597 253 2644; x_wconf 72' lang='lat' dir='ltr'><strong>aad</strong></span> <span class='ocrx_word' id='word_1_191' title='bbox 274 2589 426 2658; x_wconf 63' lang='lat' dir='ltr'><strong>remanda)</strong></span> <span class='ocrx_word' id='word_1_192' title='bbox 452 2587 502 2647; x_wconf 90' lang='lat' dir='ltr'><strong>Sic</strong></span> <span class='ocrx_word' id='word_1_193' title='bbox 525 2587 613 2645; x_wconf 88' lang='lat' dir='ltr'><strong>etiem</strong></span> <span class='ocrx_word' id='word_1_194' title='bbox 637 2587 729 2664; x_wconf 74' lang='lat' dir='ltr'><strong>Spin,</strong></span> <span class='ocrx_word' id='word_1_195' title='bbox 758 2587 788 2644; x_wconf 91' lang='lat' dir='ltr'><strong>id</strong></span> <span class='ocrx_word' id='word_1_196' title='bbox 811 2597 871 2659; x_wconf 90' lang='lat' dir='ltr'><strong>est,</strong></span> <span class='ocrx_word' id='word_1_197' title='bbox 906 2587 1056 2659; x_wconf 89' lang='lat' dir='ltr'><strong>meliores,</strong></span> <span class='ocrx_word' id='word_1_198' title='bbox 1090 2588 1146 2646; x_wconf 90' lang='lat' dir='ltr'><strong>etsi</strong></span> 
     </span>
     <span class='ocr_line' id='line_1_24' title="bbox 75 2670 1145 2748; baseline 0.006 -22"><span class='ocrx_word' id='word_1_199' title='bbox 75 2670 143 2728; x_wconf 75' lang='lat' dir='ltr'><strong>Vict.</strong></span> <span class='ocrx_word' id='word_1_200' title='bbox 165 2673 231 2730; x_wconf 86' lang='lat' dir='ltr'><strong>eod.</strong></span> <span class='ocrx_word' id='word_1_201' title='bbox 255 2672 359 2730; x_wconf 87' lang='lat' dir='ltr'><strong>babuit</strong></span> <span class='ocrx_word' id='word_1_202' title='bbox 390 2683 439 2731; x_wconf 87' lang='lat' dir='ltr'><strong>aut</strong></span> <span class='ocrx_word' id='word_1_203' title='bbox 466 2684 508 2740; x_wconf 84' lang='lat' dir='ltr'><strong>ut,</strong></span> <span class='ocrx_word' id='word_1_204' title='bbox 544 2674 623 2748; x_wconf 91' lang='lat' dir='ltr'><strong>quod</strong></span> <span class='ocrx_word' id='word_1_205' title='bbox 655 2692 721 2730; x_wconf 84' lang='lat' dir='ltr'><strong>curn</strong></span> <span class='ocrx_word' id='word_1_206' title='bbox 755 2683 833 2731; x_wconf 89' lang='lat' dir='ltr'><strong>esset</strong></span> <span class='ocrx_word' id='word_1_207' title='bbox 860 2673 892 2728; x_wconf 92' lang='lat' dir='ltr'><strong>in</strong></span> <span class='ocrx_word' id='word_1_208' title='bbox 919 2673 1048 2748; x_wconf 90' lang='lat' dir='ltr'><strong>antiquis</strong></span> <span class='ocrx_word' id='word_1_209' title='bbox 1070 2674 1145 2746; x_wconf 82' lang='lat' dir='ltr'><strong>edd,</strong></span> 
     </span>
     <span class='ocr_line' id='line_1_25' title="bbox 74 2757 1147 2839; baseline 0.005 -27"><span class='ocrx_word' id='word_1_210' title='bbox 74 2759 162 2816; x_wconf 83' lang='lat' dir='ltr'><strong>neseio</strong></span> <span class='ocrx_word' id='word_1_211' title='bbox 184 2778 204 2816; x_wconf 85' lang='lat' dir='ltr'><strong>a</strong></span> <span class='ocrx_word' id='word_1_212' title='bbox 227 2777 288 2832; x_wconf 90' lang='lat' dir='ltr'><strong>qno</strong></span> <span class='ocrx_word' id='word_1_213' title='bbox 320 2758 448 2834; x_wconf 88' lang='lat' dir='ltr'><strong>primurn</strong></span> <span class='ocrx_word' id='word_1_214' title='bbox 481 2769 644 2816; x_wconf 89' lang='lat' dir='ltr'><strong>correctum</strong></span> <span class='ocrx_word' id='word_1_215' title='bbox 678 2759 717 2817; x_wconf 90' lang='lat' dir='ltr'><strong>sit</strong></span> <span class='ocrx_word' id='word_1_216' title='bbox 749 2759 823 2839; x_wconf 88' lang='lat' dir='ltr'><strong>(iem</strong></span> <span class='ocrx_word' id='word_1_217' title='bbox 851 2757 881 2816; x_wconf 91' lang='lat' dir='ltr'><strong>in</strong></span> <span class='ocrx_word' id='word_1_218' title='bbox 904 2759 1089 2816; x_wconf 85' lang='lat' dir='ltr'><strong>Ascensiena</strong></span> <span class='ocrx_word' id='word_1_219' title='bbox 1116 2770 1147 2818; x_wconf 89' lang='lat' dir='ltr'><strong>et</strong></span> 
     </span>
     <span class='ocr_line' id='line_1_26' title="bbox 75 2839 1144 2922; baseline 0.004 -23"><span class='ocrx_word' id='word_1_220' title='bbox 75 2839 168 2922; x_wconf 78' lang='lat' dir='ltr'><strong>Crat).</strong></span> <span class='ocrx_word' id='word_1_221' title='bbox 214 2845 332 2902; x_wconf 83' lang='lat' dir='ltr'><strong>Tacent</strong></span> <span class='ocrx_word' id='word_1_222' title='bbox 354 2843 451 2915; x_wconf 83' lang='lat' dir='ltr'><strong>Grut,</strong></span> <span class='ocrx_word' id='word_1_223' title='bbox 485 2845 635 2916; x_wconf 86' lang='lat' dir='ltr'><strong>Davisius,</strong></span> <span class='ocrx_word' id='word_1_224' title='bbox 670 2843 765 2914; x_wconf 81' lang='lat' dir='ltr'><strong>Oxx.,</strong></span> <span class='ocrx_word' id='word_1_225' title='bbox 800 2845 852 2901; x_wconf 90' lang='lat' dir='ltr'><strong>sed</strong></span> <span class='ocrx_word' id='word_1_226' title='bbox 885 2844 914 2900; x_wconf 91' lang='lat' dir='ltr'><strong>in</strong></span> <span class='ocrx_word' id='word_1_227' title='bbox 949 2845 1144 2904; x_wconf 88' lang='lat' dir='ltr'><strong>deterioribus</strong></span> 
     </span>
     <span class='ocr_line' id='line_1_27' title="bbox 73 2925 1145 3006; baseline 0.004 -22"><span class='ocrx_word' id='word_1_228' title='bbox 73 2925 147 2987; x_wconf 87' lang='lat' dir='ltr'><strong>libris</strong></span> <span class='ocrx_word' id='word_1_229' title='bbox 168 2930 235 2987; x_wconf 86' lang='lat' dir='ltr'><strong>sine</strong></span> <span class='ocrx_word' id='word_1_230' title='bbox 259 2929 349 2988; x_wconf 89' lang='lat' dir='ltr'><strong>dubio</strong></span> <span class='ocrx_word' id='word_1_231' title='bbox 372 2939 444 3002; x_wconf 89' lang='lat' dir='ltr'><strong>erat,</strong></span> <span class='ocrx_word' id='word_1_232' title='bbox 467 2940 501 2987; x_wconf 88' lang='lat' dir='ltr'><strong>nt</strong></span> <span class='ocrx_word' id='word_1_233' title='bbox 522 2931 553 2988; x_wconf 88' lang='lat' dir='ltr'><strong>in</strong></span> <span class='ocrx_word' id='word_1_234' title='bbox 571 2930 695 2990; x_wconf 87' lang='lat' dir='ltr'><strong>Gzianis</strong></span> <span class='ocrx_word' id='word_1_235' title='bbox 712 2939 829 3006; x_wconf 88' lang='lat' dir='ltr'><strong>praeter</strong></span> <span class='ocrx_word' id='word_1_236' title='bbox 845 2929 907 2986; x_wconf 88' lang='lat' dir='ltr'><strong>Erl.</strong></span> <span class='ocrx_word' id='word_1_237' title='bbox 919 2939 949 2988; x_wconf 90' lang='lat' dir='ltr'><strong>et</strong></span> <span class='ocrx_word' id='word_1_238' title='bbox 965 2929 1145 3006; x_wconf 86' lang='lat' dir='ltr'><strong>Spirensem,</strong></span> 
     </span>
     <span class='ocr_line' id='line_1_28' title="bbox 73 3013 1146 3092; baseline 0.005 -22"><span class='ocrx_word' id='word_1_239' title='bbox 73 3025 113 3070; x_wconf 80' lang='lat' dir='ltr'><strong>ard</strong></span> <span class='ocrx_word' id='word_1_240' title='bbox 137 3027 179 3086; x_wconf 89' lang='lat' dir='ltr'><strong>ut,</strong></span> <span class='ocrx_word' id='word_1_241' title='bbox 208 3013 446 3090; x_wconf 77' lang='lat' dir='ltr'><strong>defendebatque</strong></span> <span class='ocrx_word' id='word_1_242' title='bbox 469 3015 629 3092; x_wconf 83' lang='lat' dir='ltr'><strong>Wopkens.</strong></span> <span class='ocrx_word' id='word_1_243' title='bbox 653 3015 746 3074; x_wconf 87' lang='lat' dir='ltr'><strong>Lectt.</strong></span> <span class='ocrx_word' id='word_1_244' title='bbox 768 3015 848 3073; x_wconf 92' lang='lat' dir='ltr'><strong>Tull.</strong></span> <span class='ocrx_word' id='word_1_245' title='bbox 870 3036 898 3092; x_wconf 92' lang='lat' dir='ltr'><strong>p.</strong></span> <span class='ocrx_word' id='word_1_246' title='bbox 923 3016 976 3084; x_wconf 82' lang='lat'><strong>33;</strong></span> <span class='ocrx_word' id='word_1_247' title='bbox 1010 3016 1146 3075; x_wconf 88' lang='lat' dir='ltr'><strong>Handius</strong></span> 
     </span>
     <span class='ocr_line' id='line_1_29' title="bbox 74 3095 1195 3180; baseline 0.003 -23"><span class='ocrx_word' id='word_1_248' title='bbox 74 3095 164 3177; x_wconf 84' lang='lat' dir='ltr'><strong>(Tura.</strong></span> <span class='ocrx_word' id='word_1_249' title='bbox 198 3101 233 3172; x_wconf 88' lang='lat'><strong>1,</strong></span> <span class='ocrx_word' id='word_1_250' title='bbox 267 3120 296 3177; x_wconf 92' lang='lat' dir='ltr'><strong>p.</strong></span> <span class='ocrx_word' id='word_1_251' title='bbox 321 3097 400 3180; x_wconf 83' lang='lat'>554)</span> <span class='ocrx_word' id='word_1_252' title='bbox 434 3102 522 3160; x_wconf 88' lang='lat' dir='ltr'><strong>etiam</strong></span> <span class='ocrx_word' id='word_1_253' title='bbox 556 3102 675 3178; x_wconf 88' lang='lat' dir='ltr'><strong>proprie</strong></span> <span class='ocrx_word' id='word_1_254' title='bbox 709 3101 767 3159; x_wconf 90' lang='lat' dir='ltr'><strong>dici</strong></span> <span class='ocrx_word' id='word_1_255' title='bbox 805 3101 923 3172; x_wconf 81' lang='lat' dir='ltr'><strong>statuit,</strong></span> <span class='ocrx_word' id='word_1_256' title='bbox 957 3103 1035 3176; x_wconf 89' lang='lat' dir='ltr'><strong>quod</strong></span> <span class='ocrx_word' id='word_1_257' title='bbox 1069 3112 1147 3160; x_wconf 88' lang='lat' dir='ltr'><strong>esset</strong></span> <span class='ocrx_word' id='word_1_258' title='bbox 1189 3143 1195 3159; x_wconf 88' lang='lat'><strong>.</strong></span> 
     </span>
     <span class='ocr_line' id='line_1_30' title="bbox 73 3184 1146 3263; baseline 0.006 -21"><span class='ocrx_word' id='word_1_259' title='bbox 73 3184 189 3260; x_wconf 81' lang='lat' dir='ltr'><strong>aliquid,</strong></span> <span class='ocrx_word' id='word_1_260' title='bbox 214 3187 242 3245; x_wconf 87' lang='lat' dir='ltr'><strong>ei</strong></span> <span class='ocrx_word' id='word_1_261' title='bbox 264 3187 310 3244; x_wconf 91' lang='lat' dir='ltr'><strong>bis</strong></span> <span class='ocrx_word' id='word_1_262' title='bbox 332 3197 381 3244; x_wconf 86' lang='lat' dir='ltr'><strong>aut</strong></span> <span class='ocrx_word' id='word_1_263' title='bbox 402 3197 431 3244; x_wconf 86' lang='lat' dir='ltr'><strong>ut</strong></span> <span class='ocrx_word' id='word_1_264' title='bbox 452 3188 645 3256; x_wconf 88' lang='lat' dir='ltr'><strong>scriberetur;</strong></span> <span class='ocrx_word' id='word_1_265' title='bbox 673 3207 776 3245; x_wconf 87' lang='lat' dir='ltr'><strong>verum</strong></span> <span class='ocrx_word' id='word_1_266' title='bbox 798 3195 860 3244; x_wconf 86' lang='lat' dir='ltr'><strong>tum</strong></span> <span class='ocrx_word' id='word_1_267' title='bbox 884 3186 993 3263; x_wconf 84' lang='lat' dir='ltr'><strong>duplex</strong></span> <span class='ocrx_word' id='word_1_268' title='bbox 1016 3187 1146 3248; x_wconf 87' lang='lat' dir='ltr'><strong>delectus</strong></span> 
     </span>
     <span class='ocr_line' id='line_1_31' title="bbox 74 3269 1144 3352; baseline 0.001 -22"><span class='ocrx_word' id='word_1_269' title='bbox 74 3269 295 3346; x_wconf 77' lang='lat' dir='ltr'><strong>n&#39;gnifiearetnr,</strong></span> <span class='ocrx_word' id='word_1_270' title='bbox 330 3291 389 3330; x_wconf 90' lang='lat' dir='ltr'><strong>non</strong></span> <span class='ocrx_word' id='word_1_271' title='bbox 423 3291 508 3352; x_wconf 85' lang='lat' dir='ltr'><strong>unus.</strong></span> <span class='ocrx_word' id='word_1_272' title='bbox 552 3273 692 3332; x_wconf 85' lang='lat' dir='ltr'><strong>Seiuncta</strong></span> <span class='ocrx_word' id='word_1_273' title='bbox 719 3273 787 3330; x_wconf 91' lang='lat' dir='ltr'><strong>hine</strong></span> <span class='ocrx_word' id='word_1_274' title='bbox 810 3284 855 3331; x_wconf 89' lang='lat' dir='ltr'><strong>est</strong></span> <span class='ocrx_word' id='word_1_275' title='bbox 876 3272 1062 3349; x_wconf 84' lang='lat' dir='ltr'><strong>neglegentia</strong></span> <span class='ocrx_word' id='word_1_276' title='bbox 1084 3274 1144 3346; x_wconf 87' lang='lat' dir='ltr'><strong>illa,</strong></span> 
     </span>
     <span class='ocr_line' id='line_1_32' title="bbox 73 3357 1146 3435; baseline 0.004 -21"><span class='ocrx_word' id='word_1_277' title='bbox 73 3374 123 3428; x_wconf 87' lang='lat' dir='ltr'><strong>qua</strong></span> <span class='ocrx_word' id='word_1_278' title='bbox 141 3358 237 3416; x_wconf 86' lang='lat' dir='ltr'><strong>semel</strong></span> <span class='ocrx_word' id='word_1_279' title='bbox 259 3367 290 3415; x_wconf 89' lang='lat' dir='ltr'><strong>et</strong></span> <span class='ocrx_word' id='word_1_280' title='bbox 312 3357 418 3416; x_wconf 88' lang='lat' dir='ltr'><strong>iterum</strong></span> <span class='ocrx_word' id='word_1_281' title='bbox 441 3368 509 3435; x_wconf 89' lang='lat' dir='ltr'><strong>post</strong></span> <span class='ocrx_word' id='word_1_282' title='bbox 529 3369 558 3416; x_wconf 83' lang='lat' dir='ltr'><strong>ut</strong></span> <span class='ocrx_word' id='word_1_283' title='bbox 579 3369 628 3416; x_wconf 83' lang='lat' dir='ltr'><strong>aut</strong></span> <span class='ocrx_word' id='word_1_284' title='bbox 649 3359 834 3420; x_wconf 83' lang='lat' dir='ltr'><strong>abundanter</strong></span> <span class='ocrx_word' id='word_1_285' title='bbox 854 3358 940 3416; x_wconf 89' lang='lat' dir='ltr'><strong>alteri</strong></span> <span class='ocrx_word' id='word_1_286' title='bbox 961 3369 1010 3416; x_wconf 86' lang='lat' dir='ltr'><strong>aut</strong></span> <span class='ocrx_word' id='word_1_287' title='bbox 1026 3359 1146 3418; x_wconf 88' lang='lat' dir='ltr'><strong>additur</strong></span> 
     </span>
     <span class='ocr_line' id='line_1_33' title="bbox 73 3442 1145 3527; baseline 0.006 -31"><span class='ocrx_word' id='word_1_288' title='bbox 73 3452 104 3496; x_wconf 79' lang='lat' dir='ltr'><strong>nt.</strong></span> <span class='ocrx_word' id='word_1_289' title='bbox 143 3445 287 3522; x_wconf 81' lang='lat' dir='ltr'><strong>(Praeter</strong></span> <span class='ocrx_word' id='word_1_290' title='bbox 309 3444 437 3516; x_wconf 85' lang='lat' dir='ltr'><strong>Livium,</strong></span> <span class='ocrx_word' id='word_1_291' title='bbox 461 3463 549 3519; x_wconf 90' lang='lat' dir='ltr'><strong>quem</strong></span> <span class='ocrx_word' id='word_1_292' title='bbox 560 3444 696 3502; x_wconf 89' lang='lat' dir='ltr'><strong>Handius</strong></span> <span class='ocrx_word' id='word_1_293' title='bbox 708 3445 788 3515; x_wconf 87' lang='lat' dir='ltr'><strong>citat,</strong></span> <span class='ocrx_word' id='word_1_294' title='bbox 811 3444 872 3502; x_wconf 85' lang='lat' dir='ltr'><strong>vid.</strong></span> <span class='ocrx_word' id='word_1_295' title='bbox 887 3443 948 3504; x_wconf 90' lang='lat' dir='ltr'><strong>Cio.</strong></span> <span class='ocrx_word' id='word_1_296' title='bbox 962 3443 1044 3503; x_wconf 78' lang='lat' dir='ltr'><strong>Orat.</strong></span> <span class='ocrx_word' id='word_1_297' title='bbox 1062 3442 1145 3527; x_wconf 77' lang='lat'><strong>149.)</strong></span> 
     </span>
    </p>

    <p class='ocr_par' dir='ltr' id='par_1_8' title="bbox 71 3525 1146 4463">
     <span class='ocr_line' id='line_1_34' title="bbox 147 3525 1144 3609; baseline 0.003 -23"><span class='ocrx_word' id='word_1_298' title='bbox 147 3531 198 3587; x_wconf 81' lang='lat'><strong>34.</strong></span> <span class='ocrx_word' id='word_1_299' title='bbox 245 3549 307 3586; x_wconf 78' lang='lat' dir='ltr'><strong>eum</strong></span> <span class='ocrx_word' id='word_1_300' title='bbox 328 3533 488 3600; x_wconf 58' lang='lat' dir='ltr'><strong>emuniter,</strong></span> <span class='ocrx_word' id='word_1_301' title='bbox 517 3525 687 3609; x_wconf 82' lang='lat' dir='ltr'><strong>tumetium)</strong></span> <span class='ocrx_word' id='word_1_302' title='bbox 721 3529 770 3590; x_wconf 89' lang='lat' dir='ltr'><strong>Sic</strong></span> <span class='ocrx_word' id='word_1_303' title='bbox 792 3530 881 3587; x_wconf 85' lang='lat' dir='ltr'><strong>etiarn</strong></span> <span class='ocrx_word' id='word_1_304' title='bbox 905 3527 998 3606; x_wconf 71' lang='lat' dir='ltr'><strong>Spin,</strong></span> <span class='ocrx_word' id='word_1_305' title='bbox 1031 3531 1062 3588; x_wconf 91' lang='lat' dir='ltr'><strong>id</strong></span> <span class='ocrx_word' id='word_1_306' title='bbox 1090 3539 1144 3603; x_wconf 87' lang='lat' dir='ltr'><strong>est,</strong></span> 
     </span>
     <span class='ocr_line' id='line_1_35' title="bbox 73 3613 1145 3691; baseline 0.002 -19"><span class='ocrx_word' id='word_1_307' title='bbox 73 3613 180 3687; x_wconf 84' lang='lat' dir='ltr'><strong>optimi;</strong></span> <span class='ocrx_word' id='word_1_308' title='bbox 204 3614 298 3672; x_wconf 86' lang='lat' dir='ltr'><strong>ceteri</strong></span> <span class='ocrx_word' id='word_1_309' title='bbox 311 3613 381 3674; x_wconf 81' lang='lat' dir='ltr'><strong>Gzii</strong></span> <span class='ocrx_word' id='word_1_310' title='bbox 403 3625 433 3673; x_wconf 90' lang='lat' dir='ltr'><strong>et</strong></span> <span class='ocrx_word' id='word_1_311' title='bbox 454 3615 597 3674; x_wconf 90' lang='lat' dir='ltr'><strong>editiones</strong></span> <span class='ocrx_word' id='word_1_312' title='bbox 620 3615 764 3691; x_wconf 84' lang='lat' dir='ltr'><strong>quaedam</strong></span> <span class='ocrx_word' id='word_1_313' title='bbox 787 3625 844 3672; x_wconf 84' lang='lat' dir='ltr'><strong>tum</strong></span> <span class='ocrx_word' id='word_1_314' title='bbox 860 3649 902 3656; x_wconf 92' lang='lat'>-</span> <span class='ocrx_word' id='word_1_315' title='bbox 924 3626 988 3672; x_wconf 84' lang='lat' dir='ltr'><strong>tum.</strong></span> <span class='ocrx_word' id='word_1_316' title='bbox 1032 3616 1145 3674; x_wconf 85' lang='lat' dir='ltr'><strong>Eodem</strong></span> 
     </span>
     <span class='ocr_line' id='line_1_36' title="bbox 73 3699 1146 3774; baseline 0.001 -15"><span class='ocrx_word' id='word_1_317' title='bbox 73 3699 148 3759; x_wconf 82' lang='lat' dir='ltr'><strong>modo</strong></span> <span class='ocrx_word' id='word_1_318' title='bbox 170 3701 338 3759; x_wconf 85' lang='lat' dir='ltr'><strong>deteriores</strong></span> <span class='ocrx_word' id='word_1_319' title='bbox 361 3701 416 3758; x_wconf 93' lang='lat' dir='ltr'><strong>hoc</strong></span> <span class='ocrx_word' id='word_1_320' title='bbox 437 3701 503 3758; x_wconf 90' lang='lat' dir='ltr'><strong>libr.</strong></span> <span class='ocrx_word' id='word_1_321' title='bbox 527 3703 582 3774; x_wconf 79' lang='lat'><strong>50,</strong></span> <span class='ocrx_word' id='word_1_322' title='bbox 607 3702 663 3773; x_wconf 84' lang='lat'><strong>51,</strong></span> <span class='ocrx_word' id='word_1_323' title='bbox 686 3711 754 3758; x_wconf 83' lang='lat' dir='ltr'><strong>cett</strong></span> <span class='ocrx_word' id='word_1_324' title='bbox 798 3703 857 3759; x_wconf 82' lang='lat' dir='ltr'><strong>Res</strong></span> <span class='ocrx_word' id='word_1_325' title='bbox 885 3700 1020 3759; x_wconf 86' lang='lat' dir='ltr'><strong>confecta</strong></span> <span class='ocrx_word' id='word_1_326' title='bbox 1053 3711 1099 3760; x_wconf 90' lang='lat' dir='ltr'><strong>est</strong></span> <span class='ocrx_word' id='word_1_327' title='bbox 1127 3721 1146 3760; x_wconf 87' lang='lat' dir='ltr'><strong>a</strong></span> 
     </span>
     <span class='ocr_line' id='line_1_37' title="bbox 74 3783 1144 3864; baseline 0.004 -23"><span class='ocrx_word' id='word_1_328' title='bbox 74 3783 300 3864; x_wconf 83' lang='lat' dir='ltr'><strong>Stuerenburgio</strong></span> <span class='ocrx_word' id='word_1_329' title='bbox 318 3786 357 3844; x_wconf 90' lang='lat' dir='ltr'><strong>ad</strong></span> <span class='ocrx_word' id='word_1_330' title='bbox 374 3785 435 3845; x_wconf 88' lang='lat' dir='ltr'><strong>Cic.</strong></span> <span class='ocrx_word' id='word_1_331' title='bbox 452 3806 506 3863; x_wconf 89' lang='lat' dir='ltr'><strong>pro</strong></span> <span class='ocrx_word' id='word_1_332' title='bbox 517 3787 610 3845; x_wconf 85' lang='lat' dir='ltr'><strong>Areh.</strong></span> <span class='ocrx_word' id='word_1_333' title='bbox 629 3788 667 3844; x_wconf 85' lang='lat'><strong>31</strong></span> <span class='ocrx_word' id='word_1_334' title='bbox 687 3807 715 3863; x_wconf 93' lang='lat' dir='ltr'><strong>p.</strong></span> <span class='ocrx_word' id='word_1_335' title='bbox 730 3789 789 3844; x_wconf 84' lang='lat'><strong>164</strong></span> <span class='ocrx_word' id='word_1_336' title='bbox 807 3787 877 3844; x_wconf 90' lang='lat' dir='ltr'><strong>edit.</strong></span> <span class='ocrx_word' id='word_1_337' title='bbox 895 3787 1017 3862; x_wconf 87' lang='lat' dir='ltr'><strong>prioris;</strong></span> <span class='ocrx_word' id='word_1_338' title='bbox 1040 3788 1144 3846; x_wconf 88' lang='lat' dir='ltr'><strong>confici</strong></span> 
     </span>
     <span class='ocr_line' id='line_1_38' title="bbox 72 3869 1144 3948; baseline 0.006 -23"><span class='ocrx_word' id='word_1_339' title='bbox 72 3869 121 3928; x_wconf 84' lang='lat' dir='ltr'><strong>iam</strong></span> <span class='ocrx_word' id='word_1_340' title='bbox 141 3873 261 3948; x_wconf 87' lang='lat' dir='ltr'><strong>pridem</strong></span> <span class='ocrx_word' id='word_1_341' title='bbox 283 3881 422 3948; x_wconf 87' lang='lat' dir='ltr'><strong>potuerat</strong></span> <span class='ocrx_word' id='word_1_342' title='bbox 442 3872 678 3930; x_wconf 87' lang='lat' dir='ltr'><strong>Drakenborohii</strong></span> <span class='ocrx_word' id='word_1_343' title='bbox 696 3883 766 3930; x_wconf 86' lang='lat' dir='ltr'><strong>note</strong></span> <span class='ocrx_word' id='word_1_344' title='bbox 782 3873 820 3930; x_wconf 86' lang='lat' dir='ltr'><strong>ad</strong></span> <span class='ocrx_word' id='word_1_345' title='bbox 831 3872 949 3930; x_wconf 89' lang='lat' dir='ltr'><strong>Livium</strong></span> <span class='ocrx_word' id='word_1_346' title='bbox 961 3875 1016 3945; x_wconf 94' lang='lat' dir='ltr'><strong>VI,</strong></span> <span class='ocrx_word' id='word_1_347' title='bbox 1041 3873 1091 3944; x_wconf 80' lang='lat'><strong>2³,</strong></span> <span class='ocrx_word' id='word_1_348' title='bbox 1115 3874 1144 3931; x_wconf 84' lang='lat'><strong>3.</strong></span> 
     </span>
     <span class='ocr_line' id='line_1_39' title="bbox 72 3953 1144 4034; baseline 0.005 -22"><span class='ocrx_word' id='word_1_349' title='bbox 72 3953 102 4012; x_wconf 88' lang='lat' dir='ltr'><strong>In</strong></span> <span class='ocrx_word' id='word_1_350' title='bbox 118 3959 203 4016; x_wconf 85' lang='lat' dir='ltr'><strong>Verr.</strong></span> <span class='ocrx_word' id='word_1_351' title='bbox 216 3959 275 4028; x_wconf 85' lang='lat' dir='ltr'><strong>IV,</strong></span> <span class='ocrx_word' id='word_1_352' title='bbox 302 3959 361 4015; x_wconf 81' lang='lat'><strong>147</strong></span> <span class='ocrx_word' id='word_1_353' title='bbox 385 3959 539 4034; x_wconf 77' lang='lat' dir='ltr'><strong>Zumptius</strong></span> <span class='ocrx_word' id='word_1_354' title='bbox 555 3977 615 4017; x_wconf 91' lang='lat' dir='ltr'><strong>non</strong></span> <span class='ocrx_word' id='word_1_355' title='bbox 631 3959 840 4016; x_wconf 84' lang='lat' dir='ltr'><strong>animadvertit</strong></span> <span class='ocrx_word' id='word_1_356' title='bbox 856 3978 916 4016; x_wconf 80' lang='lat' dir='ltr'><strong>cum</strong></span> <span class='ocrx_word' id='word_1_357' title='bbox 937 3991 979 4000; x_wconf 91' lang='lat'><strong>·-</strong></span> <span class='ocrx_word' id='word_1_358' title='bbox 1002 3969 1057 4016; x_wconf 80' lang='lat' dir='ltr'><strong>tem</strong></span> <span class='ocrx_word' id='word_1_359' title='bbox 1080 3977 1144 4017; x_wconf 86' lang='lat' dir='ltr'><strong>esse</strong></span> 
     </span>
     <span class='ocr_line' id='line_1_40' title="bbox 71 4040 1145 4120; baseline 0.004 -22"><span class='ocrx_word' id='word_1_360' title='bbox 71 4040 217 4119; x_wconf 90' lang='lat' dir='ltr'><strong>inoptimo</strong></span> <span class='ocrx_word' id='word_1_361' title='bbox 231 4043 296 4101; x_wconf 90' lang='lat' dir='ltr'><strong>cod.</strong></span> <span class='ocrx_word' id='word_1_362' title='bbox 308 4045 400 4120; x_wconf 84' lang='lat' dir='ltr'><strong>regio.</strong></span> <span class='ocrx_word' id='word_1_363' title='bbox 422 4045 500 4102; x_wconf 90' lang='lat' dir='ltr'><strong>Turn</strong></span> <span class='ocrx_word' id='word_1_364' title='bbox 511 4048 660 4102; x_wconf 63' lang='lat' dir='ltr'><strong>monente·</strong></span> <span class='ocrx_word' id='word_1_365' title='bbox 675 4061 729 4102; x_wconf 88' lang='lat' dir='ltr'><strong>nec</strong></span> <span class='ocrx_word' id='word_1_366' title='bbox 741 4045 796 4102; x_wconf 90' lang='lat' dir='ltr'><strong>hoe</strong></span> <span class='ocrx_word' id='word_1_367' title='bbox 808 4044 874 4102; x_wconf 91' lang='lat' dir='ltr'><strong>loco</strong></span> <span class='ocrx_word' id='word_1_368' title='bbox 887 4061 940 4101; x_wconf 91' lang='lat' dir='ltr'><strong>neo</strong></span> <span class='ocrx_word' id='word_1_369' title='bbox 952 4061 1076 4119; x_wconf 87' lang='lat' dir='ltr'><strong>usquam</strong></span> <span class='ocrx_word' id='word_1_370' title='bbox 1093 4053 1145 4102; x_wconf 90' lang='lat' dir='ltr'><strong>aut</strong></span> 
     </span>
     <span class='ocr_line' id='line_1_41' title="bbox 71 4129 1144 4205; baseline 0.003 -19"><span class='ocrx_word' id='word_1_371' title='bbox 71 4129 139 4202; x_wconf 71' lang='lat' dir='ltr'><strong>apud</strong></span> <span class='ocrx_word' id='word_1_372' title='bbox 149 4131 330 4189; x_wconf 85' lang='lat' dir='ltr'><strong>Ciceronem</strong></span> <span class='ocrx_word' id='word_1_373' title='bbox 341 4139 394 4188; x_wconf 88' lang='lat' dir='ltr'><strong>aut</strong></span> <span class='ocrx_word' id='word_1_374' title='bbox 410 4131 489 4205; x_wconf 90' lang='lat' dir='ltr'><strong>apud</strong></span> <span class='ocrx_word' id='word_1_375' title='bbox 506 4149 682 4205; x_wconf 88' lang='lat' dir='ltr'><strong>quemquam</strong></span> <span class='ocrx_word' id='word_1_376' title='bbox 700 4139 833 4188; x_wconf 87' lang='lat' dir='ltr'><strong>veterum</strong></span> <span class='ocrx_word' id='word_1_377' title='bbox 855 4139 914 4201; x_wconf 89' lang='lat' dir='ltr'><strong>cst,</strong></span> <span class='ocrx_word' id='word_1_378' title='bbox 937 4139 971 4188; x_wconf 90' lang='lat' dir='ltr'><strong>ut</strong></span> <span class='ocrx_word' id='word_1_379' title='bbox 992 4131 1022 4187; x_wconf 92' lang='lat' dir='ltr'><strong>in</strong></span> <span class='ocrx_word' id='word_1_380' title='bbox 1040 4131 1144 4190; x_wconf 85' lang='lat' dir='ltr'><strong>lexicis</strong></span> 
     </span>
     <span class='ocr_line' id='line_1_42' title="bbox 71 4213 1144 4293; baseline 0.006 -24"><span class='ocrx_word' id='word_1_381' title='bbox 71 4215 197 4273; x_wconf 86' lang='lat' dir='ltr'><strong>omnibus</strong></span> <span class='ocrx_word' id='word_1_382' title='bbox 221 4215 344 4291; x_wconf 87' lang='lat' dir='ltr'><strong>ponitur</strong></span> <span class='ocrx_word' id='word_1_383' title='bbox 366 4213 469 4292; x_wconf 85' lang='lat' dir='ltr'><strong>[etiam</strong></span> <span class='ocrx_word' id='word_1_384' title='bbox 491 4213 662 4293; x_wconf 75' lang='lat' dir='ltr'><strong>Fecundii],</strong></span> <span class='ocrx_word' id='word_1_385' title='bbox 685 4235 699 4272; x_wconf 82' lang='lat' dir='ltr'><strong>e</strong></span> <span class='ocrx_word' id='word_1_386' title='bbox 720 4219 845 4274; x_wconf 72' lang='lat' dir='ltr'><strong>manerio</strong></span> <span class='ocrx_word' id='word_1_387' title='bbox 868 4215 1067 4292; x_wconf 82' lang='lat' dir='ltr'><strong>(anawandig,</strong></span> <span class='ocrx_word' id='word_1_388' title='bbox 1089 4235 1144 4276; x_wconf 90' lang='lat' dir='ltr'><strong>aus</strong></span> 
     </span>
     <span class='ocr_line' id='line_1_43' title="bbox 71 4299 1143 4377; baseline 0.007 -23"><span class='ocrx_word' id='word_1_389' title='bbox 71 4299 127 4358; x_wconf 65' lang='lat' dir='ltr'><strong>mm</strong></span> <span class='ocrx_word' id='word_1_390' title='bbox 148 4300 279 4377; x_wconf 78' lang='lat' dir='ltr'><strong>Kopie),</strong></span> <span class='ocrx_word' id='word_1_391' title='bbox 302 4310 335 4358; x_wconf 90' lang='lat' dir='ltr'><strong>ut</strong></span> <span class='ocrx_word' id='word_1_392' title='bbox 356 4302 534 4360; x_wconf 89' lang='lat' dir='ltr'><strong>contrarium</strong></span> <span class='ocrx_word' id='word_1_393' title='bbox 557 4302 605 4373; x_wconf 89' lang='lat' dir='ltr'><strong>sit,</strong></span> <span class='ocrx_word' id='word_1_394' title='bbox 627 4302 873 4376; x_wconf 85' lang='lat' dir='ltr'><strong>quemadmodum</strong></span> <span class='ocrx_word' id='word_1_395' title='bbox 890 4301 1025 4360; x_wconf 87' lang='lat' dir='ltr'><strong>Nizolius</strong></span> <span class='ocrx_word' id='word_1_396' title='bbox 1048 4302 1143 4374; x_wconf 86' lang='lat' dir='ltr'><strong>docet,</strong></span> 
     </span>
     <span class='ocr_line' id='line_1_44' title="bbox 71 4385 1143 4463; baseline 0.006 -23"><span class='ocrx_word' id='word_1_397' title='bbox 71 4385 99 4440; x_wconf 76' lang='lat' dir='ltr'><strong>de</strong></span> <span class='ocrx_word' id='word_1_398' title='bbox 117 4391 233 4462; x_wconf 53' lang='lat' dir='ltr'><strong>tempto,</strong></span> <span class='ocrx_word' id='word_1_399' title='bbox 269 4403 357 4461; x_wconf 87' lang='lat' dir='ltr'><strong>quam</strong></span> <span class='ocrx_word' id='word_1_400' title='bbox 390 4387 632 4463; x_wconf 85' lang='lat' dir='ltr'><strong>significationem</strong></span> <span class='ocrx_word' id='word_1_401' title='bbox 661 4405 727 4445; x_wconf 89' lang='lat' dir='ltr'><strong>eum</strong></span> <span class='ocrx_word' id='word_1_402' title='bbox 754 4387 884 4463; x_wconf 84' lang='lat' dir='ltr'><strong>ineptam</strong></span> <span class='ocrx_word' id='word_1_403' title='bbox 907 4407 971 4446; x_wconf 88' lang='lat' dir='ltr'><strong>esse</strong></span> <span class='ocrx_word' id='word_1_404' title='bbox 1000 4388 1143 4446; x_wconf 87' lang='lat' dir='ltr'><strong>hocloco</strong></span> 
     </span>
    </p>
   </div>
   <div class='ocr_carea' id='block_1_6' title="bbox 0 0 1464 5012">
    <p class='ocr_par' dir='ltr' id='par_1_9' title="bbox 0 0 1464 5012">
     <span class='ocr_line' id='line_1_45' title="bbox 0 0 1464 5012; baseline 0 3"><span class='ocrx_word' id='word_1_405' title='bbox 0 0 1464 5012; x_wconf 95' lang='lat' dir='ltr'><strong> </strong></span> 
     </span>
    </p>
   </div>
  </div>
 </body>
</html>
