3034 5030
289 417 352 484 368
683 437 727 482 nn
749 435 881 484 russeus
903 436 974 482 sou.

289 604 414 685 placent
430 607 597 671 autminus
608 605 840 688 intelleguntur,
862 593 1048 683 καταλήψεις
1064 606 1256 687 appellemus
1274 606 1372 684 lieet),

290 725 344 772 eas
372 709 468 790 igitur
494 710 581 792 ipsas
609 715 741 790 propter
768 725 803 774 sc
830 709 1026 774 asciscendus
1048 709 1249 786 arbitramur,
1283 710 1372 789 quod

290 809 426 875 habeant
447 811 595 894 quiddam
616 811 648 876 in
672 829 706 876 se
728 811 818 892 quasi
840 810 1033 893 complexum
1055 819 1087 876 et
1103 811 1264 876 continens
1286 811 1372 876 veri·

289 917 394 977 tatem.
438 915 475 978 Id
497 921 601 980 autern
622 913 653 978 in
676 913 784 994 parvis
804 912 941 994 intellegi
963 920 1081 994 potest,
1114 931 1194 994 quos
1221 913 1373 978 delectari

251 1014 466 1096 invideamus,
489 1017 611 1082 edamsi
632 1034 741 1081 eorum
763 1015 839 1080 nihil
860 1015 997 1094 intersit,
1020 1015 1047 1080 si
1070 1015 1145 1096 quid
1167 1016 1287 1080 ratione
1308 1033 1373 1096 per

289 1135 324 1181 sc
345 1117 405 1198 ipsi
426 1119 609 1184 invenerint.
655 1119 704 1182 18.
727 1119 821 1182 Artes
844 1117 937 1182 etiam
958 1116 1045 1198 ipsas
1067 1125 1199 1199 propter
1220 1135 1255 1182 se
1275 1135 1372 1182 assu·

289 1222 418 1286 mendas
440 1227 596 1302 putamus,
618 1238 687 1285 cum
711 1220 784 1302 quia
805 1219 847 1284 sit
862 1219 1074 1302 iniisaliquid
1085 1219 1212 1302 dignum
1223 1238 1373 1300 assump-

289 1324 389 1400 tione,
423 1333 489 1388 tum
522 1324 606 1404 quod
633 1329 777 1387 constent
810 1339 848 1386 er
880 1321 1104 1403 cognitionibus
1132 1333 1164 1388 et
1190 1322 1374 1388 contineant

290 1425 439 1507 quiddam
461 1425 492 1490 in
516 1444 549 1489 se
571 1425 692 1490 ratione
720 1424 922 1489 constitutum
944 1429 976 1488 et
998 1425 1056 1488 via.
1101 1427 1128 1488 A
1156 1423 1235 1488 falsa
1261 1432 1375 1488 autem

231 1525 272 1588 10
289 1527 470 1592 assensione
492 1526 591 1610 magis
613 1545 670 1592 nos
693 1525 844 1590 alienatos
871 1543 941 1591 esse
968 1543 1061 1606 quam
1089 1544 1108 1590 a
1130 1527 1241 1592 ceteris
1263 1526 1374 1604 rebus,

289 1647 372 1710 quae
393 1631 457 1695 sint
478 1635 588 1695 contra
603 1636 756 1706 naturam,
779 1627 980 1694 arbitrantur.
1013 1630 1080 1693 lam
1097 1628 1312 1706 membrorum,
1334 1628 1375 1693 id

362 1873 382 1917 l.
401 1877 443 1918 aut
460 1867 484 1918 ei
499 1867 614 1917 minucii
651 1865 789 1934 [cotalepat's
805 1865 839 1933 A]
880 1865 1039 1946 [appellaturus
1055 1865 1100 1934 tlh]
1140 1872 1162 1918 2.
1181 1867 1226 1916 har
1243 1865 1286 1917 Or.
1323 1865 1376 1931 tyt-

289 1935 437 1988 larome
493 1935 765 1987 ³.verr'totemom.R
833 1934 1230 2003 amanrepawamqnm
1283 1936 1378 1986 baed

290 2004 386 2068 prandii
445 2005 621 2056 advenerunt
640 2003 823 2068 autemnon
973 2021 999 2054 ae
1018 2002 1048 2072 h]
1110 2009 1132 2055 b.
1152 2002 1294 2068 updeudos
1313 2010 1376 2070 ipro

289 2072 485 2138 mamendmlli
526 2078 547 2123 7.
565 2082 612 2124 tum
632 2071 769 2124 LMCROr.
812 2071 848 2120 lis
870 2071 903 2140 [Α
920 2072 1083 2124 ELPMCOr.
1126 2072 1218 2138 deponam
1237 2071 1329 2138 aliquid
1350 2073 1375 2122 P

291 2147 315 2196 8,
335 2142 391 2209 [qao
410 2150 515 2193 conulent
532 2140 582 2209 uh]
623 2147 662 2190 10.
679 2139 839 2190 assentatione
856 2141 877 2190 P
917 2146 953 2190 ll.
971 2150 1026 2190 sunl
1044 2139 1229 2204 (LPMlcssor.

290 2347 401 2408 deesse.
425 2349 481 2405 iarn
494 2350 552 2407 Th.
561 2349 714 2406 Bentleius
726 2359 867 2406 senserat.
891 2349 1028 2407 Handius
1039 2358 1138 2407 tamen
1150 2349 1187 2406 ad
1204 2348 1376 2426 Wopkens.

290 2434 385 2492 Lectt.
407 2434 486 2492 Tull.
510 2454 538 2510 p.
562 2435 612 2506 22,
636 2453 673 2492 ne
695 2434 874 2492 deteriorum
896 2435 1029 2492 codicum
1048 2433 1154 2492 mendo
1171 2434 1375 2510 patrocinium

289 2519 376 2592 desit,
387 2521 452 2578 haec
463 2521 527 2577 vult
539 2539 603 2578 essa
615 2523 689 2578 talah.
722 2519 852 2578 Omnino
863 2521 1000 2578 Handius
1011 2519 1146 2578 codicum
1157 2519 1326 2578 discrimina
1340 2532 1377 2580 et

294 2605 467 2681 dignitatem
489 2623 634 2680 nusquam
657 2614 749 2663 curet.
764 2605 854 2684 .(Aut
864 2606 963 2681 priore
974 2606 1041 2664 loco
1051 2605 1193 2663 emittunt
1208 2606 1297 2664 etiam
1307 2601 1376 2678 Εξ,

289 2691 379 2760 Man,
392 2689 510 2766 Lamb.)
533 2689 608 2768 [Hoc
630 2692 709 2748 cerdo
730 2691 820 2748 etiam
831 2689 882 2769 Β.]
910 2692 983 2749 Mox
995 2689 1090 2750 Gaius
1118 2709 1134 2748 e
1157 2691 1221 2749 nod.
1238 2690 1378 2750 Vindob.

289 2776 340 2832 hoa
354 2779 444 2849 ipitur.
467 2785 498 2833 et
519 2787 607 2852 negat
629 2775 716 2833 aliter
737 2795 876 2850 umquam
889 2776 993 2846 seribi3
1016 2781 1074 2846 αῖς
1090 2779 1128 2833 14
1144 2777 1208 2853 ipse
1220 2776 1377 2835 ediderat:

288 2862 318 2918 id
339 2879 409 2934 erpo,
432 2864 558 2936 alequam,
586 2879 644 2919 non
668 2863 716 2919 hoe
738 2881 813 2934 erp03
837 2861 911 2918 adeo
934 2862 1034 2920 brevis
1055 2861 1113 2920 fuit
1134 2862 1302 2920 memoriae.

374 2948 448 3020 quod
470 2947 598 3025 habeant)
621 2947 744 3004 Poterat
761 2947 845 3017 Cato,
869 2946 947 3021 quod
970 2947 1034 3024 ipse
1046 2965 1148 3006 verum
1158 2966 1222 3006 esse
1234 2947 1378 3024 putebat,

287 3031 423 3089 absolute
445 3051 500 3108 pro
522 3050 612 3090 causa
633 3051 758 3108 ponere:
781 3034 856 3106 quod
878 3033 989 3104 hobent3
1013 3033 1065 3090 sed
1082 3041 1197 3109 partem
1209 3033 1382 3093 benefecit

288 3117 452 3174 sententiae
475 3116 512 3175 ab
534 3119 700 3174 arbitramur
719 3117 891 3193 pendentis,
915 3128 946 3175 et
966 3119 1055 3195 paulo
1077 3127 1146 3194 post
1168 3118 1240 3199 (18)
1263 3117 1379 3179 eodem

288 3201 478 3260 mododixit:
495 3211 634 3278 portamus.
657 3221 716 3260 cum
738 3205 804 3277 quia
826 3206 862 3260 sit
877 3211 943 3274 cet,
966 3213 1022 3262 tum
1044 3205 1119 3279 quod
1138 3214 1264 3275 cmwtmet,
1287 3205 1379 3279 quia,

288 3287 343 3345 etsi
367 3287 430 3362 ipse
453 3287 499 3345 his
521 3289 685 3346 assentiens
707 3288 804 3364 prima
825 3289 1065 3364 personantium,
1088 3299 1231 3348 tamense
1249 3289 1381 3351 stoicae

287 3372 461 3448 disciplinae
484 3372 648 3431 doctrinam
660 3373 810 3449 explicare
833 3373 975 3432 meminit
998 3373 1074 3450 (Cir.
1086 3375 1111 3445 1,
1125 3375 1159 3432 8:
1181 3377 1270 3447 credo,
1293 3380 1382 3450 quod

287 3453 452 3538 trucidemus)
495 3459 531 3516 Iu
559 3477 604 3529 eo,
628 3459 707 3534 quod
729 3459 872 3534 sequitur,
895 3461 1033 3517 υὲᾱαααααα
1055 3458 1124 3538 (pro
1141 3459 1382 3534 quoErnestius

287 3543 406 3599 risimus
429 3543 517 3601 scribi
540 3543 658 3615 maluit,
689 3553 722 3600 ut
749 3553 794 3602 est
821 3544 851 3600 in
875 3539 931 3620 Εξ)
955 3546 1081 3604 causalis
1109 3545 1285 3621 significatio
1307 3558 1381 3618 est3

288 3627 341 3685 cfr.
365 3628 415 3684 33.
460 3627 519 3686 Sed
542 3629 621 3703 quod
649 3629 850 3687 subiciebatur
871 3632 1039 3702 invenerunt,
1072 3630 1145 3689 ferri
1174 3631 1205 3688 in
1233 3631 1381 3692 oratione

287 3713 409 3788 obliqua
430 3722 499 3789 post
519 3716 657 3772 virieumus
679 3733 738 3772 non
761 3723 892 3790 poterat3
914 3717 1060 3774 incumbat
1082 3716 1171 3774 etiam
1194 3713 1281 3794 [AB]
1303 3713 1367 3786 Εξ.

377 3799 425 3856 18.
447 3817 508 3856 clun
530 3803 595 3874 qtu'a
617 3803 652 3857 ait
673 3802 701 3856 in
723 3803 756 3858 iis
779 3795 849 3880 cet)
896 3800 965 3858 Cum
991 3811 1072 3860 recte
1100 3801 1249 3862 Gruterus
1277 3803 1382 3863 tacite

287 3895 318 3942 et
339 3883 439 3955 ceteri,
463 3883 556 3941 donee
578 3883 672 3943 Gziue
694 3903 711 3942 e
733 3886 802 3944 Bas.
827 3895 856 3943 et
879 3885 959 3945 Gud.
983 3891 997 3944 1
1023 3899 1078 3946 uem
1095 3887 1230 3948 reduxit:
1252 3887 1311 3946 vid.
1332 3891 1383 3948 ad

287 3970 312 4033 1.
337 3969 392 4038 343
416 3972 442 4024 in
466 3970 508 4026 bis
530 3987 631 4026 omnes
653 3968 717 4027 fere
739 3971 892 4030 editiones.
925 3973 1154 4050 Argumentum,
1177 3973 1258 4048 qnod
1267 3972 1383 4049 priore

286 4055 353 4112 loco
376 4053 481 4114 Cicero
503 4055 595 4130 ponit,
619 4055 723 4112 miram
745 4056 835 4114 habet
846 4057 1039 4134 tautologiam
1063 4057 1274 4135 (cinTiedem.
1288 4057 1383 4135 Syst.

288 4139 380 4198 Stoic.
392 4139 441 4197 III
453 4159 481 4214 p.
495 4139 559 4215 29).
592 4141 699 4198 Artem
717 4127 854 4216 σύστημα
872 4135 902 4198 ἐκ
918 4127 1118 4218 καταλήψεων
1135 4139 1381 4225 (συγγεγυμνασ-

287 4216 395 4302 μένων)
419 4224 512 4284 Stoici
528 4225 722 4295 deliniebant3
744 4225 804 4283 vid.
816 4227 911 4284 Aead.
928 4229 970 4298 11,
982 4245 1008 4284 c.
1021 4229 1050 4299 7,
1066 4229 1105 4285 22
1119 4238 1149 4286 et
1159 4227 1200 4285 ibi
1212 4227 1247 4284 P.
1259 4228 1383 4304 Faber,

287 4306 371 4365 Sext.
392 4310 479 4384 Emp.
502 4311 607 4386 Pyrrh.
626 4312 778 4388 Hypotyp.
800 4313 859 4385 111,
884 4313 955 4370 241.
1511 4371 1512 4384 ,

372 4413 423 4450 nors
445 4397 574 4454 athomos
585 4415 642 4454 esse
653 4429 695 4438 —
706 4397 888 4474 arbitrantur)
911 4397 1014 4458 Ursini
1026 4397 1121 4456 codex
1133 4396 1175 4477 (l)
1191 4399 1383 4476 ardanna»,

1496 4721 1511 4988 l
