2956 5028
382 404 427 450 nr
451 401 531 450 usn.
554 403 617 450 nm.
641 405 665 450 u
687 403 760 452 cur.
779 407 820 453 se.
1082 387 1146 454 283

70 581 167 638 sunu
189 581 225 637 et
246 571 389 638 iuvidiam
410 571 499 636 facile
521 573 648 652 vitabis;
682 574 723 638 ed
753 591 807 638 ces
829 573 911 640 enim
932 593 985 640 res
1007 573 1047 640 eb
1068 574 1144 656 Epi·

68 693 137 740 ouo
164 687 335 757 praccepta
361 675 484 740 deuon.
528 675 569 739 Et
602 682 706 740 tomen
740 675 835 741 tantis
868 677 1070 758 vectigalibus
1104 677 1144 742 ed

133 902 154 947 l.
174 915 216 947 m
234 897 291 947 enim
310 898 332 947 lt
386 901 409 948 2.
427 904 506 946 tomen
523 913 569 946 non
586 895 660 946 tamn
680 895 795 948 LPMCR

67 1122 223 1180 llonueret
243 1123 301 1179 iem
324 1121 596 1182 Drakenborchius.
641 1117 763 1202 [Aeque
785 1121 998 1180 incredibiliter
1020 1123 1145 1180 advoce-

68 1221 109 1264 tur
130 1208 362 1285 Verg.Aeueid.
384 1209 462 1280 VH,
487 1203 573 1286 tto]
617 1207 696 1265 Illud
718 1208 824 1266 merito
847 1209 1026 1284 superfluum
1049 1208 1145 1278 dices,

67 1293 139 1368 quod
161 1293 335 1353 Gronovius
358 1303 389 1352 et
409 1291 561 1350 Drakenb.
589 1293 641 1369 (ed
664 1293 728 1350 Liv.
751 1294 812 1366 IV,
843 1293 897 1364 30,
930 1295 980 1365 15)
1009 1294 1147 1370 exemplo

66 1379 231 1456 colligendo
250 1389 402 1456 putarunt,
426 1379 477 1436 ubi
500 1377 656 1450 diceretur,
679 1397 742 1436 rem
765 1380 895 1454 aliquem
918 1380 990 1437 satis
1013 1399 1092 1450 esse,
1115 1378 1146 1436 id

67 1473 114 1534 ml,
142 1463 289 1523 sufficere.
343 1465 380 1522 In
409 1463 540 1524 Cornelii
573 1463 662 1521 etiam
693 1464 829 1540 Epamin.
854 1467 872 1522 4
896 1465 975 1539 quod
1003 1465 1145 1541 scriptum

68 1559 119 1606 est:
141 1551 319 1608 obsnmrmee
341 1553 391 1607 erit
412 1551 461 1607 loc
483 1553 550 1607 sotis
568 1553 753 1620 testimonium,
776 1559 856 1606 recte
869 1549 911 1607 sic
922 1549 981 1607 iem
993 1549 1144 1608 Drakenb.

70 1634 217 1693 intellexit-
247 1637 312 1714 (hoc
340 1638 514 1693 testimoninm
543 1638 611 1692 sote's
638 1635 712 1710 erit).
745 1635 965 1710 Relinquuntur
985 1635 1085 1711 igitur,
1109 1635 1145 1693 de

67 1719 168 1794 quibus
192 1721 352 1792 dubitetur,
376 1722 434 1779 dno
457 1721 524 1790 loci,
548 1721 624 1778 alter
636 1719 788 1780 Ciceronis
811 1720 841 1777 in
865 1721 967 1796 epod
988 1721 1053 1778 An
1070 1721 1144 1792 XII,

68 1807 118 1862 50:
150 1811 177 1864 si
197 1811 265 1864 sotis
286 1809 425 1864 connd'nm
447 1807 568 1882 quodem
590 1808 624 1864 de
645 1825 675 1864 re
697 1808 833 1876 leonem,
868 1807 904 1862 de
927 1825 986 1881 quo
1009 1805 1144 1881 equidem

68 1908 120 1948 uon
140 1893 230 1950 nimis
258 1892 390 1962 confid03
412 1911 479 1949 nem
508 1893 572 1968 ipse
594 1892 752 1949 verborum
775 1891 889 1968 positus
911 1901 1066 1968 repugnat,
1090 1910 1144 1949 uec

68 1993 131 2033 sone
152 1989 222 2054 epte
244 1979 304 2035 dici
327 1975 445 2034 videtur
465 1980 602 2035 conm'tium
625 1979 717 2048 labeo,
740 1985 774 2034 ut
795 1977 921 2034 addetur
937 1981 1013 2048 sotis,
1033 1995 1144 2052 perron,

68 2061 185 2132 similin;
207 2063 360 2142 [Moserus
377 2063 523 2120 excidisse
539 2062 656 2139 putarit
674 2073 774 2120 certum
791 2071 843 2120 eut
859 2063 954 2120 simile
966 2063 1145 2120 adiectivum

68 2158 129 2221 post
150 2148 248 2228 sotis];
271 2149 348 2206 alter
360 2149 512 2224 scriptoris
534 2149 749 2206 rhetoricorum
771 2149 810 2206 cd
820 2147 1003 2205 Herennium
1027 2149 1055 2204 in
1079 2148 1145 2224 ipso

67 2232 160 2292 initio:
197 2239 244 2292 cir
276 2237 345 2291 son's
378 2237 458 2291 otium
492 2237 581 2290 studio
613 2235 787 2310 meppeditnre
815 2253 975 2310 possumus,
1009 2234 1060 2291 nbi
1094 2235 1145 2308 qui

69 2321 140 2374 mmm
162 2321 314 2387 omittunt,
337 2319 485 2376 debebant
507 2320 621 2390 dicere,
649 2319 701 2376 ubi
724 2319 865 2395 scriptum
887 2319 1087 2395 repperissent
1109 2319 1146 2377 de

68 2402 193 2462 homine:
215 2407 360 2482 suppedito
380 2408 428 2462 rei.
472 2405 531 2465 Sed
553 2413 679 2479 utroque
701 2405 767 2462 loco
784 2407 887 2462 consilii
902 2415 932 2462 et
944 2407 990 2462 otii
1000 2405 1062 2476 illo,
1086 2423 1144 2480 quo

69 2487 132 2548 dixi
155 2492 243 2549 modo
266 2491 418 2566 corrumpi
439 2491 543 2567 potuit
577 2491 624 2547 De
636 2491 726 2567 Legg.
738 2491 764 2562 I,
778 2490 818 2548 30
840 2500 955 2548 tontum
978 2491 1046 2548 meli
1060 2490 1144 2548 codd.

68 2573 184 2634 habente
206 2579 281 2652 qnod
302 2587 488 2649 ornamentum
509 2579 577 2634 sotn
599 2585 646 2644 est,
670 2576 808 2633 meliores
830 2585 860 2633 et
877 2577 1144 2652 pluresnrpnmentr'.

69 2658 101 2716 lu
122 2662 315 2738 Digestorum
337 2661 404 2718 libr.
414 2663 481 2732 XL,
495 2662 523 2733 5,
537 2662 576 2718 tc
590 2660 739 2738 (Ulpien.)
762 2661 909 2718 sententia
919 2662 1042 2737 respuit,
1066 2661 1146 2736 quod

69 2744 94 2800 in
119 2749 183 2805 cod.
205 2747 381 2806 Florentino
409 2757 468 2804 est:
501 2751 568 2804 sans
596 2750 721 2803 iniseriam
748 2750 821 2821 som't
848 2749 976 2818 libertati,
1011 2747 1041 2804 ln
1069 2748 1145 2806 libro
1236 2787 1243 2798 ι

68 2830 247 2901 XXXVIII,
275 2837 302 2903 l,
329 2833 366 2889 19
390 2830 502 2912 (Gai.):
525 2843 554 2890 nt
575 2835 643 2889 sotis
666 2843 769 2908 tempus
785 2835 974 2908 adquaestum
986 2835 1146 2907 jaciendum

69 2917 170 2981 tanat,
204 2928 321 2975 tentum
354 2918 511 2975 verborum
545 2917 712 2976 coniunctio
745 2917 876 2975 offendit.
927 2917 1145 2996 [Omittendum

69 3002 179 3062 ridetur
194 3002 287 3082 satie]
315 3003 505 3079 comparent,
528 3003 607 3078 quod
619 3003 698 3079 apud
710 3003 884 3062 Sallustium
896 3014 941 3061 est
964 3005 1041 3080 (lug.
1057 3003 1145 3078 102):

66 3100 188 3161 perenm
214 3091 323 3146 abunde
350 3089 476 3146 hommes
499 3089 560 3166 (cui
583 3089 679 3146 simile
702 3099 748 3147 est
774 3089 804 3146 in
827 3099 901 3146 oret.
919 3089 1026 3147 Licinii
1049 3094 1064 3160 ξ
1090 3091 1144 3146 26:
1167 3121 1179 3132 κ

68 3174 167 3232 abunde
179 3176 327 3232 libertatem
337 3173 420 3253 roti);
437 3176 526 3232 velim
549 3183 647 3231 temen
671 3175 875 3247 animadverti,
899 3175 1054 3251 adiungis
1076 3193 1145 3232 con-

68 3262 168 3318 turio:
191 3263 337 3317 ermom-nm
365 3277 449 3334 neque
480 3261 555 3317 nom
583 3279 667 3334 oreque
694 3264 820 3335 ctce'qnom
847 3264 962 3317 omnium
989 3265 1057 3318 sotis
1078 3263 1144 3334 snit.

68 3343 144 3422 Nego
169 3345 229 3404 dici
252 3346 399 3422 potuisse:
422 3349 503 3404 omni
523 3350 564 3388 '—
587 3349 654 3402 sotis
670 3348 793 3419 suessent.

169 3435 225 3488 ium
251 3431 395 3506 contemne)
440 3431 490 3490 Sic
523 3431 612 3488 etiem
646 3427 716 3511 [A,]
756 3431 834 3508 Spir-
868 3427 938 3511 [B],
972 3451 1029 3508 mg.
1054 3430 1144 3502 Cret,

68 3529 94 3572 ut
130 3517 267 3588 videtur,
313 3517 403 3576 etiem
441 3511 493 3584 Εξ.
553 3517 726 3574 Deteriores
766 3525 930 3574 ceterorum
965 3517 1144 3592 (Davisieni,
1220 3553 1224 3564 ·

67 3600 137 3661 Oxx.
176 3615 236 3678 χψ,
271 3601 370 3676 Gzii),
404 3611 438 3660 ut
470 3603 578 3670 nostri,
612 3613 775 3659 contemnere
805 3601 861 3673 (sic
888 3603 1145 3678 interpungentes:

63 3689 228 3760 poemiam
254 3691 310 3745 mm
341 3690 524 3760 contemnere).
582 3682 625 3755 Εξ
653 3691 785 3764 potentis.
844 3689 980 3746 Contemni
1017 3688 1147 3746 restituit

68 3772 227 3833 Victorius.

144 3859 190 3916 Et
211 3869 299 3916 tanen
321 3859 403 3915 tenne
424 3857 608 3933 emtiqolr'bus)
633 3857 683 3917 Sic
704 3858 769 3916 Pol.
786 3862 812 3930 l,
835 3858 950 3928 Morel,
975 3857 1052 3934 Spir.
1081 3854 1145 3940 [B],

64 3942 207 4022 El.(2?);
233 3945 281 4013 „in
305 3942 497 4020 Smligerano
519 3943 670 4000 nonlincis
693 3945 867 4002 subductum
880 3949 972 4002 eret“
1006 3945 1146 4002 Ettomen

66 4029 148 4090 simili
174 4030 263 4088 modo
274 4039 363 4105 etque
387 4032 410 4100 l,
438 4029 486 4100 15,
509 4029 538 4086 h.
561 4029 627 4086 libr.
642 4031 681 4086 64
704 4031 833 4105 ponitur,
856 4030 1083 4087 hecsententie:
1107 4037 1145 4101 et,

65 4115 179 4176 etiamsi
201 4115 263 4185 ille,
287 4133 363 4190 quae
386 4115 457 4186 dixi,
481 4113 653 4186 defecerint,
677 4125 775 4172 temen
797 4125 853 4174 cet.
897 4116 1003 4190 Itaque
1019 4115 1147 4173 refertur

65 4201 209 4276 particule
230 4201 269 4258 ed
291 4201 413 4259 tacitum
436 4201 619 4258 intellectum
642 4210 672 4257 et
689 4201 908 4260 concessionem
920 4202 1060 4259 contrarii
1073 4201 1146 4272 eius,

65 4291 138 4362 qnod
164 4297 251 4345 antee
274 4286 403 4364 positum
426 4297 480 4344 est.
530 4286 656 4344 Notavit
683 4287 740 4344 hoc
767 4305 860 4364 genus
889 4287 1083 4347 Gemherdus
1115 4287 1147 4344 in

65 4371 121 4433 Cst.
152 4375 200 4431 16.
246 4371 313 4451 [Ad
335 4377 399 4430 An.
422 4374 496 4444 XII,
520 4374 561 4430 42
585 4370 664 4450 init]
707 4373 777 4430 Non
805 4373 864 4432 elio
891 4391 1009 4450 genere,
1032 4381 1147 4430 tentum
