2956 5028
297 393 361 459 226
691 411 735 456 nn
757 409 888 458 eminus
910 411 982 456 nou.

298 597 404 644 vocem
437 579 610 644 honestetis
642 596 724 658 quee
752 580 794 644 sit
815 578 994 643 subicienda
1016 577 1178 642 sententia
1223 578 1267 642 Ut
1294 577 1381 641 enim
1454 629 1455 632 ,

298 786 415 842 erudirere
436 787 543 861 oliqru‘d
564 789 604 842 rei
624 794 675 842 eut
697 787 746 842 sub
774 806 828 842 rem
858 786 1010 852 dixerunt,
1044 785 1094 840 sab
1127 803 1156 840 re
1187 801 1246 840 non
1279 783 1380 858 magis

298 871 409 928 dixisse
431 868 585 942 uidentur,
609 871 745 928 obstante
767 879 864 928 motus
886 871 1019 938 notione,
1043 887 1131 944 quem
1153 869 1202 925 snb
1224 870 1308 924 66666
1331 887 1381 924 66-

299 957 378 1022 dere,
412 957 625 1032 estpotestate,
659 957 708 1012 sab
731 958 784 1012 ictu
806 958 908 1022 venire,
932 955 981 1011 sub
1003 957 1223 1024 musterolum,
1256 952 1380 1009 similia.

299 1041 441 1097 Dativum
463 1059 542 1097 nunc
564 1039 735 1099 omittimus.
790 1040 964 1097 Accusativi
985 1039 1198 1114 praepositioni
1221 1037 1315 1094 additi
1340 1056 1381 1092 ex

298 1125 365 1182 aliis
388 1126 581 1201 scriptoribus
603 1124 740 1200 exempla
761 1125 833 1181 haec
856 1133 957 1194 sunto,
986 1125 1093 1198 partim
1116 1141 1134 1179 a
1155 1122 1381 1198 lexicographis

298 1219 430 1286 sumptas
452 1211 539 1268 Varr.
563 1211 600 1268 R.
612 1210 647 1267 n„
659 1211 701 1281 Π,
717 1213 744 1280 1,
763 1211 803 1266 26
815 1220 845 1266 et
858 1210 885 1280 2,
902 1211 949 1280 11,
972 1210 1030 1278 ΙΠ,
1057 1210 1104 1275 16,
1124 1209 1173 1275 35,
1197 1206 1285 1266 Corn.
1298 1207 1381 1281 Nep.

297 1295 401 1370 Pelop.
425 1295 443 1351 3
467 1296 530 1371 (ereb
553 1297 709 1370 preterieram,
744 1294 822 1370 quod
851 1295 950 1351 Plinio
972 1295 1011 1350 H.
1034 1293 1072 1349 N.
1095 1293 1220 1354 XXVI.
1258 1295 1316 1348 111
1349 1303 1381 1346 et

298 1379 428 1439 Senecae
451 1380 487 1436 de
509 1379 613 1438 Benef.
634 1380 682 1451 11,
708 1381 756 1450 10,
784 1383 797 1436 1
823 1389 868 1436 est
890 1377 1030 1454 pulvim),
1064 1377 1179 1437 Colum.
1202 1378 1262 1447 VI,
1287 1377 1322 1447 2,
1349 1378 1380 1445 6,

297 1464 383 1522 Rhet
407 1465 444 1521 ad
466 1466 596 1522 Herenu.
619 1465 661 1536 Π,
686 1465 726 1521 56
750 1465 813 1542 (snb
830 1473 989 1540 potestatem
1012 1464 1143 1531 subirem
1166 1461 1228 1530 Cic.
1252 1459 1312 1520 Off.
1335 1461 1382 1530 Π,

299 1550 354 1606 223
372 1553 502 1624 potestati
521 1545 661 1630 subicere),
684 1551 739 1620 lv,
759 1550 820 1606 det
834 1550 871 1605 12
895 1544 959 1629 (sub
971 1550 1090 1604 hostilem
1102 1548 1236 1604 libidinem
1247 1547 1380 1615 subicere,

298 1629 941 1710 6666166666666666161066611166166)
968 1643 998 1690 et
1014 1635 1075 1702 IV,
1105 1633 1154 1689 60.
1188 1631 1280 1707 Apud
1298 1631 1381 1687 hunc

298 1719 395 1794 ipsum
417 1719 632 1777 rhetoricorum
655 1719 828 1794 scriptorem
851 1719 915 1790 ΠΙ,
940 1720 957 1775 7
982 1718 1091 1775 editur:
1114 1737 1184 1790 quac
1210 1717 1382 1772 subluantur·

298 1805 347 1860 sab
369 1805 496 1860 vocabulo
518 1807 590 1874 recti,
614 1804 666 1860 sed
688 1813 748 1862 tres
770 1803 887 1862 codices
909 1801 1242 1879 apudOudendorpium
1265 1800 1380 1856 hebent-

298 1889 468 1958 vocabalum
502 1889 553 1945 ubi
576 1888 723 1946 ablativus
746 1889 952 1945 auctoritatem
974 1887 1097 1954 habeat,
1126 1905 1216 1942 unum
1239 1885 1311 1942 novi
1333 1884 1379 1941 lo-

298 1991 379 2043 cum,
403 1973 433 2030 in
456 1973 607 2030 codicibus
630 1973 807 2046 Quintiliani
829 1973 923 2043 vm,
948 1974 977 2043 6,
1004 1973 1056 2028 19:
1079 1973 1220 2044 sr'pnuadr's
1241 1971 1323 2026 rebare
1345 1990 1380 2026 oc

297 2059 347 2114 sub
369 2059 452 2115 oculis
474 2059 649 2128 sutr'ciendie;
680 2058 762 2132 atqui
795 2058 873 2114 idem
896 2057 1097 2130 Quintilianus
1120 2066 1149 2113 et
1171 2053 1243 2135 (lx,
1271 2058 1296 2125 1,
1322 2055 1379 2128 27)

298 2162 314 2199 6
337 2142 480 2200 Cicerone
515 2143 616 2219 posuit
647 2144 696 2200 sub
728 2152 865 2218 aspectum
888 2155 976 2218 prere
1003 2143 1142 2200 subiectio.
1165 2141 1280 2215 etipse
1304 2158 1379 2215 pau-

298 2228 391 2284 lulum
414 2227 565 2285 declinans
588 2227 664 2284 dixit
687 2227 801 2304 (1166,
819 2228 890 2302 40);
913 2229 960 2283 illa
983 2246 1044 2283 uero
1067 2223 1112 2302 (nt
1134 2230 1172 2282 atr
1198 2219 1305 2305 Cicero)
1328 2226 1380 2280 sub

298 2313 387 2369 ocutos
409 2313 542 2369 subtectio.
576 2313 640 2370 lem
653 2312 790 2371 Ciceroni
814 2321 858 2368 ter
879 2311 1000 2368 relictus
1023 2310 1152 2368 estsine
1176 2309 1381 2367 controversia

298 2397 498 2467 accusativus,
532 2397 610 2470 quod
644 2397 718 2472 eripi
741 2397 798 2453 nisi
820 2405 922 2471 aperte
944 2396 974 2453 vi
996 2414 1055 2452 non
1084 2403 1215 2471 poterat,
1249 2395 1379 2469 primurn

299 2483 387 2540 Tusc.
411 2483 449 2552 V,
475 2483 508 2538 2:
530 2485 616 2538 virtue
639 2483 755 2538 subiecta
778 2482 827 2537 sub
849 2485 939 2538 carros
961 2485 1127 2554 incertosque
1147 2499 1241 2542 canes,
1265 2479 1327 2548 ubi,
1352 2477 1378 2534 si

298 2585 438 2640 umquam
471 2566 555 2623 locus
588 2575 666 2624 esset
687 2567 833 2636 ablativo,
867 2567 981 2643 positus
1009 2575 1101 2634 esset;
1133 2584 1202 2622 nam
1225 2582 1289 2621 cum
1316 2564 1379 2620 sub-

298 2655 366 2708 iecta
389 2651 428 2708 sit
450 2655 571 2726 exposita
593 2653 768 2720 androclo,
796 2660 893 2708 motus
922 2651 1096 2726 significatio
1120 2649 1271 2708 obscurari
1294 2648 1378 2705 vide-

298 2744 360 2804 tur3
397 2735 502 2793 deinde
525 2736 620 2793 Acad.
643 2737 690 2807 Π,
715 2737 769 2793 74:
803 2755 873 2809 quae
894 2738 944 2792 sab
966 2755 1009 2794 eos
1032 2730 1155 2812 (seusus)
1176 2735 1294 2791 srebiecta
1317 2743 1380 2789 sunt

299 2817 445 2901 (quedl,
476 2821 513 2877 31
539 2829 569 2878 et
591 2822 676 2878 Finn.
699 2822 737 2892 V,
761 2822 800 2877 36
825 2829 884 2878 est:
918 2822 1049 2878 srcbe'ectue
1071 2813 1223 2900 sensibre);
1255 2827 1319 2874 tum
1343 2818 1379 2874 de

297 2906 414 2962 Invent„
436 2906 468 2976 Ι,
493 2905 547 2962 98:
576 2926 619 2962 res
642 2939 683 2948 —-
706 2927 786 2961 ernam
809 2907 858 2962 sub
885 2916 1022 2981 aspectum
1044 2907 1218 2962 adiciantur.
1272 2903 1340 2960 Nee
1362 2921 1380 2957 a

298 3009 445 3064 quoquam
468 2998 642 3047 attentatum
666 2999 724 3060 est,
754 2991 832 3064 quod
854 2991 903 3048 ΙΠ
930 2992 966 3046 de
988 2990 1072 3048 Orat..
1096 2991 1157 3046 202
1180 2989 1302 3065 legitur:
1329 2987 1380 3044 sub

299 3085 435 3150 aspectum
442 3095 530 3150 poete
541 3077 673 3132 subiectio.
697 3073 790 3152 [Add.
803 3075 840 3131 de
851 3076 887 3133 R
895 3077 929 3133 P.
942 3076 967 3143 Ι,
976 3073 1041 3152 25.]
1064 3077 1126 3133 Ter
1137 3085 1239 3132 contra
1250 3073 1380 3147 optimos

299 3159 415 3218 codices
437 3161 544 3236 partim
567 3160 747 3217 recentiores
770 3169 799 3216 et
821 3160 950 3236 imperiti
972 3161 1096 3230 scribae,
1118 3159 1227 3235 partim
1250 3158 1379 3214 editores

299 3244 460 3301 ablativum
479 3245 702 3316 substituerunt,
715 3245 804 3301 Tusc.
813 3246 869 3316 IV,
891 3247 938 3316 16,
951 3245 1003 3301 ubi
1014 3246 1044 3301 in
1058 3245 1121 3302 cod.
1133 3244 1212 3314 Par„
1225 3242 1305 3300 Gud.
1321 3245 1335 3298 1
1351 3251 1381 3298 et

300 3330 405 3386 ceteris
417 3330 503 3386 bonis
521 3330 612 3406 (eddo
634 3330 830 3387 Pithoeanum
843 3330 1005 3405 perborum
1017 3348 1036 3386 a
1047 3330 1089 3387 M.
1101 3327 1202 3387 Gudio
1224 3326 1379 3401 collatum)

300 3423 359 3471 est:
384 3415 441 3471 Sub
463 3425 560 3470 oretum
581 3425 670 3471 autern
691 3415 808 3471 subiecta
830 3425 892 3470 secat
911 3417 1036 3489 piymtr'a,
1055 3416 1148 3490 pudor
1170 3421 1236 3483 666,
1259 3413 1288 3469 in
1312 3429 1380 3487 pes-

217 3535 219 3540 ·
300 3499 382 3555 simis
405 3509 487 3569 oreta,
517 3509 547 3556 et
579 3500 638 3557 ibd.
664 3501 718 3568 19,
748 3499 798 3556 ubi
820 3499 943 3575 legitur:
977 3518 1047 3573 quae
1069 3510 1157 3556 arram
1178 3499 1295 3554 subiecta
1318 3506 1380 3554 smrt

299 3585 349 3640 sab
372 3593 481 3653 ructum,
505 3577 607 3641 eodem
631 3584 763 3642 codicum
787 3584 936 3652 dissensu,
970 3591 1000 3640 et
1027 3584 1132 3660 Topic.
1156 3583 1211 3650 58,
1244 3582 1296 3638 ubi
1319 3591 1379 3638 tres

300 3669 404 3744 optimi
427 3667 533 3726 Orellii
566 3669 649 3725 codd.
679 3669 722 3741 (in
745 3669 874 3726 editione
902 3664 1030 3748 minore)
1059 3677 1089 3724 et
1116 3667 1299 3724 Erfurtensis
1327 3667 1379 3722 ha-

300 3754 385 3810 bent:
408 3756 482 3828 quod
503 3754 552 3810 sub
575 3774 633 3810 cam
655 3757 707 3810 u'm
729 3755 873 3810 urbicorum
895 3763 948 3822 est,
972 3753 1133 3811 deteriores
1155 3761 1207 3809 aut
1228 3753 1278 3808 sub
1300 3771 1333 3807 ea
1355 3753 1381 3806 ui
1454 3803 1455 3816 ,

300 3848 352 3895 eut
385 3839 479 3895 solum
507 3839 556 3896 sub
583 3859 624 3895 ea.
678 3839 742 3896 Iam
770 3847 924 3914 perspecto
952 3839 982 3894 in
1011 3838 1057 3894 his
1079 3837 1152 3895 locis
1175 3847 1205 3894 et
1228 3836 1380 3896 Ciceronis
1454 3867 1455 3870 =

301 3942 381 3980 more
415 3933 462 3980 et
478 3924 666 3980 librariorum
700 3943 814 3989 errore„
854 3942 940 3981 nemo
979 3923 1107 3998 prudens
1146 3922 1293 3979 dubitabit
1325 3939 1379 3995 pro

301 4008 419 4081 Quinct.
433 4011 472 4065 49
498 4017 528 4065 et
549 4028 603 4084 pro
625 4009 712 4065 domo
731 4009 770 4064 52
794 4005 932 4088 (quarum
956 4008 1120 4065 orationum
1144 4007 1247 4080 quales
1263 4006 1379 4062 codices

301 4103 332 4149 et
359 4095 506 4167 quomodo
529 4094 629 4150 collati
652 4095 724 4161 sint,
758 4101 860 4149 notum
889 4094 947 4168 est)
976 4111 1041 4149 cum
1064 4091 1278 4167 Wesenbergio
1306 4091 1378 4147 linc·

301 4177 367 4233 6166
389 4178 553 4236 adiectione
576 4179 625 4235 sub
643 4197 802 4252 praeconem
824 4176 922 4234 faeere
944 4197 999 4253 pro
1022 4197 1066 4246 66,
1091 4176 1170 4251 quod
1193 4176 1308 4246 editur,
1330 4175 1379 4230 sset
1454 4171 1455 4180 ’

296 4281 443 4336 praecona
477 4281 531 4319 nec
558 4281 577 4319 6
610 4263 715 4320 ceteris
747 4262 821 4319 locis
849 4263 941 4332 hunc,
975 4281 994 4319 a
1021 4281 1080 4336 quo
1113 4261 1237 4336 digressi
1270 4278 1378 4318 sumus.

302 4347 444 4421 seiunget.
488 4347 579 4423 Apud
601 4348 766 4424 Vergilium
791 4345 901 4422 Georg.
923 4348 970 4416 Π,
1008 4349 1044 4403 19
1075 4345 1186 4424 (buras
1208 4347 1305 4402 Parva
1331 4343 1379 4401 sub
1454 4383 1455 4388 κ
