2944 5040
332 401 395 466 802
757 416 929 464 nxouasns
947 418 979 464 11.

217 591 220 607 '
330 591 424 650 codex
446 591 597 648 Modicens
619 591 721 647 eodem
744 608 857 661 errore,
880 607 939 664 quo
961 589 1016 662 IV,
1045 591 1070 662 1,
1098 593 1124 662 l,
1149 591 1291 666 scripturn
1314 589 1391 647 babet

330 679 493 736 diocensium
513 695 546 734 ac
568 677 681 734 dissidio
702 686 806 745 vestr03
829 675 881 732 sed
903 677 1019 734 discidio
1042 677 1093 754 (ex
1117 675 1300 734 dissensione
1322 682 1391 753 orto}

330 764 378 820 bic
400 780 516 837 qnoque
538 762 601 819 sius
623 761 732 819 codicis
754 768 901 818 corrector
917 761 1044 837 scripsit,
1067 761 1280 836 edideruntqne
1303 781 1318 818 e
1340 761 1390 818 suis

329 848 479 907 codicibus
500 847 661 905 Lambinus
684 855 713 904 ot
734 846 850 904 Bosins.
893 846 989 904 Extm
1010 845 1181 906 Ciceronem
1205 855 1266 904 tres
1282 847 1390 904 omnino

329 934 400 992 novi
421 934 511 1004 locos,
533 933 565 990 in
587 933 693 1008 quibus
714 931 884 990 defensores
911 932 1048 989 habuerit
1069 934 1223 1002 dissidium
1246 941 1389 1009 postquem

219 1077 225 1090 ,
329 1019 447 1094 quidem
469 1019 612 1094 disputari
635 1019 671 1075 de
692 1019 748 1075 hac
770 1036 801 1074 ro
824 1026 960 1093 coeptum
982 1019 1034 1086 sit;
1057 1019 1131 1076 dnos
1148 1019 1307 1093 Propertii,
1328 1017 1390 1073 alte·

329 1106 425 1176 rnmI,
436 1106 483 1176 11,
497 1105 552 1162 28:
564 1105 661 1162 Multis
672 1108 725 1161 ista
736 1104 838 1161 dobant
849 1105 929 1160 litora
945 1105 1097 1176 dissidium,
1115 1103 1166 1160 ubi
1178 1104 1272 1161 codex
1284 1103 1390 1178 Neupo

328 1191 438 1248 litanns
448 1191 538 1247 habet
549 1191 691 1247 discidium
702 1189 746 1265 (id
757 1197 816 1246 est:
838 1189 945 1247 multos
956 1189 1008 1246 illa
1019 1190 1197 1265 separabant
1219 1199 1347 1246 umentes
1366 1196 1389 1242 et

329 1276 413 1351 qussi
425 1275 584 1332 divortium
595 1273 770 1354 faciebant),
788 1274 913 1332 alterum
925 1276 958 1332 H
969 1275 1032 1353 (ΠΙ
1043 1270 1189 1355 Lachm.),
1214 1275 1264 1342 24,
1278 1275 1326 1340 32,
1346 1273 1389 1330 nbi

329 1371 408 1419 recte
429 1361 636 1418 Lachmannus
658 1379 675 1417 e
696 1360 760 1418 cod.
777 1361 872 1436 Neap.
896 1369 926 1418 et
941 1361 1008 1417 aliis
1026 1360 1131 1418 edidit:
1154 1361 1310 1418 Discidium
1326 1359 1390 1415 volis

326 1451 468 1524 proneam
489 1465 576 1503 onnus
593 1451 651 1516 crit,
673 1446 730 1504 hoc
752 1454 805 1518 est,
828 1453 956 1503 vestram
974 1445 1211 1502 coniunctionem
1224 1446 1320 1514 tollet;
1340 1445 1389 1500 dis·

329 1536 415 1590 sensio
430 1531 584 1588 ridiculam
603 1531 920 1588 haberctsentontiam.
964 1531 1083 1589 Tertius
1105 1531 1205 1588 Plauti
1229 1540 1274 1588 est
1294 1531 1323 1587 in
1333 1528 1388 1586 llil.

330 1617 415 1677 Glor.
431 1618 490 1688 111,
504 1617 529 1689 1,
557 1617 611 1674 59:
638 1636 781 1692 nequcper
801 1620 891 1673 vinum
912 1635 1040 1691 umquam
1061 1636 1094 1674 ec
1115 1635 1157 1673 me
1178 1621 1299 1673 wonder
1318 1617 1388 1672 drisi-

329 1705 404 1760 diom
425 1707 452 1760 in
474 1707 600 1774 convivio,
623 1702 673 1760 nbi
696 1702 774 1776 quod
795 1709 875 1758 recta
886 1701 983 1760 Aldus
1006 1701 1114 1774 edidit,
1138 1703 1252 1760 Pureus
1274 1702 1303 1758 in
1318 1709 1388 1758 ntro

330 1807 386 1863 qus
409 1789 509 1846 codice
531 1788 669 1846 Palatino
691 1805 755 1844 esse
783 1795 922 1859 testetur,
945 1787 1102 1858 discidium
1124 1787 1340 1844 Lindemannns
1356 1803 1388 1840 ne

329 1883 539 1932 commemoret
570 1873 698 1948 quidem.
742 1872 939 1948 Significatum
968 1891 1126 1947 numquam
1153 1872 1318 1948 perturbari
1343 1887 1388 1926 nec

330 1959 431 2017 divelli
453 1959 686 2017 communionem
707 1957 874 2016 hilaritatis.

415 2045 495 2105 Satis
516 2045 717 2101 confirmatum
741 2063 805 2102 esse
828 2044 941 2120 opinor,
964 2043 1076 2100 nullum
1088 2061 1152 2100 esse
1164 2043 1301 2100 Latinum
1312 2058 1388 2098 voca·

329 2130 430 2188 bulum
453 2132 606 2202 dissidium,
628 2129 659 2187 id
681 2139 789 2202 cutem,
812 2129 890 2205 quod
913 2137 966 2199 est,
990 2130 1142 2200 discidium,
1165 2129 1208 2186 ita
1220 2129 1278 2186 late
1289 2137 1386 2204 paura

329 2225 442 2272 utnon
465 2215 559 2272 solum
582 2215 619 2272 ud
641 2234 742 2272 eorum
764 2215 989 2291 separationem,
1013 2214 1115 2288 quiin
1138 2213 1327 2271 diversaloca
1337 2211 1386 2266 dis·

329 2302 493 2366 trahantur,
516 2301 671 2376 pertineat,
695 2301 745 2358 sed
768 2301 805 2357 ad
827 2319 937 2370 omnes,
961 2316 1084 2374 quorum
1107 2299 1289 2368 coniunctio,
1310 2297 1385 2354 etiam

330 2386 494 2443 animorum
527 2386 624 2442 vinclo
652 2386 786 2454 astricte,
819 2403 940 2461 prorsus
971 2385 1093 2443 tollatur
1119 2394 1150 2443 et
1175 2385 1206 2441 in
1234 2381 1387 2442 inimicitius

331 2479 527 2528 eonvertatur.

331 2981 379 3042 ut
410 2979 467 3044 DE
496 2975 596 3042 NEC
614 2977 697 3042 PRO
721 2975 790 3040 NE
808 3015 849 3024 --
873 2973 1066 3057 QUIDEM
1080 2976 1232 3042 POSITO
1264 2977 1315 3042 ET
1341 2973 1389 3039 DE

647 3094 747 3161 NEC
773 3133 813 3142 -
842 3092 1079 3176 QUIDEM1)

693 3285 738 3331 AD
760 3285 823 3332 LIB.
845 3286 868 3331 ll
891 3287 919 3333 C.
944 3290 967 3344 8,
987 3289 1026 3333 25.

415 3577 581 3636 Particulas
603 3597 635 3635 ne
657 3612 698 3620 —
720 3579 827 3652 quim
848 3588 965 3653 praeter
993 3595 1058 3634 eum
1081 3595 1183 3648 usum,
1218 3577 1268 3651 qui
1295 3591 1387 3651 perte·

331 3663 499 3740 gntissimus
522 3671 575 3734 est,
598 3665 675 3720 huno
697 3663 785 3720 etiam
808 3664 916 3720 hebere
938 3672 989 3720 ent
1010 3671 1111 3720 notum
1134 3671 1180 3720 est
1201 3671 1325 3720 estesse
1345 3658 1386 3714 de·

331 3749 429 3819 bsbat,
452 3757 492 3811 ut
516 3749 760 3822 quomadmodum
782 3741 1019 3820 Graecnmorlds',
1042 3748 1082 3805 ibi
1094 3757 1251 3825 ponantur,
1274 3745 1383 3804 ubisine

361 4019 381 4080 ¹*
399 4017 1082 4152 tuttatuttttltttttttffilltttttt
1100 4018 1383 4152 {turritum

398 4169 465 4204 nnnc
492 4155 638 4218 singulatim
670 4157 880 4222 persequendum,
916 4156 1038 4220 quidquid
1064 4156 1090 4204 in
1118 4155 1161 4215 iis,
1190 4169 1255 4219 qnae
1283 4147 1382 4202 Boudion

400 4223 508 4272 Tursell.
518 4223 558 4272 1v
571 4241 595 4289 p.
614 4230 659 4273 105
678 4233 702 4274 et
723 4229 769 4272 tta
789 4227 819 4274 de
837 4225 929 4273 eisdem
945 4224 1132 4288 quaestionibus
1150 4225 1243 4288 posuit,
1264 4223 1380 4294 dirempti

398 4293 509 4341 maxime
529 4293 556 4341 in
574 4293 663 4342 alters.
703 4293 785 4353 Quam
807 4293 908 4343 incunte
931 4293 1093 4343 auctoritates
1116 4293 1232 4342 Handius
1253 4291 1380 4340 suomet

400 4360 499 4424 saepius
517 4361 656 4427 admonui]
1041 4369 1046 4380 '
