3034 5030
449 397 492 440 ar
516 395 596 440 uni.
615 395 676 440 ma
694 396 729 441 111
752 395 825 442 cae.
848 400 886 442 ts.
1153 379 1218 441 413

28 617 32 630 .
138 565 330 646 quaestione
352 581 434 644 quae
455 563 495 626 de
506 563 596 626 bonis
607 575 638 626 et
649 563 739 627 malis
750 562 934 644 appellettu.
958 581 1217 627 nonessererum

139 667 252 731 Stoicis
274 684 344 730 cum
365 664 581 745 Peripateticis
603 665 856 733 controversiam.
879 667 935 729 sed
947 665 1113 728 nominum
1142 665 1219 728 tlibi

139 781 245 833 autem
266 767 343 830 nihil
365 777 429 830 tam
451 767 650 847 perspicuum
673 767 809 837 videtin.
843 786 936 848 quam
964 767 1021 830 has
1048 767 1219 831 sententias

139 889 250 934 eornm
271 867 527 949 philosophorum
549 887 585 932 re
605 869 742 932 interae
764 869 862 950 magis
885 887 979 950 qnam
1001 869 1105 932 uerbis
1127 868 1219 932 dissi·

140 973 231 1048 dere;
264 971 414 1034 maiorem
441 969 538 1034 multo
565 970 647 1034 inter
673 969 794 1034 Stoicos
815 978 847 1035 et
868 969 1092 1051 Peripateticos
1115 975 1260 1036 rerumb

140 1093 211 1138 esse
232 1073 284 1136 aio
306 1071 548 1152 discrepantiam
569 1091 663 1152 quam
685 1071 865 1148 verborum,
897 1072 1014 1152 quippe
1041 1091 1111 1136 cum
1132 1070 1220 1136 Peri-

140 1173 395 1257 pateticiomnia
417 1173 569 1254 quaeipsi
585 1174 666 1238 bona
687 1173 856 1254 appellant
878 1174 1037 1254 pertinere
1054 1173 1159 1238 dicant
1180 1173 1222 1236 ad

141 1278 234 1342 beate
263 1275 443 1352 uiuendum,
476 1277 575 1340 nostri
603 1294 664 1339 non
697 1293 736 1338 ex
764 1276 861 1354 omni,
894 1277 978 1356 quod
1006 1274 1223 1340 aestimatione
1322 1328 1325 1334 ,

141 1379 249 1460 aliqua
271 1377 400 1457 dignum
421 1376 471 1454 sit,
493 1377 641 1457 compleri
663 1378 759 1442 vitam
781 1378 904 1442 beatam
926 1387 1045 1457 putent

212 1553 238 1601 2.
257 1564 309 1596 αι
327 1545 416 1597 διωὶὺ
434 1543 515 1609 Perip.
535 1545 555 1594 P
599 1555 622 1594 t.
641 1547 722 1595 iorum
742 1546 785 1597 LC
829 1564 854 1594 re
873 1547 984 1595 mimae
1001 1545 1117 1610 napt'aF.
1157 1543 1222 1608 ditii-

142 1617 199 1666 clere
219 1617 259 1665 tt:
330 1620 353 1666 5.
371 1614 456 1662 labere
474 1622 531 1679 (pro
549 1615 621 1669 inter)
645 1615 764 1666 Leuca
842 1620 864 1665 o,
888 1615 967 1664 animo
990 1621 1046 1679 (pro
1064 1631 1115 1662 case
1133 1614 1184 1663 aiot
1205 1613 1223 1660 P

143 1686 237 1734 omnim
258 1683 353 1732 llicit
383 1700 433 1730 mim
452 1698 501 1732 om.
519 1682 569 1749 Eh]
608 1689 630 1730 8.
652 1682 738 1750 [nostri
753 1701 798 1732 nort
817 1683 881 1746 quod
898 1701 927 1732 er
944 1687 1008 1732 orani
1026 1683 1172 1740 mentatione
1187 1680 1221 1748 A]

144 1753 222 1802 nomi
237 1769 297 1800 noro
392 1769 421 1798 er
439 1752 503 1799 omni
518 1751 667 1802 minueretur
685 1753 707 1800 Ε
725 1755 800 1800 nostri
816 1769 861 1799 aori
880 1751 945 1814 quod
961 1753 1050 1800 mettim.
1070 1751 1119 1803 Pi?
1151 1750 1228 1798 nostri

144 1839 201 1870 uero
219 1819 285 1885 qnod
297 1819 459 1869 minatoria
478 1819 610 1868 LMCROr
637 1821 697 1868 Poat
712 1819 942 1869 wtimaiiooeadd.
953 1820 1045 1869 omniuo
1065 1819 1223 1868 tPttceor.

146 1895 169 1940 9.
188 1888 345 1954 conplectiL
377 1897 464 1952 putarit
482 1889 501 1937 E
519 1905 565 1936 aori
581 1897 662 1952 putati
680 1888 724 1938 Or.
781 1920 791 1938 2

234 2065 306 2120 quae
327 2046 361 2100 de
383 2045 456 2100 boati
478 2056 503 2101 et
524 2047 602 2100 malie
623 2043 787 2122 appelletur)
810 2045 878 2102 Iure
902 2043 1132 2120 Wesenbergius
1155 2061 1225 2100 oon·

147 2131 312 2188 iunctivnm
335 2129 453 2186 modum
482 2130 618 2198 miratur,
652 2131 791 2203 quoniam
820 2149 914 2203 neque
943 2129 1140 2204 intellegitur.
1175 2145 1228 2184 cur

147 2217 204 2273 hoc
227 2215 264 2272 de
287 2215 351 2271 eius
372 2215 465 2289 partis
493 2216 610 2272 nomine
640 2234 678 2271 ex
707 2215 869 2273 Carneadis
894 2233 1022 2289 persona
1049 2213 1226 2288 proferatur.

148 2312 188 2361 et¹
212 2301 237 2356 si
261 2319 299 2358 ex
322 2299 385 2356 eius
408 2319 534 2374 persona
556 2300 673 2368 dicitur,
695 2303 880 2374 appellaretur
891 2299 1046 2356 dicendum
1069 2297 1160 2356 finisse
1183 2299 1227 2354 vi·

147 2387 244 2442 denir.
289 2385 321 2444 Si
345 2403 416 2441 vera
437 2385 584 2460 scriptura
606 2394 664 2449 est,
698 2403 838 2460 praesens
860 2395 976 2460 tempus
1003 2393 1101 2441 ortum
1124 2395 1167 2440 est
1189 2403 1226 2440 ex

148 2470 323 2528 confusione
336 2471 548 2543 quadameius,
571 2470 650 2545 quod
672 2489 710 2527 ex
732 2471 825 2546 ipsius
848 2469 980 2540 Catonis,
1004 2479 1034 2526 et
1052 2470 1125 2533 eius.
1149 2468 1229 2543 quod

148 2574 188 2612 ex
211 2555 373 2614 Carneadis
396 2573 522 2630 persona
544 2556 659 2612 dicitur.

237 2643 362 2696 arctiorem
385 2643 468 2696 millio
489 2641 559 2718 cet.)
582 2639 656 2698 Cum
668 2641 813 2716 gravitate
825 2640 952 2713 quadam
970 2649 998 2695 et
1011 2639 1230 2696 asseveratione

148 2723 222 2802 (oio)
246 2725 321 2784 Cato
348 2726 457 2800 repetit
484 2726 658 2782 seutentiam
686 2726 724 2781 ab
752 2725 818 2782 aliis
846 2735 1060 2800 oppugnatam:
1095 2743 1131 2780 ne
1165 2724 1231 2798 quis

149 2810 388 2867 cambletthiaeo
400 2809 566 2868 offendatur
577 2810 757 2885 tautologiae
769 2810 875 2885 specie.
898 2809 1071 2869 Orationem
1084 2807 1232 2867 Gruterus

150 2895 322 2952 emendavit
343 2896 441 2953 ePal.
458 2897 488 2955 l.
512 2914 638 2970 quocum
661 2895 849 2952 consentiunt
865 2890 930 2974 [B‚]
954 2914 1010 2969 mg.
1034 2895 1124 2955 Crat..
1148 2895 1231 2951 codd.

150 2981 230 3038 Mor.
247 2989 277 3036 et
288 2979 407 3056 Seelig„
430 2979 523 3056 Spin,
546 2981 603 3038 nisi
620 2981 700 3054 quod
726 2981 757 3036 in
780 2979 826 3036 his
848 2981 943 3040 tribus
965 2987 1028 3036 erat
1050 2983 1138 3036 ultimo
1160 2975 1233 3058 (uici)

150 3084 208 3141 pro
229 3068 281 3121 uio.
326 3064 425 3122 Ceteri
454 3075 486 3122 ut
508 3066 601 3122 nostri
624 3065 785 3122 deteriores
807 3063 909 3145 (Pali,
922 3064 1012 3127 Oxx..
1030 3064 1232 3138 Gaiireliqui;

150 3151 232 3208 Dav.
254 3159 346 3218 tacet;
368 3151 395 3207 E
417 3154 520 3207 omnino
541 3171 607 3220 esee,
630 3149 710 3208 Gud.
734 3151 751 3206 2
775 3149 813 3205 ad
835 3154 938 3206 orrou'no
960 3149 1041 3206 addit
1063 3151 1099 3206 ol
1121 3151 1178 3218 oio;
1201 3149 1231 3206 in

152 3235 235 3294 Gud.
256 3242 383 3309 utroque
405 3245 482 3292 erat:
506 3237 609 3292 Stoicos
632 3233 750 3310 babere).

241 3323 327 3376 nostri
346 3341 398 3377 noa
420 3341 453 3376 ec
470 3324 553 3380 omni.
575 3321 649 3394 quoti
664 3323 845 3377 aestimatione
866 3321 960 3393 aliqua
977 3322 1086 3392 illyrium
1110 3351 1150 3360 —
1173 3319 1235 3375 beu·

151 3417 211 3462 tum
228 3405 338 3482 peterit)
375 3407 459 3463 Haec
481 3415 526 3464 est
548 3406 632 3463 codd.
655 3406 832 3480 optimorum
857 3405 1016 3479 scriptura.
1046 3404 1132 3461 unius
1155 3403 1236 3460 vocis

153 3491 385 3564 transpositione
397 3510 414 3547 a
425 3491 551 3548 Daviaio
563 3491 677 3560 adiuta;
700 3509 768 3546 narn
781 3499 813 3546 ut
825 3490 896 3555 Eri..
909 3490 951 3546 ita
963 3489 1027 3546 Pal.
1038 3493 1051 3546 l
1067 3488 1117 3568 (de
1130 3489 1236 3545 ceteris

155 3583 266 3646 tacent,
279 3573 372 3633 Gzius
384 3576 473 3632 etiam
487 3577 523 3632 de
535 3576 621 3653 Eri),
634 3575 690 3633 nisi
707 3575 823 3649 quodie
839 3575 994 3650 perspicue
1012 3575 1173 3631 nonhabet.
1197 3570 1237 3654 [B

152 3659 220 3718 sere
231 3669 265 3716 ut
275 3660 302 3716 E
313 3680 387 3732 novo,
402 3670 502 3718 cetera
513 3671 546 3717 ut
556 3659 625 3738 illi]
648 3661 841 3736 Peripatetici
860 3661 952 3716 vitam
966 3661 1082 3716 beatam
1095 3659 1237 3734 compleri

155 3741 434 3823 (συμπληροῦσθαι,
447 3745 530 3806 Stob.
543 3745 605 3803 Ecl.
619 3746 686 3803 Eth.
699 3766 727 3821 p.
742 3747 781 3802 56
795 3755 866 3820 etp.
880 3747 929 3814 70,
948 3744 1014 3800 coll.
1035 3744 1127 3803 Claui.
1148 3744 1236 3801 Alex.

156 3829 268 3888 Strom.
280 3829 353 3904 Hp.
374 3831 411 3887 17
416 3832 432 3887 9
447 3831 543 3908 Sylb.)
567 3841 597 3888 et
608 3831 671 3888 eius
693 3849 836 3888 summam
849 3829 926 3887 effici
939 3829 1006 3906 (cfr.
1019 3830 1059 3886 43
1072 3841 1101 3886 et
1113 3829 1168 3897 lv,
1183 3830 1237 3908 32)

154 3913 304 3990 putabant
324 3933 363 3970 ex
374 3917 510 3973 omnibus
527 3917 577 3986 iis,
601 3935 677 3990 quae
699 3917 858 3973 secundum
883 3925 1017 3971 naturam
1029 3923 1128 3972 essent
1150 3916 1238 3991 (quae

156 3997 252 4058 Stoici
275 3998 473 4058 aestimabilia
494 4011 525 4058 et
541 4002 699 4059 selectione
717 4002 805 4078 digna
822 4019 886 4058 esse
903 4000 1049 4069 dicebant,
1073 3999 1132 4056 vid.
1145 4005 1159 4070 ξ
1174 3999 1239 4074 20),

156 4094 201 4154 ut,
225 4083 250 4140 si
273 4083 344 4158 quid
367 4103 403 4141 ex
426 4086 462 4144 iis
485 4088 617 4156 abesset,
650 4098 752 4162 posset
779 4087 843 4143 eius
871 4085 1039 4142 accessione
1069 4085 1157 4142 beata
1179 4085 1241 4142 vita

156 4168 226 4226 fieri
249 4169 377 4240 beatior,
400 4181 465 4242 aut,
489 4173 586 4246 siqui
610 4172 646 4228 ad
670 4173 787 4230 Stoicos
809 4169 931 4246 propius
954 4169 1127 4226 accedentes
1150 4189 1240 4246 nege-

156 4255 245 4323 bant‚
274 4253 347 4310 haec
369 4253 560 4332 συμπληροῦν
582 4247 634 4331 τὴν
657 4248 859 4329 εὐδαιμονίαν,
894 4265 925 4311 ut
957 4263 1045 4329 neget
1078 4255 1118 4324 is,
1152 4275 1239 4330 quein

159 4338 308 4398 Stobaeua
341 4340 474 4413 sequitur
500 4340 564 4397 Eol.
592 4341 661 4398 Eth.
689 4361 718 4416 p.
747 4342 808 4398 266
837 4349 867 4397 et
891 4341 951 4397 268
975 4338 1034 4417 (est
1057 4350 1170 4412 autem,
1209 4351 1241 4398 ut
