3000 5044
343 391 407 456 520
733 409 777 454 nn
798 409 929 456 nmmos
952 410 1022 456 non.

343 577 623 642 commendationes
650 596 670 643 s
697 585 810 642 natura
832 577 990 660 profectae
1019 579 1118 644 subito
1146 577 1339 660 asapiencia
1361 596 1407 642 re

341 679 433 745 lictae
443 679 514 744 sint
549 681 598 745 27.
622 680 713 758 Quod
730 680 758 744 si
776 699 836 744 nnn
849 679 979 745 horninis
991 699 1143 746 summum
1154 681 1268 746 bonum
1278 698 1407 761 quaere

344 801 461 860 remus,
495 782 550 846 sed
572 781 731 846 cuiusdam
752 781 931 861 animantis,
963 782 992 848 is
1019 787 1122 848 sutem
1150 791 1234 848 esset
1254 781 1329 846 nihil
1353 781 1407 846 nisi

343 883 464 948 animus
491 883 594 964 (liceat
620 882 702 949 enim
728 881 846 965 fingere
877 883 994 966 aliqum
1021 885 1186 964 eiusmodi,
1219 903 1279 966 quo
1300 903 1408 950 vermo

304 984 460 1050 Metilius
482 986 702 1068 reperiemus),
734 991 839 1051 tomen
860 985 903 1050 illi
925 986 1027 1052 animo
1049 1005 1111 1052 non
1133 995 1217 1052 esset
1236 985 1285 1051 hic
1305 993 1409 1052 vester

341 1086 419 1152 linis.
468 1087 669 1154 Desideraret
700 1087 781 1152 enim
819 1087 1033 1178 valetudinem,
1066 1089 1252 1154 vacuitatem
1283 1087 1409 1162 doloris

340 1194 502 1272 oppeteret
523 1190 614 1256 etiam
636 1189 901 1256 conservationem
922 1190 971 1254 sui
991 1209 1159 1272 eorumque
1181 1209 1284 1256 rerum
1305 1197 1408 1254 custo

340 1291 438 1371 diam,
465 1291 619 1373 finemque
641 1291 699 1356 sibi
721 1291 921 1356 constitueret
943 1293 1112 1358 secundum
1134 1298 1274 1357 naturum
1296 1293 1409 1366 vivere

341 1395 425 1476 qnod
447 1402 504 1474 cst,
527 1401 562 1458 ut
583 1394 654 1473 dixi,
678 1393 792 1458 habere
814 1411 860 1470 eu
883 1412 963 1475 quoe
985 1395 1154 1459 secundum
1175 1400 1318 1458 naturum
1340 1394 1409 1469 sint,

283 1496 323 1560 10
340 1496 389 1560 vel
411 1496 513 1560 omnia
534 1495 582 1560 vel
603 1495 738 1576 plurima
767 1501 798 1560 et
826 1496 966 1561 maxims.
1010 1497 1060 1561 28.
1084 1496 1308 1578 Cuiuscumque
1329 1495 1410 1560 eninr

340 1598 424 1663 modi
446 1597 558 1662 animnl
580 1597 786 1676 constitueris,
813 1615 940 1662 necesse
962 1607 1024 1677 est,
1052 1598 1172 1662 etiarnsi
1194 1598 1226 1663 id
1248 1598 1314 1663 sine
1342 1617 1409 1662 eor·

340 1719 418 1780 pore
440 1700 489 1779 sit,
507 1709 542 1764 ut
563 1697 716 1780 fingimus
738 1709 842 1766 tamen
865 1719 935 1764 esse
956 1701 988 1764 in
1011 1700 1277 1782 anmoqmemn
1299 1700 1410 1764 similis

341 1821 457 1882 eorum,
479 1809 559 1884 qute
581 1801 705 1866 suntin
729 1819 868 1883 corpore,
891 1813 926 1866 ut
937 1801 1020 1866 nullo
1033 1803 1132 1880 modo,
1156 1801 1214 1866 nisi
1225 1809 1261 1867 ut
1270 1802 1408 1883 exposui

323 1901 485 1968 *consutui
506 1903 608 1985 possit
628 1902 698 1967 finis
721 1904 880 1968 bonorum.
914 1903 1106 1985 Chrysippus
1118 1911 1230 1983 autem,
1252 1921 1409 1984 exponens

282 2006 322 2072 15
340 2005 530 2070 dill'erentias
552 2005 767 2085 animantium,
801 2004 845 2068 ait
866 2005 944 2069 alias
971 2023 1078 2070 eorum
1100 2024 1231 2087 corpore
1253 2005 1408 2082 excellere

340 2107 417 2174 alias
445 2113 548 2172 autem
575 2107 691 2186 animno,
725 2107 888 2172 nonnullas
919 2107 1024 2172 valere
1051 2115 1183 2189 utroque
1216 2127 1265 2189 re;
1297 2107 1409 2172 deinde

340 2209 493 2291 disputat,
527 2209 611 2291 quod
638 2208 788 2292 cuiusque
809 2209 931 2316 generis
954 2209 1156 2274 aninrsntium
1184 2209 1280 2276 stanti
1301 2210 1428 2276 decent·

392 2435 416 2482 2.
425 2430 472 2478 siut
481 2445 529 2480 om.
542 2431 558 2478 t
588 2427 699 2496 [lominus
709 2429 758 2548 Eh)
800 2429 932 2498 [queremus
941 2430 989 2496 Eh]
1033 2430 1143 2483 steen
1183 2431 1297 2482 relinet}
1334 2439 1410 2480 noster

341 2497 427 2549 LPCR
462 2498 639 2549 leuntiam}
682 2501 832 2564 10.purolt
866 2499 1050 2550 oelmaximab
1089 2499 1409 2566 rn.indetprotanen>0

339 2567 544 2686 (112ἑέΖὶῗὲἓῖ
569 2565 692 2618 etnulloE
734 2572 769 2616 16.
781 2585 806 2618 re
818 2570 896 2618 ormi,
936 2572 972 2618 17.
992 2567 1084 2618 animal
1101 2569 1332 2632 (proouimoutium)
1349 2568 1408 2619 urs

426 2827 475 2884 27.
498 2828 575 2884 licem
596 2822 677 2903 murts)
700 2828 777 2884 Licet
798 2827 960 2900 Manutius,
982 2826 1158 2898 Lambinus,
1183 2827 1330 2886 Gruterus
1353 2845 1409 2885 non

339 2931 439 2988 preve,
463 2912 514 2968 sed
527 2921 629 2969 contro
640 2912 755 2971 codices
767 2909 868 2992 (Dum,
892 2911 981 2981 Oxx„
995 2911 1072 2983 Gzii,
1085 2907 1163 2993 [BD.
1194 2915 1302 2970 Etrrmu
1320 2932 1409 2970 mum

339 2999 487 3056 otcstodiom
509 2997 654 3074 intellegit
675 2997 852 3055 valetudinis
874 3007 904 3054 et
926 2997 1082 3056 vacuitatis
1094 2999 1212 3057 doloris.
1241 2997 1336 3058 Gzius
1349 2998 1410 3055 vnit

339 3101 403 3141 esse
425 3085 531 3154 toliom3
559 3083 710 3141 Manutius
732 3103 843 3140 suarum
865 3103 954 3140 rerum
976 3083 1118 3154 molebnt3
1147 3103 1249 3142 verum
1272 3095 1409 3142 externae

338 3168 539 3244 possessiones
559 3168 591 3225 in
613 3169 710 3226 animo
733 3169 864 3244 intellegi
886 3169 939 3226 vix
961 3179 1093 3244 possunt.

423 3256 464 3310 vel
484 3258 572 3312 omnia
594 3256 634 3311 uel
650 3256 772 3330 plur-isne
793 3265 817 3312 et
839 3255 970 3330 ricooeimo)
998 3255 1232 3312 Memorabiliter
1249 3258 1290 3312 vel
1313 3289 1354 3298 —
1372 3255 1409 3311 uel

337 3339 458 3414 ponitur
479 3339 509 3396 in
532 3339 675 3397 eiusmodi
697 3339 885 3408 diiunctione,
908 3340 939 3396 in
962 3358 1021 3414 quo
1032 3340 1103 3397 alibi
1115 3359 1231 3417 semper
1242 3339 1349 3400 Cicero
1364 3349 1408 3396 out

338 3425 423 3500 ponit
444 3421 491 3501 (ut
512 3424 542 3480 in
565 3425 620 3481 hnc
642 3424 708 3500 ipso
731 3425 785 3496 34,
813 3426 908 3482 Acad.
920 3427 946 3494 1,
960 3426 1010 3496 22,
1033 3426 1122 3484 Tusc.
1135 3427 1172 3496 V,
1186 3425 1256 3502 84);
1285 3426 1408 3484 alterum

338 3510 416 3567 enim
439 3529 454 3566 e
477 3509 591 3567 duobus
613 3510 772 3584 requiritur
794 3529 847 3568 nec
870 3511 988 3568 tertium
1011 3511 1170 3586 quidquam
1193 3521 1238 3569 est
1264 3529 1320 3568 neo
1342 3529 1407 3568 con·

338 3595 420 3670 iungi
443 3605 599 3669 utrumque
622 3605 727 3670 potest.
772 3596 899 3653 Videtur
921 3596 1101 3672 significare,
1134 3597 1172 3652 ad
1201 3615 1346 3654 summurn
1368 3595 1407 3652 rei
1486 3627 1487 3676 ;

338 3679 451 3736 nulium
474 3699 537 3737 esse
560 3679 726 3738 discrimen.
770 3679 831 3740 Cir.
854 3682 892 3739 ed
912 3683 978 3738 Att.
996 3683 1067 3748 VII,
1082 3683 1110 3752 9,
1123 3684 1157 3738 4:
1178 3701 1239 3740 com
1261 3683 1328 3740 borno
1352 3683 1408 3757 qni·

339 3767 399 3823 dem
420 3785 467 3841 cpe
489 3768 529 3822 oet
550 3768 673 3822 vinomdr'
692 3769 734 3824 uel
754 3771 781 3823 in
804 3768 923 3824 libertate
945 3769 1082 3824 owriertdi.
1112 3769 1158 3826 Vel
1179 3770 1297 3824 ommim
1319 3785 1407 3844 prave
1486 3767 1487 3812 i

338 3846 390 3922 Εξ,
415 3849 493 3910 Gnd.
509 3854 534 3918 1,
549 3853 577 3927 2,
599 3853 678 3921 Bos,
701 3853 782 3910 Mon.
817 3853 875 3909 Sec.
889 3863 1014 3910 naturam
1025 3863 1087 3910 sum
1102 3853 1182 3910 Viot
1199 3861 1230 3910 et
1240 3853 1330 3910 ceteri
1341 3861 1407 3910 ante

338 3937 415 3994 Dav.
438 3946 541 3994 contro
562 3931 643 4006 Eut,
667 3935 736 3996 Gzii
758 3956 868 4008 omues,
896 3934 960 4018 [B].

425 4023 474 4080 28.
496 4042 566 4097 quoe
576 4033 638 4080 suot
649 4026 676 4080 in
687 4017 810 4104 corpore)
832 4024 950 4080 nuncin
962 4023 1018 4080 hoo
1029 4041 1167 4099 corpore;
1189 4023 1289 4098 itaque
1300 4022 1408 4082 indies·
1486 4041 1487 4052 ¹

338 4107 430 4164 tivum
453 4117 532 4165 recte
544 4106 637 4167 Gzius
658 4108 789 4166 restituit
810 4127 825 4164 e
848 4117 987 4182 quattuor
998 4109 1058 4166 suis
1069 4109 1198 4185 optimis,
1221 4108 1279 4168 Ox.
1291 4108 1326 4178 Ε,
1344 4105 1408 4186 [B].

423 4196 551 4268 cuiusque
559 4197 663 4268 qenen's
674 4190 862 4270 animalium)
875 4193 1000 4253 Secutus
1011 4213 1074 4252 sum
1086 4194 1148 4252 Erl.
1160 4191 1230 4275 [B];
1243 4195 1409 4252 coniectura

338 4277 415 4334 idern
426 4289 619 4355 praeceperat
629 4279 685 4336 Th.
697 4279 858 4336 Bentleius.
893 4279 1068 4355 Superiores
1084 4283 1236 4351 auiuentis,
1259 4297 1314 4336 nee
1332 4280 1408 4356 quis·
1486 4273 1487 4292 ¹

339 4380 424 4436 quom
438 4363 596 4438 quidquem
609 4365 762 4422 annotavit
772 4373 839 4422 ante
852 4363 969 4437 Guium,
982 4365 1032 4440 qui
1047 4384 1187 4442 „peccare
1198 4365 1261 4423 lere
1272 4362 1315 4442 (l)
1327 4365 1407 4424 codd.
1486 4439 1487 4460 ἢ
