2938 5020
363 377 365 381 '
406 397 449 442 nr
472 396 552 442 unu.
574 397 637 443 ms.
661 397 683 442 n
706 397 778 444 cnr.
800 403 823 446 a.
1103 385 1156 448 151

111 535 257 642 roluptas?
277 563 351 640 Quis
367 563 453 628 istud
475 564 583 644 possit
604 564 713 646 inquit,
735 569 872 646 negare?
894 567 1061 644 Eademne
1084 587 1164 650 quae

5 659 6 672 ¹
112 663 241 728 restincta
269 662 339 728 siti?
384 665 481 728 lnrmo
513 664 574 730 alio
605 685 728 747 genere.
779 667 939 732 Restinctn
977 670 1058 733 eninr
1096 671 1163 734 sitis

162 887 189 961 ⁸l.
205 881 248 932 ista
264 883 329 934 ΕΟτΔ
380 893 462 948 posset
480 884 599 935 LPMCR
656 887 731 950 inqua
750 885 809 964 [om.
830 888 859 946 E,
883 889 924 937 hic
942 889 1017 937 bnbet
1036 889 1079 958 A,]
1105 903 1163 939 auro

107 960 173 1012 posent
191 950 345 1030 LPMCllOr.
385 952 506 1031 [eodemne
532 951 576 1019 nq
596 952 728 1032 Eudemus,
745 970 848 1018 mquam,
871 973 932 1020 quae
959 957 1045 1018 (LlOr.
1102 975 1163 1022 quae

109 1023 176 1068 omli
208 1025 228 1070 2,
245 1029 282 1070 nu
302 1049 331 1058 —
350 1037 411 1069 mun
428 1022 541 1071 enubit
580 1039 634 1070 nam
652 1024 825 1074 restinctuMC
868 1024 927 1073 enim
945 1041 994 1074 om.
1015 1025 1035 1074 l’

185 1191 245 1260 erzsss
266 1195 340 1252 istud
356 1197 454 1270 possit,
476 1197 570 1269 inquit,
593 1195 702 1272 separe)
726 1197 785 1253 Ista
811 1207 889 1264 „tres
906 1198 1029 1272 optimi?⁶
1044 1197 1111 1256 Gaii
1135 1210 1164 1256 et

108 1276 166 1331 Bas.
203 1278 267 1334 Non
290 1288 410 1335 secutus
433 1298 511 1350 sum,
546 1281 626 1353 quod
653 1281 700 1336 hic
723 1282 890 1340 necessario
912 1283 949 1339 ad
972 1301 1059 1339 uuam
1082 1283 1163 1340 illam

108 1379 169 1431 rem,
188 1363 219 1418 dr
242 1382 299 1436 qna
311 1365 476 1438 quaesitum
489 1375 561 1434 erat,
585 1364 712 1422 refertur
729 1383 905 1442 pronomem
928 1377 1079 1424 evertatur
1095 1387 1163 1426 con·
1182 1398 1185 1404 ,

106 1445 193 1504 clusio.
214 1449 237 1504 si
259 1466 325 1504 cum
349 1447 426 1506 Gzio
448 1449 650 1524 interpreteris
672 1453 746 1508 istud
771 1461 796 1506 et
823 1454 902 1520 euim
936 1462 966 1508 et
992 1471 1068 1526 quae
1096 1463 1163 1510 sunt

105 1531 152 1586 illa
169 1529 251 1589 talia?
278 1531 376 1610 [Istud
397 1532 451 1612 A.]
495 1536 587 1592 Possit
609 1535 696 1592 iidem
723 1545 801 1604 „tres
824 1536 946 1611 optimi“
971 1535 1016 1614 [et
1038 1536 1091 1614 A].
1125 1539 1165 1594 Et

104 1625 171 1672 recte
199 1618 240 1674 sic
267 1619 358 1675 scribi
391 1619 545 1676 Ernestius
579 1620 728 1689 voluerat;
762 1620 855 1677 altera
882 1621 935 1678 ille
962 1622 1162 1698 interrogandi

103 1699 184 1758 lomna
209 1705 283 1778 (qus
307 1700 441 1783 possets),
475 1723 562 1778 quam
587 1704 694 1773 Gaius,
735 1705 789 1762 etsi
817 1705 929 1781 primus
952 1711 1041 1781 possit
1063 1709 1163 1779 edidit,

105 1785 245 1844 multomm
279 1788 411 1845 locorum
446 1790 582 1864 exemplo
616 1788 733 1846 defendi
767 1799 866 1866 putat,
905 1809 971 1847 enm
1010 1793 1046 1848 do
1079 1811 1164 1867 prae·

103 1871 169 1928 santi
187 1883 316 1948 tempore
339 1882 476 1950 negatur,
510 1893 527 1930 e
550 1874 646 1932 medio
668 1886 770 1932 nostro
792 1893 926 1932 sermone
949 1885 1002 1948 est,
1026 1895 1083 1934 nou
1106 1877 1163 1934 La·

103 1955 166 2020 tino,
184 1959 231 2032 qni
247 1977 338 2014 unum
351 1957 423 2015 lert:
445 1961 612 2033 quisdicat?
633 1961 745 2017 credat?
766 1960 883 2017 similia.
911 1961 961 2016 Ad
972 1961 1164 2036 praeteritum

104 2051 204 2116 tempus
224 2043 367 2100 refertum
401 2047 462 2118 quis
484 2047 601 2102 diceret?
629 2043 688 2103 Sed
710 2045 836 2120 puerilia
857 2045 930 2102 haec
952 2055 1029 2103 sunt.
1075 2047 1165 2121 lnquit

104 2126 148 2192 „in
168 2128 278 2203 seriptis
301 2128 402 2186 multis
413 2129 593 2186 desiderari“
615 2128 708 2188 Gzius
730 2131 786 2198 uit3
809 2131 860 2188 sed
883 2129 964 2186 addit
976 2134 1085 2205 inquom
1098 2142 1165 2207 post

101 2213 211 2268 eadsine
231 2232 350 2270 servare
369 2222 429 2270 tres
441 2214 567 2290 optimos
590 2234 668 2284 suos,
692 2216 769 2290 quod
793 2234 830 2271 ex
853 2215 914 2272 Erl.
938 2214 991 2293 [Α,
1015 2217 1104 2272 ctiam
1123 2216 1163 2294 B]

101 2293 196 2354 salsum
217 2317 280 2356 esse
302 2298 494 2373 perspiritum
522 2300 707 2374 perturbavit
736 2300 825 2375 igitur
858 2300 940 2356 haec.
988 2301 1027 2358 Et
1055 2305 1163 2376 r'nqrnnn

5 2381 6 2404 ³
101 2382 225 2438 omittunt
247 2394 366 2458 praeter
388 2403 469 2440 meos
481 2403 497 2440 e
510 2385 586 2440 Dav.
598 2386 682 2441 Parr.
696 2386 724 2452 2,
739 2386 766 2454 3,
791 2385 898 2454 Meae,
922 2385 998 2444 CCC
1017 2381 1075 2461 (ξ),
1088 2387 1164 2444 Bell.

104 2467 164 2538 (ψ),
185 2467 256 2542 Οιχ
277 2479 316 2536 et,
340 2467 455 2543 opinor,
477 2488 571 2544 paene
594 2489 705 2526 omnes.

178 2555 227 2609 alio
245 2551 354 2630 penore)
376 2553 455 2624 Fun,
478 2553 528 2628 qui
550 2557 605 2610 ulio
626 2573 721 2628 penore
742 2554 830 2611 scribi
854 2554 963 2625 mallet,
987 2573 1045 2612 non
1068 2567 1164 2625 recte;

101 2635 250 2694 abundabit
272 2639 349 2695 eninr
373 2638 479 2694 vitiose
498 2658 606 2712 pertore,
636 2639 775 2714 quoniam
799 2638 834 2695 de
857 2639 939 2695 nulla
960 2639 1020 2696 alie
1041 2640 1163 2696 diversi-

101 2729 164 2789 tate,
184 2724 261 2780 velut
282 2723 400 2799 gradus.
424 2723 546 2799 cogitari
568 2732 675 2800 potest
718 2725 901 2794 Nectenrem
925 2724 1003 2798 quod
1026 2743 1083 2782 non
1102 2726 1164 2782 sine

100 2821 181 2862 causa
200 2808 401 2865 addubitatum
425 2818 478 2879 est,
501 2809 621 2884 ponitur
642 2827 696 2884 pro
717 2811 788 2866 alirn
808 2812 926 2883 perieris,
949 2809 1050 2866 audito
1072 2813 1164 2886 volup·

101 2899 151 2960 tur,
172 2893 221 2948 sed
242 2893 361 2950 auditur
383 2902 491 2950 toturn:
514 2895 569 2951 Est
591 2898 615 2951 ei
635 2897 767 2970 voluptas,
790 2893 1018 2970 adiungiturque
1046 2897 1099 2950 ulio
1119 2916 1163 2968 ye-

101 2995 163 3046 nere,
185 2978 212 3034 id
233 2989 279 3035 est
299 2977 372 3046 fere,
395 2979 454 3034 alio
477 2979 573 3050 modo,
597 2989 630 3036 ut
652 2978 703 3057 [de
726 2978 809 3038 Orat.
832 2979 879 3047 11,
906 2980 981 3036 185:
1015 2999 1085 3054 quoe
1111 2982 1165 3036 ulio

100 3064 206 3133 quodum
225 3083 319 3136 penore
341 3073 438 3120 mentes
460 3066 577 3120 iudicum
595 3063 754 3140 pernrewt]
777 3065 863 3122 Verr.
885 3065 927 3136 Π,
955 3065 1023 3121 149:
1048 3085 1099 3120 urso
1119 3084 1164 3138 (Je-

100 3165 153 3204 nere
172 3149 385 3205 (incurram-ibere
401 3143 587 3227 (excludere)
605 3150 707 3206 hahetis
718 3152 744 3205 in
756 3153 844 3206 animo
853 3169 937 3222 penus
950 3150 997 3206 lene
1009 3159 1163 3218 aratorum

100 3228 144 3306 [ad
164 3235 227 3290 Att.
249 3235 295 3302 ΙΙ,
331 3234 388 3304 20,
413 3235 447 3303 4,
481 3234 541 3304 VI,
566 3236 599 3304 2,
637 3237 670 3290 4:
703 3235 806 3291 derebus
831 3235 980 3306 perscribas.
1025 3234 1092 3290 Non
1122 3235 1164 3290 ita

100 3317 212 3375 inultum
245 3337 263 3374 a
294 3319 432 3394 genetivo
465 3319 556 3376 distat
583 3321 668 3377 Verr.
697 3321 740 3388 V,
766 3319 821 3376 29:
860 3322 909 3376 iste
947 3337 1013 3375 novo
1046 3319 1162 3393 quodum

97 3419 182 3472 peno-e
202 3401 369 3480 inperator}
413 3403 505 3480 Apud
527 3404 685 3480 scriptores
707 3404 797 3479 paulo
819 3402 968 3461 inferioris
991 3405 1096 3460 aetatis
1119 3405 1163 3460 in·

98 3487 202 3544 tardum
223 3507 317 3563 periere
337 3489 425 3564 plene
448 3507 502 3566 pro
524 3507 569 3560 eo,
593 3489 671 3563 quod
694 3497 740 3545 est
761 3490 852 3559 modo,
882 3488 1002 3558 dicitur,
1037 3488 1164 3545 maxime

98 3573 168 3646 apud
189 3562 341 3642 Senecam,
364 3584 397 3631 nt
418 3577 489 3630 unni
507 3593 602 3647 penore
624 3573 660 3630 de
676 3573 780 3631 Benef.
802 3574 844 3643 Π,
858 3575 886 3643 7,
900 3575 928 3633 2,
951 3586 980 3630 et
993 3574 1051 3630 ibd.
1068 3575 1115 3643 10,
1131 3575 1163 3628 3:

95 3675 184 3728 mrum
206 3654 289 3736 (est),
312 3663 338 3715 si
352 3661 479 3734 fenerare
501 3662 616 3732 cupitam
639 3661 687 3716 sed
710 3663 735 3716 si
745 3661 820 3728 dure,
844 3677 897 3733 quo
916 3678 1010 3731 perere
1026 3662 1166 3733 accipienti

98 3747 201 3800 inantus
230 3746 406 3818 profuturum
438 3755 490 3815 est,
524 3745 612 3802 dabr's.
659 3741 810 3802 ‘Contentus
837 3747 889 3800 m's
918 3754 941 3800 te
969 3753 1032 3800 teate
1060 3744 1098 3816 (si
1122 3745 1163 3799 sir

96 3825 315 3903 interpunxeris‚
338 3827 491 3886 defensum
515 3829 571 3885 erit
592 3830 680 3899 dubis,
703 3829 782 3903 quod
794 3830 928 3886 Muretus
951 3828 1059 3898 omisit,
1084 3828 1163 3884 Ruh-

97 3908 203 3986 lopfius
226 3913 391 3983 revocavit,
420 3931 479 3970 non
506 3912 685 3992 intellexit);
721 3914 760 3970 id.
784 3913 869 3989 epist.
883 3913 933 3974 77.
962 3913 1012 3969 13:
1046 3916 1162 3968 anirnnm

97 4001 170 4054 curiis
199 4000 340 4072 quietibus
372 4002 499 4056 emittunt
548 3999 613 4055 Nec
646 3997 733 4056 aliter
760 3998 960 4070 Quintilianus
988 3999 1034 4067 Χ,
1067 3999 1099 4065 5,
1130 4000 1163 4054 2:

97 4081 168 4140 libros
189 4085 313 4140 Platonis
335 4085 419 4141 edidit
441 4085 489 4140 loc
508 4103 603 4158 periere
625 4081 860 4162 (exercitationis
882 4079 985 4160 causo)
1009 4085 1162 4139 trcnrslotos.

96 4162 218 4241 [Plinius
239 4168 318 4226 Hist.
340 4169 410 4227 Nat.
433 4169 521 4240 VIII,
546 4169 600 4226 26:
624 4173 718 4226 tutiore
737 4188 839 4242 penore.
884 4168 976 4225 Plura
1003 4187 1040 4224 ex
1063 4166 1164 4224 inleri-
1268 4172 1271 4180 ’

96 4252 149 4308 oris
168 4254 275 4310 aetatis
297 4254 490 4329 scriptoribus
511 4255 556 4312 Io.
579 4254 712 4310 Rhodius
732 4254 802 4310 Lex.
816 4252 1000 4312 Scribonium
1018 4271 1045 4308 v.
1055 4251 1163 4328 penem]
