2920 5012
352 435 396 480 ur
420 435 499 480 usn.
521 435 585 481 nm.
608 435 619 480 1
642 435 714 482 cnr.
740 437 847 483 rs-rs.
1084 416 1125 481 89

80 601 132 680 quis
150 619 198 666 eas
222 611 277 668 sut
302 603 474 668 laudabiles
506 611 562 668 aut
588 606 781 685 expetendas
810 604 1037 669 arbitraretur?
1081 603 1125 669 Ut

79 704 140 766 enin
157 706 339 770 medicorum
363 705 521 770 scientiam
543 725 605 770 non
627 706 728 788 ipsius
751 707 837 786 artis,
860 707 916 771 sed
927 707 1027 771 bonae
1038 706 1122 770 vale·
1231 793 1234 800 Ι

78 806 170 871 tudinis
190 826 281 872 causa
290 807 469 888 probamus,
492 815 524 873 et
550 809 768 890 gubernatoris
792 827 853 886 ers,
876 809 951 889 quia
967 808 1045 874 bene
1067 825 1124 872 na-

78 907 176 988 rigandi
195 910 346 974 rationem
375 909 482 990 babet,
515 910 663 990 nubtam,
696 929 758 976 non
788 917 856 976 arte
888 911 1047 990 laudatur,
1081 909 1126 976 sic

75 1009 211 1091 sapientia
232 1031 312 1094 quoe
335 1031 388 1078 ars
405 1012 527 1078 vivendi
539 1014 679 1094 putanda
702 1021 759 1092 est,
782 1032 843 1078 nou
866 1019 1072 1094 expeteretru,
1095 1011 1122 1076 si
1140 1005 1162 1070 5

129 1203 147 1248 l.
166 1197 299 1266 [cubum
316 1199 364 1268 ΔΙ]
406 1205 428 1249 2.
446 1200 586 1250 scrinulum
605 1199 625 1252 C

69 1327 153 1392 dra
126 1355 173 1413 τρο
193 1328 305 1415 ὑγίειαν
329 1339 432 1417 (Diog.
455 1341 497 1412 X,
512 1341 571 1398 138
595 1359 633 1397 ex
643 1340 942 1417 EpilectisDiogenis
956 1339 1121 1408 Tarsensis3

70 1435 145 1480 esest
159 1443 222 1499 ipsa
233 1425 426 1501 comparatio
449 1444 537 1501 quam
555 1426 660 1486 Cicero
672 1420 801 1505 posunt)
824 1426 980 1502 superbius
997 1426 1125 1500 quodam

70 1509 169 1564 ruodo'
160 1529 222 1585 rpse
243 1511 413 1608 Epicurus
403 1531 434 1569 m
452 1513 528 1570 libro
550 1529 630 1610 περι
608 1501 732 1577 τίλοος
745 1511 832 1610 apud
838 1511 1026 1568 Athenaeum
1048 1512 1123 1582 XH,

70 1585 164 1650 osor:
189 1589 335 1691 Τιμητίον
356 1585 392 1653 τὸ
414 1587 504 1654 καλὸν
526 1615 575 1652 και
594 1587 650 1662 τὰς
662 1586 773 1673 ἀρετὰς
784 1615 833 1652 και
844 1586 883 1652 τοὶ
894 1613 1123 1696 τοιουτοτροπα,

70 1669 110 1734 ἐὰν
129 1669 227 1754 qdurr'p
245 1665 514 1756 ααρασνεοαζῃ·Η
483 1699 533 1739 sorr
545 1669 577 1738 da
587 1701 628 1755 μη
617 1663 860 1757 παρασκευαζρ
882 1673 994 1758 χαίρειν
1011 1673 1123 1737 ἐατέον.

69 1763 156 1838 ltaque
181 1765 368 1823 instrumenti
389 1765 455 1824 loco
483 1766 623 1824 virtutem
645 1765 792 1841 voluptati
818 1764 1046 1842 inseparabilem
1073 1764 1124 1822 ad-

70 1847 172 1906 haerere
184 1851 344 1921 statuebam
358 1861 404 1908 est
414 1852 492 1909 enim
504 1853 608 1928 quinta
618 1850 740 1928 Epicuri
757 1852 904 1909 sententia
915 1851 1016 1948 (Diog.
1035 1849 1125 1928 140)·

70 1925 150 1988 0111
136 1951 209 1990 εστιν
229 1926 320 2009 ίδέως
342 1923 430 2032 ζῆν’
410 1955 479 1994 uteo
501 1935 556 1994 τοῦ
579 1930 753 2032 φρονίμως
752 1927 801 1994 καὶ
823 1933 920 2001 καλῶς
930 1954 978 1993 και
970 1926 1125 2012 δικαίως,

70 2007 126 2074 old
145 2013 292 2094 operimur
313 2009 363 2077 καὶ
385 2017 482 2087 καλῶς
509 2011 558 2078 καί
586 2007 753 2086 tructus*
732 2039 801 2077 ανεο
829 2017 884 2078 τοῦ
912 2011 1016 2096 ἡδέως,
1050 2040 1126 2095 quae

68 2113 204 2160 vertuntur
215 2105 262 2160 hic
279 2110 294 2176 ξ
310 2107 359 2163 57.
390 2105 449 2165 Sed
471 2107 548 2166 inter
565 2106 704 2176 virtutes,
739 2123 862 2203 quarum
885 2125 994 2182 genera
1016 2116 1045 2163 et
1068 2106 1126 2164 dis-

68 2187 175 2245 crimine
196 2191 257 2265 ipse
279 2191 427 2267 Epicurus
444 2193 592 2250 subtiliter
613 2191 751 2266 persequi
773 2193 926 2263 omiserat,
960 2193 1002 2248 sie
1032 2191 1127 2269 prima

67 2273 337 2350 pouiurrprudentia
353 2277 406 2334 illa
422 2265 607 2354 (φρόνησις),
631 2295 706 2350 quae
728 2278 848 2354 proprio
870 2285 933 2334 eret
954 2297 1052 2336 rerum
1075 2297 1127 2334 ex-

66 2361 241 2431 petendarum
263 2361 529 2438 fugiendarumque
551 2362 673 2420 scientia
695 2361 742 2438 (ut
763 2381 781 2418 a
794 2363 901 2422 Stoicis
924 2363 1126 2435 definiebatur,

67 2441 120 2500 Off.
139 2446 161 2507 Ι,
182 2447 263 2522 153),
286 2459 329 2513 nt,
353 2449 492 2523 quoniam
514 2449 587 2504 haec
610 2448 780 2518 theoretica,
809 2459 843 2506 ut
865 2466 941 2505 nunc
968 2448 1125 2523 loquimur,

67 2529 171 2588 virturis
192 2551 259 2608 pers
281 2543 361 2605 erat,
385 2551 450 2591 cum
471 2533 537 2609 ipsa
560 2533 705 2610 sapientia
728 2531 777 2610 (τῇ
788 2526 896 2610 σοφίᾳ)
919 2533 1124 2606 confundatur,

66 2614 143 2688 eique
157 2628 269 2692 praeter
290 2638 390 2676 rerum
412 2620 555 2677 bonarum
569 2619 753 2677 etmalorum
772 2619 968 2694 cognitionem
981 2620 1128 2677 tribuatur

66 2701 145 2758 etiam
161 2703 283 2762 aliorum
305 2724 448 2776 errorum,
471 2715 504 2762 ut
526 2705 562 2762 de
585 2705 639 2776 dis,
663 2705 699 2762 de
722 2715 831 2776 morte,
854 2705 997 2780 depulsio.
1041 2707 1127 2762 Hanc

66 2787 145 2844 etiam
164 2787 309 2864 Epicurus
332 2791 433 2868 (epist.
456 2791 494 2846 ed
515 2791 650 2848 Menoec.
672 2790 751 2867 apud
774 2791 861 2866 Diog.
884 2791 925 2862 X,
952 2790 1026 2867 132)
1049 2800 1126 2848 cete-

65 2891 151 2930 rarum
174 2875 313 2933 virtutum
337 2885 461 2933 matrem
485 2875 565 2933 facit.
609 2877 673 2934 Neo
697 2875 789 2936 Stoici
801 2894 917 2952 semper
928 2877 958 2933 id
971 2877 1127 2934 discrimen

67 2969 213 3031 servarunt,
236 2962 316 3036 quod
338 2962 354 3019 Ι
377 2960 435 3020 off.
451 2962 510 3018 163
522 2961 690 3037 exponitur,
714 2979 780 3018 cum
797 2961 969 3037 praesertim
984 2963 1129 3037 sapientia

67 3061 154 3102 omnes
164 3046 287 3105 virtutes
299 3048 569 3124 comprehenderet.
600 3049 752 3124 Voluptates
764 3055 843 3104 reete
855 3047 916 3104 Erl.
929 3046 1031 3125 [etB],
1055 3067 1127 3122 quo·

66 3128 133 3186 nam
154 3131 190 3188 ad
210 3137 322 3190 weltes
345 3132 418 3210 (nou
439 3132 574 3208 virtutem)
597 3134 653 3190 hoc
675 3131 811 3190 refertur.

139 3221 267 3292 sopicruir
290 3252 331 3260 -
355 3239 403 3276 ars
424 3217 542 3294 uiuendi)
564 3219 758 3276 Tralaticium
781 3218 837 3276 hoe
858 3218 937 3294 apud
960 3237 1061 3276 omnes
1077 3237 1128 3275 ve-

66 3307 132 3356 teres
152 3303 354 3380 philosophos,
377 3315 412 3362 ut
432 3305 504 3362 setis
526 3305 566 3362 sit
587 3323 624 3360 ex
642 3304 719 3361 hoe
710 3322 775 3380 ipso
787 3321 876 3379 opere
889 3304 994 3361 citasse
1006 3303 1057 3361 lib.
1068 3305 1127 3377 111,

68 3387 128 3442 let
148 3389 184 3458 V,
210 3393 247 3447 16
271 3399 303 3447 et
324 3390 420 3448 Acsd.
434 3391 475 3462 ΙΙ,
501 3391 556 3461 23;
579 3390 631 3447 cfr.
644 3389 726 3449 Sext.
740 3389 827 3465 Emp.
838 3390 887 3447 XI
909 3390 975 3447 cdv.
987 3391 1128 3448 Mathem.

68 3471 117 3528 133
139 3492 199 3549 sqq.
220 3468 264 3552 (α’
284 3469 347 3533 ἔστι
363 3493 408 3540 τις
418 3468 503 3550 τέχνη
516 3493 582 3550 περι
593 3465 646 3532 τὸν
662 3469 749 3551 βίον).
783 3473 921 3534 Ceterum
933 3495 992 3533 non
1005 3478 1129 3534 multum

64 3555 95 3612 ab
112 3557 239 3634 Epicuro
262 3561 434 3618 discedebat
455 3559 623 3619 Carneades
645 3560 848 3636 exemplisque
870 3563 1008 3619 utebatur
1024 3563 1128 3620 iisdem

64 3641 88 3696 in
108 3643 157 3700 ula
178 3665 231 3704 sua
249 3665 355 3723 pamm
378 3647 455 3704 seria
477 3647 513 3703 de
536 3663 650 3703 summo
672 3647 751 3704 bono
774 3647 987 3746 disputatione3
1010 3647 1070 3705 vid.
1088 3650 1127 3722 V,

66 3729 105 3792 13
127 3731 176 3788 ubi
193 3735 343 3808 prudmtic
365 3741 418 3803 est,
442 3749 517 3806 quae
539 3732 587 3788 hic
609 3734 750 3808 sapienta.
779 3733 837 3830 Sed
860 3733 979 3790 omnino
1001 3751 1129 3790 cumve·

62 3827 130 3872 teres
150 3818 320 3915 philosophi
332 3819 472 3876 docerent
482 3816 545 3875 fere
557 3818 751 3876 communiter
760 3807 812 3893 τὴν
824 3803 966 3895 φρόνησιν
976 3808 1128 3893 ποιητικὴν
1182 3834 1183 3837 ’

62 3890 126 3954 εἶναι
147 3919 199 3978 τος
217 3894 410 3978 εὐδαιμονίας
431 3903 525 3980 (Plut.
548 3903 583 3959 de
601 3903 691 3963 Stoic.
713 3921 836 3980 repugn.
860 3904 910 3974 26,
939 3922 968 3978 p.
994 3903 1128 3976 1046E,

62 3985 134 4042 Sext.
156 3987 242 4066 Emp.
265 3989 332 4046 adv.
355 3989 449 4046 Math.
475 3989 538 4060 XI,
569 3991 628 4048 110
656 3997 686 4046 et
712 3990 770 4046 170
794 3987 863 4064 etc.)
886 3997 916 4046 et
937 3988 1004 4045 ideo
1027 4007 1129 4047 omnes

63 4071 213 4147 sapientem
237 4093 355 4150 semper
377 4075 495 4132 beatum
517 4031 705 4144 iiudueerent,
740 4093 798 4132 non
821 4075 933 4132 tamin
956 4074 1051 4150 primo
1073 4075 1130 4133 hoc

60 4158 141 4229 modu
160 4160 332 4218 discedebat
345 4159 492 4236 Epicurus
508 4179 596 4236 quam
614 4179 689 4232 cum,
713 4179 788 4235 quae
805 4168 883 4218 esset
899 4169 929 4216 et
951 4179 1009 4235 quo
1032 4158 1130 4219 effice·

60 4257 131 4300 retur
152 4267 169 4320 r,-
181 4237 367 4320 εὐδαιμονία,
384 4247 589 4320 quaerebatur.
622 4246 730 4304 Paucis
742 4247 840 4304 verbis
852 4254 920 4303 unte
932 4245 1036 4305 Cicero
1048 4265 1129 4304 com-

62 4331 164 4388 modius
176 4331 303 4389 dixisset
314 4349 364 4388 non
376 4352 427 4388 sua
437 4343 529 4407 sponte
540 4351 626 4406 quam
635 4331 710 4409 (ars)
722 4352 772 4390 non
784 4343 856 4403 arte;
873 4330 1008 4390 similiter
1019 4335 1061 4406 11,
1075 4333 1129 4391 33:

99 4437 147 4474 uro
170 4451 211 4460 -
236 4427 336 4474 nutura
358 4439 417 4476 ortu.
