3034 5030
325 387 390 452 390
720 405 766 450 nn
788 403 920 452 nmmos
943 405 1014 452 non.

325 573 373 638 Ειι
395 591 457 654 quo
481 571 622 652 efficitur,
644 573 837 655 gloriatione,
859 583 895 639 ut
916 573 960 638 ita
972 574 1080 652 dicam,
1103 574 1229 655 dignam
1250 571 1415 637 essebea-

325 682 389 741 tam
412 675 518 753 vitam,
541 676 626 756 quod
649 694 711 739 non
733 676 835 756 possit
857 676 916 740 nisi
931 675 1082 741 honestae
1093 675 1176 740 vitae
1196 675 1265 738 iuro
1287 675 1414 738 contin-

326 797 409 860 gere.
459 778 509 842 Ita
530 775 580 855 fit,
609 782 644 841 ut
666 777 798 842 honesta
819 778 883 843 vita
905 779 997 844 beata
1019 777 1083 843 vita
1105 777 1154 842 sit.
1197 777 1239 840 Et
1260 775 1414 857 quoniam

326 881 363 959 is,
386 879 435 944 eui
458 879 617 960 contingit,
641 887 676 942 ut
697 879 765 944 iure
775 880 930 959 laudetur,
952 879 1046 944 habet
1066 880 1185 962 insigne
1196 877 1344 960 quiddam
1369 879 1414 941 ad

288 985 425 1048 bdeeus
448 981 541 1046 etad
563 981 703 1062 gloriam,
727 989 762 1045 ut
783 981 822 1046 ob
845 1001 891 1060 ea,
914 1001 995 1064 quae
1017 987 1105 1046 tanta
1126 982 1197 1060 sint,
1220 980 1330 1045 basus
1347 979 1414 1044 diei

381 1208 599 1266 l.eanoomnea
643 1201 769 1268 aquensi
805 1208 828 1251 2.
835 1203 912 1268 possit
923 1203 1015 1266 quidem
1024 1201 1071 1250 abi
1085 1202 1137 1250 loa.
1150 1199 1213 1251 LOr.
1230 1199 1412 1265 possitqoidem

326 1273 356 1336 (C
374 1271 487 1336 equidem)
506 1270 642 1320 monetae
660 1271 757 1322 Pales
814 1275 839 1324 8.
864 1273 934 1321 motu
951 1271 981 1320 ait
1000 1273 1061 1332 (om.
1080 1269 1179 1334 adalia
1224 1277 1247 1319 -t,
1265 1269 1290 1318 si
1306 1277 1362 1333 ipro
1381 1268 1411 1332 is)

324 1343 348 1391 Ε
392 1340 482 1406 bomne
500 1339 635 1404 aliquodl.
679 1345 701 1388 b.
720 1338 798 1388 ulad
814 1357 843 1389 ea
861 1355 947 1389 omnes

325 1551 421 1623 aliquo
443 1551 498 1604 tito
517 1547 702 1622 praedicabile
723 1549 830 1621 aliquid
851 1557 876 1604 et
895 1548 1066 1621 qbriondurn
1088 1565 1121 1602 oc
1133 1565 1203 1621 pree
1220 1545 1411 1619 reserandum.

327 1635 408 1712 (Hoc
430 1633 546 1690 initium
571 1632 768 1690 conclusionis
790 1633 838 1689 hie
861 1651 920 1690 non
943 1633 1017 1690 bene
1040 1627 1208 1708 omittitur).
1224 1665 1267 1672 -
1289 1629 1370 1698 erod
1387 1635 1414 1686 ei

327 1730 381 1791 est,
417 1720 495 1775 beata
522 1721 577 1773 anto
602 1719 747 1791 gloriando
774 1727 799 1774 et
822 1719 1013 1794 praedicanda
1039 1726 1152 1791 elprae
1173 1736 1201 1772 se
1222 1717 1342 1790 sercada
1371 1725 1412 1772 eet

328 1805 371 1879 (id
394 1813 453 1861 est:
492 1803 538 1860 De
565 1805 623 1859 sola
650 1806 732 1876 cipitur
760 1803 837 1860 beato
863 1805 979 1877 gloriari
1004 1805 1104 1876 aliquis
1124 1800 1234 1877 potest).
1279 1801 1319 1857 Et
1340 1819 1411 1856 nar·

327 1900 375 1947 rat
397 1887 491 1947 Gaius
520 1888 549 1944 in
573 1888 668 1946 tribue
698 1888 759 1945 auis
787 1888 870 1946 codd.
899 1888 1041 1963 scripturn
1064 1905 1142 1944 esse:
1176 1888 1210 1943 de
1236 1905 1287 1942 ιιοιι
1316 1887 1410 1955 beato3

328 1975 400 2050 quid
422 1981 514 2042 esset,
548 1991 606 2030 non
630 1973 792 2042 intellexit;
826 1974 903 2044 Eri,
935 1973 1027 2048 Spin,
1062 1971 1141 2030 Gud.
1171 1973 1188 2028 2
1222 1969 1314 2028 finisse
1346 1987 1411 2026 ere·

294 2097 295 2100 =
328 2061 437 2128 dorem,
466 2058 524 2114 nisi
551 2058 581 2114 in
610 2077 676 2115 mea
703 2059 861 2116 collatione
884 2059 919 2116 de
942 2058 1003 2115 Erl.
1027 2065 1182 2115 taceretur.
1215 2056 1303 2114 Nune
1325 2075 1411 2130 pror·

328 2164 378 2203 sus
402 2144 501 2214 miror,
525 2143 596 2217 quid
618 2143 671 2212 sit3
704 2163 772 2200 nam
800 2144 919 2202 aliunde
943 2144 1016 2200 nihil
1038 2149 1210 2212 annotatur,
1243 2141 1301 2198 nisi
1330 2141 1412 2214 qnod

329 2230 393 2288 eod.
405 2231 481 2286 Mor.
494 2226 539 2305 [et
550 2225 590 2305 B]
609 2238 637 2285 et
654 2225 698 2298 Εξ
714 2229 824 2286 habent
840 2240 888 2286 aut
905 2249 955 2286 non
970 2230 1056 2298 beata,
1085 2227 1194 2284 omisso
1211 2229 1252 2284 de.
1285 2227 1360 2283 Mox
1377 2247 1412 2282 ea

329 2335 383 2390 quo
394 2313 460 2388 qnia
474 2313 585 2388 primus
597 2323 676 2372 recte
694 2315 854 2390 scripserit,
879 2314 992 2384 nesei03
1011 2323 1056 2372 est
1071 2314 1102 2369 in
1115 2313 1160 2368 ed.
1171 2313 1296 2369 Ascens.
1312 2311 1411 2380 1511;

329 2399 446 2457 codices
463 2399 581 2472 quidem
599 2417 714 2456 omnes:
737 2420 770 2456 eo·
782 2420 837 2474 quo
860 2399 935 2478 (mg.
945 2399 1035 2469 Crat,
1059 2398 1121 2456 eod.
1135 2399 1221 2469 Mor,
1234 2393 1305 2474 [B,]
1328 2395 1410 2454 Oxx.

329 2503 445 2553 omnee3
469 2484 558 2541 ceteri
581 2485 709 2542 editores
731 2481 853 2566 tacent).
1206 2559 1208 2562 Ι

416 2571 490 2644 quod
511 2589 562 2626 nora
581 2574 670 2644 possit
691 2573 745 2628 aiei
766 2575 834 2644 eet.)
866 2568 1059 2628 Manifestum
1082 2577 1141 2638 est,
1175 2567 1250 2624 hane
1273 2585 1410 2641 assump-

330 2656 439 2713 tionem
463 2673 527 2711 esse
550 2665 580 2712 et
602 2655 644 2712 sic
667 2656 816 2713 concludi:
839 2656 869 2713 id
880 2663 979 2711 autem
1002 2649 1048 2733 (nt
1064 2653 1239 2729 gloriatione
1257 2651 1410 2728 digessit)

329 2759 390 2797 non
412 2749 510 2815 potest
532 2741 588 2798 nisi
611 2741 751 2799 honestae
775 2742 854 2798 vitae
877 2740 1061 2815 contingere3
1085 2757 1155 2814 engo
1179 2747 1233 2795 cet.
1274 2737 1410 2794 Primum

330 2826 421 2902 igitur
443 2825 605 2882 rectissime
630 2827 766 2884 meliores
778 2827 871 2898 codd,
895 2826 960 2882 Pal.
987 2828 1013 2895 l,
1036 2824 1108 2895 Eri,
1133 2823 1210 2898 Spir.
1228 2820 1293 2900 [B],
1317 2823 1411 2896 parti·

331 2910 426 2966 culam
450 2913 566 2984 quidem,
590 2929 666 2984 qnae
688 2915 862 2988 postposui
883 2911 913 2968 in
936 2910 1059 2984 reliquis
1081 2908 1214 2979 additur,
1249 2907 1414 2964 excludunt

331 3003 508 3069 secutusque
530 2997 672 3054 Davisius
695 3005 740 3054 est
757 2998 852 3066 solus3
875 2996 948 3053 nihil
961 2996 1039 3052 enim
1052 2993 1311 3062 circumscribitur,
1335 2993 1412 3050 nihil

331 3080 489 3156 insignitur
511 3089 661 3156 tamqnam
683 3083 770 3139 alteri
793 3081 983 3152 eontrarium,
1007 3098 1070 3149 nee,
1094 3098 1161 3136 eum
1173 3078 1347 3154 simpliciter
1359 3097 1412 3133 ne·

330 3174 425 3242 gatar.
450 3166 605 3240 quisquam
618 3167 703 3224 dicit:
727 3169 775 3225 boc
797 3187 848 3224 noa
868 3177 955 3242 potest
968 3168 1075 3240 quidem
1091 3167 1169 3238 ⁸(iere,
1192 3164 1251 3220 vid.
1264 3163 1301 3220 ad
1319 3164 1344 3232 Ι,
1359 3165 1409 3220 70.

331 3251 507 3328 (Lambinus
531 3252 651 3309 incuria
665 3253 816 3310 secundis:
839 3273 871 3309 ae
891 3254 978 3328 possit
999 3249 1129 3325 quidem.)
1165 3249 1223 3308 Sed
1235 3259 1329 3306 restat
1341 3265 1412 3304 eon-

330 3337 479 3394 iunctivus
501 3338 585 3395 verbi
608 3339 721 3408 modus,
745 3339 828 3397 euius
850 3338 880 3395 in
904 3335 1168 3394 hacaifirmatione
1185 3335 1258 3404 eins,
1282 3333 1361 3407 qnod
1374 3334 1412 3389 ed

331 3421 565 3480 concludendum
577 3431 728 3497 tamquam
740 3433 852 3480 eertum
865 3423 993 3498 ponitur,
1017 3422 1094 3478 ratio
1111 3421 1193 3477 nulla
1204 3419 1287 3476 reddi
1298 3427 1412 3494 potest3

330 3526 399 3564 nam
421 3507 447 3565 ei
469 3526 536 3564 eum
559 3507 664 3566 Cicero
686 3509 729 3566 ita
751 3509 863 3583 posuit,
892 3517 926 3564 ut
946 3508 984 3564 ad
1006 3508 1082 3564 hauc
1105 3505 1280 3563 sententiam
1303 3523 1413 3579 propa·
1505 3557 1506 3574 ,

330 3601 451 3669 geretur
473 3593 518 3651 vis
541 3593 678 3668 obliquae
701 3594 843 3651 orationis
866 3612 884 3649 a
906 3594 998 3649 verbo
1019 3595 1134 3666 edicitur
1156 3589 1323 3666 pendentis,
1346 3589 1413 3664 ipse

331 3677 550 3736 conclusionem
572 3687 705 3754 apertam
727 3679 927 3755 perturbavit;
955 3679 1007 3735 illo
1030 3677 1122 3748 enirn,
1146 3685 1179 3732 ut
1201 3675 1272 3732 dixi.
1296 3673 1412 3746 effecto,

331 3763 507 3839 gloriatione
530 3764 648 3840 dignam
671 3783 734 3822 esse
757 3766 874 3822 beatam
897 3765 1004 3834 vitam,
1033 3762 1151 3819 aliunde
1174 3759 1347 3828 assumitur,
1383 3759 1414 3816 id

332 3856 446 3905 tantum
474 3849 504 3905 io
527 3851 681 3907 honestam
704 3850 822 3920 cadere,
857 3859 887 3906 et
914 3849 956 3906 sic
984 3849 1100 3905 demum
1129 3845 1324 3904 concluditur.
1374 3845 1415 3901 Et

333 3943 432 3990 tamen
465 3935 537 3992 haec
566 3935 631 4010 ipsa
664 3934 798 3992 eonfirsio
821 3944 851 3992 et
883 3933 1067 4010 perturbatio
1101 3941 1153 3989 ant
1187 3930 1285 4007 potine
1319 3930 1414 3986 multo

333 4017 427 4075 maior
448 4019 606 4078 manifesto
629 4029 746 4078 tenetur
767 4019 846 4078 infra
867 4021 927 4080 lv.
952 4021 1007 4089 50,
1031 4019 1082 4075 ubi
1105 4017 1211 4077 Cieero
1238 4016 1315 4072 hane
1344 4033 1414 4072 eon·

333 4103 493 4162 elusionem
517 4105 635 4163 refellit.
679 4107 807 4164 Tantum
820 4106 967 4163 interdum
990 4104 1027 4176 ei,
1051 4103 1101 4178 qui
1113 4101 1248 4172 attendit,
1271 4100 1415 4158 molestae

334 4187 526 4248 dubitationis
549 4190 636 4248 affert
658 4192 730 4248 haee
753 4211 850 4248 rernm
869 4209 926 4248 non
940 4197 1077 4247 accurate
1089 4197 1294 4263 perceptarum
1308 4201 1415 4261 parurn

334 4271 458 4347 diligens
481 4277 618 4334 elocutio.
648 4278 747 4354 Vulgo
759 4277 876 4350 quidem
895 4277 1022 4332 editores
1033 4273 1174 4332 facillime
1187 4291 1218 4328 se
1236 4271 1416 4346 expediunt:

334 4363 442 4414 tacent.
465 4361 524 4418 Pro
537 4366 589 4419 nr'sr'
605 4365 728 4420 honestae
751 4362 906 4438 (sicariam
920 4361 983 4418 cod.
997 4362 1072 4418 Mor.
1091 4357 1136 4436 [et
1148 4356 1203 4435 Β])
1220 4356 1272 4414 alii
1295 4375 1416 4430 qnoque
