3000 5044
333 285 399 350 580
728 302 772 346 on
794 302 926 350 suemus
950 301 1021 348 sou.

332 479 387 536 aut
409 471 513 536 unde?
542 471 598 536 sed
619 469 693 552 quis
715 471 861 536 studebat
882 471 967 536 laudi
988 481 1020 536 et
1041 471 1197 552 dignitati,
1226 469 1396 534 mnltnmin

332 573 448 638 virtute
460 580 664 654 processerat
692 574 742 638 66.
766 571 931 638 Conieram
954 571 1085 657 [autem]
1108 591 1200 636 crum
1222 583 1313 636 mum
1328 571 1396 634 Dru

333 693 403 740 sum
424 693 494 740 urm
516 674 548 740 O.
561 673 710 754 Graccho,
733 675 800 740 eins
822 673 888 742 iere
898 675 1042 757 aequali?
1075 675 1166 753 Quae
1182 675 1232 739 hic
1249 672 1395 755 reipubli-

334 795 389 842 cae
410 776 539 842 vulnera
560 776 752 858 imponebat,
786 777 896 842 eadem
923 777 974 842 ille
997 777 1135 842 sanabat.
1185 776 1218 842 si
1248 776 1326 841 nihii
1352 787 1398 847 cst,

296 879 418 960 bquod
445 885 510 943 tam
536 879 667 944 miseros
688 877 782 944 faciat
803 897 896 961 quam
919 879 1062 960 impietas
1090 891 1122 944 et
1142 879 1258 951 scelus,
1292 889 1327 942 nt
1347 878 1397 941 iun

385 1088 408 1132 2.
427 1092 504 1132 ardeo
521 1098 570 1134 om.
586 1084 617 1144 E,
636 1085 690 1134 sine
708 1085 781 1134 uncis
800 1083 843 1134 Or.
879 1083 1055 1135 &eunome
1092 1082 1342 1149 [Grnccoatiassm
1354 1081 1395 1145 m,

335 1157 359 1204 4.
376 1150 421 1200 aad
437 1153 494 1217 (pro
511 1153 544 1215 si)
563 1151 608 1204 CR
644 1159 666 1203 s.
685 1153 775 1202 utinam
793 1165 850 1217 (pro
869 1161 895 1202 at
913 1153 972 1217 ιἀηι)
992 1153 1009 1202 Ε

334 1363 406 1416 atum
422 1369 567 1434 tyrannm
590 1359 663 1438 [111,
677 1361 716 1418 27
729 1364 768 1430 t'd,
780 1361 799 1418 i.
812 1379 837 1417 e.
845 1363 967 1437 placens,
985 1362 1041 1432 IV,
1055 1361 1094 1418 53
1107 1361 1184 1430 ittud,
1204 1379 1257 1435 pro
1268 1360 1351 1416 Font.
1363 1357 1395 1412 42³

334 1447 415 1520 qaod,
439 1445 532 1502 Acad.
545 1445 586 1516 Π,
598 1447 655 1504 105
669 1457 699 1504 et
707 1445 778 1506 Sall.
790 1447 854 1523 lug.
868 1447 896 1516 9,
911 1448 929 1502 2
942 1444 1041 1524 idern];
1064 1445 1116 1503 cfr.
1128 1443 1303 1520 Wopkensii
1315 1444 1395 1500 Lcrtt.

334 1530 413 1590 Tull.
432 1550 460 1605 p.
488 1531 557 1588 115.
602 1531 742 1589 Davisius
765 1532 941 1589 auctoritate
963 1532 1073 1589 codicis
1095 1529 1172 1590 CCC
1200 1532 1248 1587 doc
1274 1530 1395 1587 omittere

334 1615 461 1674 voleitat
495 1613 605 1694 [Miror
621 1617 741 1675 Baitero
758 1618 788 1675 in
806 1617 852 1674 ed.
875 1618 944 1674 min.
967 1618 1113 1692 placuisse
1134 1619 1183 1691 qui
1197 1619 1274 1673 acus
1301 1613 1394 1674 Obstat

334 1703 397 1770 doo3
420 1719 487 1758 nom
509 1702 641 1760 subiecto
663 1722 722 1760 non
740 1711 852 1760 mutato
870 1721 907 1760 nc
924 1703 979 1759 hoc
996 1703 1115 1777 quidem
1137 1701 1302 1759 addendum
1328 1710 1394 1756 erat:

333 1786 453 1845 obstant
463 1789 572 1862 quondo
594 1797 625 1846 et
646 1789 699 1858 udi,
723 1807 812 1864 quae,
836 1789 862 1845 si
878 1788 914 1846 de
927 1787 1064 1847 Graccho
1081 1789 1286 1864 interrogetur,
1308 1786 1393 1858 inepte

334 1873 489 1942 adduntur,
507 1883 585 1950 apte,
609 1873 633 1931 si
646 1874 792 1931 universe.
825 1872 1005 1950 Sapientem,
1028 1873 1078 1948 qui
1091 1892 1108 1930 a
1121 1872 1229 1932 Stoicis
1241 1874 1392 1946 tingeretur.

334 1977 371 2015 ne
389 1957 470 2033 ipsos
487 1958 604 2033 quidem
628 1977 803 2034 quemquam
826 1959 857 2016 in
879 1959 1003 2016 historie
1024 1969 1196 2016 monstrare.
1221 1971 1249 2015 et
1274 1957 1323 2013 alii
1343 1972 1391 2010 non

334 2061 401 2102 raro
424 2051 455 2100 et
476 2041 581 2103 Cicero
604 2044 679 2102 dixit
702 2045 734 2102 11
756 2044 851 2102 Acad.
877 2042 961 2122 trs]

420 2128 469 2186 66.
496 2129 638 2204 Conferant
660 2127 777 2208 [uectem]
800 2133 976 2203 avocatorem)
999 2128 1180 2186 Particulam
1199 2125 1391 2186 omittitetism

335 2213 413 2290 Spin.
436 2210 501 2291 [B].
545 2215 649 2273 Potuit
670 2225 768 2272 tamen
791 2215 927 2273 excidere
950 2225 1018 2272 ante
1036 2235 1125 2285 avons,
1148 2233 1202 2271 nec
1224 2209 1392 2271 incommode

335 2309 393 2370 est,
426 2316 492 2356 oum
520 2300 558 2357 ad
584 2301 710 2358 alterum
738 2300 906 2376 exemplum
935 2309 1109 2358 transeatur.
1164 2295 1392 2375 Interrogatinnis

334 2393 512 2442 notamcum
523 2385 667 2444 Lambino
690 2387 803 2456 addidi;
827 2405 922 2460 neque
944 2386 1021 2442 enim
1034 2384 1137 2444 Cicero
1160 2383 1392 2460 comparationem

334 2489 366 2528 se
383 2469 584 2528 instituturum
606 2472 767 2548 promittit,
801 2472 852 2529 sed
879 2481 985 2548 negat,
1019 2469 1146 2528 conferri
1169 2489 1256 2545 posse
1277 2467 1392 2527 homines

335 2564 395 2613 tam
418 2556 504 2632 longe
522 2557 676 2615 diiunctos.
705 2558 796 2616 Drusi
807 2575 985 2632 praenomen
998 2555 1054 2632 (M.
1066 2567 1134 2631 post
1145 2552 1234 2636 mam)
1245 2551 1392 2613 addendum

336 2659 400 2698 esse
413 2639 507 2700 Gaius
529 2643 704 2719 suspicatur,
727 2662 785 2700 non
809 2643 922 2712 inscite,
941 2643 970 2698 in
983 2642 1133 2700 notatione
1145 2642 1272 2699 hominis
1284 2635 1392 2698 Romani

336 2745 374 2783 ex
400 2727 524 2784 historia
551 2728 680 2805 exempli
707 2747 796 2786 causa
823 2727 938 2785 delecti.
983 2728 1028 2784 De
1062 2727 1237 2803 cognatione
1263 2725 1344 2784 Drusi
1369 2730 1392 2776 ct

336 2811 458 2872 Catonis
480 2812 590 2871 dictum
614 2823 657 2871 est
678 2815 716 2872 od
739 2814 796 2884 III,
821 2815 848 2870 8.

421 2897 456 2955 Si
475 2899 541 2956 uiuit
562 2909 601 2957 cst
624 2899 693 2975 eet)
716 2901 826 2958 Veram
849 2899 1023 2974 scripturam
1047 2918 1063 2954 e
1086 2897 1150 2955 Pul.
1164 2900 1193 2966 4,
1217 2891 1392 2954 Parr.let3

335 2983 486 3042 revocavit
506 2985 657 3057 Davisius,
681 2995 752 3057 turn,
775 2985 813 3042 ab
836 2983 973 3042 Ernestiu
995 2993 1138 3059 spretam,
1162 2982 1257 3042 Gaius
1278 3003 1293 3039 e
1314 2979 1393 3037 tribus

336 3070 455 3145 optimis
472 3071 533 3128 suis
550 3071 699 3128 codicibus
711 3068 777 3149 [Β]
808 3069 906 3129 Ceteri
918 3071 975 3140 sed,
998 3069 1028 3125 in
1056 3088 1114 3144 quc
1137 3069 1393 3144 scripturaperrer-

336 3156 450 3213 sissima
478 3153 584 3214 Cicero
617 3175 717 3214 omnes
747 3156 919 3231 insipientes
946 3155 1054 3229 impios
1081 3163 1111 3210 et
1143 3154 1301 3212 sceleratos
1325 3148 1392 3206 iacit

335 3240 423 3298 etiam
436 3241 576 3312 Drusum,
599 3241 738 3316 quoniam
760 3241 902 3316 insipiens
924 3239 989 3310 fuit,
1013 3249 1043 3296 et
1063 3240 1131 3296 inde
1149 3240 1201 3316 (itu
1213 3237 1316 3314 uticae)
1337 3252 1392 3291 cou-

336 3326 437 3398 cludit,
460 3326 583 3385 miseros
606 3345 679 3385 esse.
712 3327 783 3403 Ipsa
804 3326 865 3398 ills,
889 3325 1102 3400 quaeadditur,
1126 3317 1394 3398 confinnatiotpuot

332 3413 454 3487 projecto
476 3411 552 3487 sunt)
575 3413 717 3484 ostendit,
741 3431 800 3469 non
823 3411 1037 3470 consecutionis
1060 3411 1303 3486 significationem
1323 3423 1392 3483 prae·

337 3496 451 3568 cedere,
475 3497 527 3554 sed
548 3506 601 3554 aut
622 3497 820 3556 concessionis
843 3506 895 3554 aut
917 3497 1106 3554 condicionis.
1153 3497 1211 3552 [um
1224 3490 1390 3572 particuluin

338 3582 524 3640 concedendo
547 3583 589 3640 sic
611 3583 737 3650 additur,
760 3593 794 3640 ut
815 3583 1012 3660 significemus
1035 3601 1098 3646 nos,
1121 3581 1239 3638 omissis
1262 3582 1310 3652 iis,
1330 3591 1391 3650 quus

338 3667 424 3724 aliter
454 3667 512 3724 dici
540 3669 667 3728 statuive
689 3669 818 3744 possint,
847 3668 964 3743 longius
986 3668 1154 3743 procedere.
1198 3667 1308 3724 Eadem
1328 3678 1392 3720 cortr-

337 3753 483 3828 positione
506 3753 550 3832 (ut
571 3753 637 3830 ium)
661 3753 766 3814 Cicero
788 3755 880 3812 utitur
902 3754 932 3811 in
950 3773 996 3828 ep.
1019 3753 1055 3809 ud
1080 3753 1160 3810 Fam.
1177 3753 1203 3824 I,
1224 3755 1252 3821 9,
1278 3753 1322 3816 13,
1351 3745 1392 3823 [dt

338 3839 438 3896 Divin.
455 3839 496 3909 11,
516 3837 580 3916 33].
624 3841 711 3898 Hunc
739 3859 757 3896 a
784 3840 937 3916 superiore
959 3839 1105 3895 sententia
1133 3839 1170 3895 ud
1192 3837 1391 3896 concessionem

337 3933 551 4001 transgressum
576 3925 678 3983 Livius
700 3935 731 3982 et
752 3925 863 3984 Caesar
883 3924 1029 3982 interdum
1052 3924 1218 4000 significant
1246 3929 1296 3980 ιά-ηι
1318 3916 1393 3997 parti·

338 4010 420 4066 culae
438 4021 467 4067 ut
479 4023 693 4087 praeponentes
705 4011 784 4087 (Liv.
796 4012 834 4082 V,
849 4011 898 4078 54,
913 4012 941 4072 6,
965 4009 1049 4068 Caes.
1067 4010 1102 4066 B.
1115 4007 1225 4079 G.111,
1239 4013 1281 4084 9).
1303 4004 1392 4082 quoda

338 4095 475 4152 Walchio
505 4107 584 4154 recte
607 4097 843 4154 animadversum
866 4097 1000 4152 Hundius
1024 4089 1124 4170 (Ture,
1146 4095 1196 4152 111
1218 4115 1246 4170 p.
1273 4096 1342 4167 140)
1361 4089 1395 4144 sit

338 4180 494 4256 improbat,
517 4192 550 4240 ut
572 4183 634 4257 ipse
657 4183 687 4239 in
700 4181 836 4240 Caesaris
858 4182 923 4238 loco
935 4181 1095 4257 particulas
1107 4181 1206 4238 irruitis
1219 4182 1314 4238 verbis
1325 4195 1395 4252 sepu-

338 4276 417 4323 retas
445 4268 511 4342 (ium
540 4263 641 4348 tostico)
664 4269 820 4344 coniungat
855 4277 883 4322 et
906 4286 1011 4324 novam
1034 4267 1070 4324 iis
1093 4267 1333 4342 significationem
1353 4261 1395 4319 tri·
