2948 5024
310 355 374 418 710
696 372 741 416 nu
765 371 895 418 rimans
919 371 988 417 sos.

310 559 400 605 omne
422 539 558 604 studium
580 540 622 604 ad
643 539 788 604 virtutem
810 540 904 604 etad
926 557 980 604 ees
1002 540 1150 618 oenones,
1173 558 1254 621 quoe
1276 539 1376 604 rirmti

310 648 536 708 consentaneae
559 649 640 720 sunt
662 640 811 721 refertur,
834 659 933 723 eoque
960 642 1075 720 omnia,
1098 661 1178 723 qnae
1204 653 1260 706 aut
1285 641 1375 706 itain

309 745 419 809 animis
442 751 515 808 sunt
536 753 591 808 aut
611 745 824 825 itegeruntur,
845 763 908 808 uno
930 744 1054 809 nomine
1075 744 1206 809 honesta
1228 744 1375 808 dimintur.

309 847 449 924 Quorum
475 845 611 910 omnium
643 865 723 928 quae
750 846 812 910 sint
843 846 972 910 notitiae
1000 865 1141 928 quaeque
1170 844 1376 927 significentur

394 1074 416 1116 2.
435 1077 489 1117 sunt
507 1076 678 1118 consentaneae
700 1067 834 1118 LPCltOr.
896 1075 918 1120 4.
938 1085 1044 1132 quaeque
1062 1075 1117 1133 <pro
1135 1077 1204 1132 quae)
1223 1083 1319 1121 omnes.
1337 1067 1376 1118 Or.

210 1171 213 1186 .
307 1145 361 1186 rum
379 1137 420 1188 LO
491 1135 630 1204 [omniflcent
650 1136 697 1202 eh]

397 1343 517 1413 Quorum
538 1351 653 1403 anniam
674 1365 797 1420 quaeque
818 1343 888 1419 eet)
917 1343 1160 1422 [Sieedebatur.]
1184 1344 1294 1402 Gzium
1315 1362 1374 1400 cum

231 1424 235 1434 ’
308 1429 418 1488 Ottone
435 1430 625 1502 dimittamus,
648 1432 699 1506 qui
710 1439 832 1487 narrant
842 1449 964 1505 quaeque
975 1430 1020 1487 bis
1037 1429 1107 1506 poni
1124 1449 1178 1505 pro
1191 1449 1374 1504 quaeeunque.

308 1505 395 1572 tertio
407 1516 472 1574 loco
483 1536 538 1592 pro
549 1528 574 1574 et
585 1536 668 1591 quoe3
691 1536 758 1573 nam
774 1535 954 1590 quaecumque
971 1516 1214 1592 interrogativum
1232 1534 1291 1572 non
1308 1533 1375 1572 esse.

308 1619 361 1658 neo
379 1600 436 1659 diei
458 1602 577 1658 Latine:
605 1603 707 1674 videbo,
731 1621 912 1676 quaecumque
938 1604 1129 1671 aimmeirins,
1153 1601 1238 1676 pueri
1261 1611 1374 1665 neruum

308 1706 499 1762 qomequenon
510 1705 574 1744 esse
586 1707 767 1762 quoecumque
784 1687 900 1744 ostendi
918 1687 949 1743 in
961 1704 1024 1744 exe.
1047 1685 1085 1743 ad
1107 1687 1165 1757 ΙΠ,
1185 1688 1235 1744 51.
1269 1687 1374 1744 Restat.

308 1781 341 1830 ut
351 1791 473 1848 quaeque
483 1773 618 1831 omnibus
630 1773 724 1830 tribus
734 1773 808 1832 locis
820 1772 999 1848 accipiamus
1011 1793 1064 1848 pro
1076 1783 1101 1829 et
1111 1792 1190 1847 qima.
1214 1771 1274 1830 Sed
1284 1775 1375 1847 quium

308 1891 349 1899 —
371 1864 473 1934 quique
494 1877 548 1933 pro
570 1869 596 1915 et
617 1862 667 1933 qui
687 1893 727 1900 —-
750 1869 774 1915 et
796 1861 845 1932 qm'
865 1859 896 1914 in
918 1857 1091 1934 pronomine
1119 1858 1246 1915 relativo
1269 1858 1373 1915 Liuius

307 1943 450 2015 Velleius,
474 1943 675 2017 Quintilianus
697 1943 849 2014 dixerunt,
879 1943 983 2002 Cicero
1006 1962 1064 2002 non
1088 1943 1172 2000 dixit.
1217 1943 1276 2016 Qui
1304 1942 1374 1999 enim

307 2047 382 2086 unus
404 2029 520 2086 laudari
542 2030 617 2086 solet
634 2030 725 2100 locus,
749 2029 785 2086 de
797 2029 880 2088 Orat.
892 2029 917 2101 Ι,
933 2029 1003 2100 119,
1026 2047 1147 2104 prorsus
1158 2029 1273 2105 respuit
1283 2028 1374 2085 huius·

308 2114 386 2172 modi
414 2115 536 2174 duorum
559 2133 697 2191 generum
727 2115 916 2190 partitionem
944 2114 982 2190 (et
1004 2117 1044 2172 illi
1064 2118 1113 2188 qni
1134 2148 1175 2155 -
1198 2124 1222 2171 et
1251 2116 1292 2170 illi
1311 2114 1373 2188 qm).

306 2213 444 2274 reeteque
467 2209 496 2257 et
518 2200 588 2257 olim
610 2200 743 2258 nonnulli
766 2211 796 2258 et
817 2219 912 2276 nuper
933 2219 1035 2258 omnes
1057 2219 1073 2257 e
1096 2200 1246 2258 codicibus
1258 2199 1374 2274 scripse·

307 2295 389 2342 runt:
417 2289 466 2360 qui
486 2289 589 2360 optim.
632 2285 669 2343 In
691 2287 904 2362 interrogativo
926 2285 1099 2362 pronomine
1128 2305 1165 2342 ne
1192 2285 1237 2342 illi
1264 2285 1373 2360 quidem

308 2371 466 2447 scriptores
489 2371 531 2427 sio
554 2380 788 2447 posueruntque
806 2405 846 2412 —
869 2391 929 2446 que.
973 2371 1064 2428 Recte
1087 2371 1178 2447 igitur
1202 2371 1373 2428 Matthiaeus

307 2455 396 2514 scribi
419 2456 526 2513 voluit:
549 2477 618 2531 qnae
639 2461 692 2514 sint
714 2460 829 2528 notitiae,
852 2457 929 2514 idem
953 2456 1091 2513 mendum
1113 2457 1279 2532 corrigens,
1302 2453 1372 2530 quod

305 2541 416 2613 111‚51
442 2542 620 2600 sustulimus.
655 2541 717 2621 [Ita
738 2561 815 2600 nuno
838 2541 941 2619 edidi]
976 2541 1035 2600 Sed
1052 2543 1206 2599 haeremus
1229 2543 1259 2598 in
1281 2539 1373 2616 proxi·

273 2701 276 2708 1
307 2628 370 2686 mis.
414 2627 547 2684 Primum
569 2629 647 2686 enim
669 2649 759 2686 rerum
780 2630 909 2686 vocabolo
931 2629 1125 2685 communiter
1147 2628 1292 2697 dicuntur,
1315 2625 1373 2700 qui·

306 2713 361 2770 bus
383 2731 430 2770 res
452 2714 656 2788 appellantur,
680 2723 726 2785 ut,
755 2733 821 2771 eum
843 2715 967 2770 honesta
988 2715 1140 2772 nominate
1162 2713 1235 2784 sint,
1269 2710 1374 2785 siquis

307 2799 342 2855 de
365 2817 454 2855 eoram
477 2799 644 2856 nominibus
666 2800 837 2876 interroget,
861 2817 998 2875 perverse
1021 2798 1114 2856 dicat:
1143 2801 1211 2872 qnid
1232 2799 1374 2871 confisum

306 2903 396 2940 rerum
417 2885 564 2941 vocabum?
584 2886 690 2960 Itaque
713 2885 867 2942 Ernestius
890 2904 979 2942 reram
1001 2883 1066 2942 tolli
1077 2884 1206 2942 volebat
1238 2883 1295 2943 Sed
1311 2889 1374 2940 sunt

307 2970 366 3026 alia
387 2969 475 3040 vitia3
497 2989 575 3042 nam,
598 2971 707 3028 omisso
719 2970 807 3027 etiem
820 2990 918 3041 reram,
941 2979 1039 3026 tamen
1051 2971 1123 3027 Piso
1140 2971 1196 3027 hoc
1208 2989 1239 3026 se
1251 2969 1373 3026 vimnau

307 3055 404 3112 dicere
426 3055 552 3128 ridetur,
576 3075 651 3130 quae
674 3057 719 3113 vis
741 3065 771 3113 et
792 3057 1099 3114 naturahonestorum
1118 3073 1156 3112 ex
1168 3056 1242 3131 ipsis
1254 3055 1373 3111 vocabu·

306 3141 352 3212 lie,
375 3141 431 3199 hoo
453 3151 512 3212 est,
536 3161 573 3199 ex
596 3161 696 3198 eorum
720 3142 832 3218 origiue
855 3153 885 3198 et
906 3142 1081 3218 cognatione
1103 3151 1255 3217 appareat
1286 3137 1374 3213 Atqui

306 3227 379 3284 haec
401 3227 612 3285 vocabulorum
635 3227 810 3304 significatio
833 3227 870 3284 ad
892 3227 970 3284 hunc
992 3227 1105 3297 locum,
1128 3226 1179 3283 ubi
1202 3226 1371 3284 deuotione

306 3321 336 3370 et
357 3313 514 3388 generibus
536 3313 726 3370 honestorum
748 3332 801 3388 per
824 3331 855 3370 se
867 3313 1051 3388 explicandis
1062 3313 1169 3390 egitur,
1193 3313 1372 3370 omninonon

306 3397 448 3474 pertinen
471 3408 501 3455 et
523 3398 669 3473 sequitur:
691 3417 813 3473 quaeque
834 3402 962 3473 cuiusque
984 3402 1024 3458 vis
1046 3409 1070 3456 et
1091 3408 1191 3454 nmero
1209 3401 1253 3454 cit.
1279 3398 1371 3469 Longe

305 3483 364 3540 alio
387 3483 468 3540 ducit
489 3485 553 3558 ipse
575 3503 672 3541 rerum
685 3483 766 3540 ordo.
799 3485 980 3541 Perventum
999 3493 1044 3541 est
1065 3484 1142 3540 enim
1165 3483 1371 3540 aduniversam

307 3579 336 3626 et
357 3569 524 3648 generalem
537 3570 726 3626 honestorum
738 3571 897 3627 notionem.
926 3571 1040 3642 Restat,
1063 3579 1095 3626 ut
1107 3579 1282 3645 exponatur,
1304 3582 1371 3640 quae

307 3655 366 3711 sint
387 3654 577 3712 honestorum
599 3655 722 3712 notitiae
745 3664 775 3711 et
797 3656 992 3725 definitiones,
1015 3656 1223 3729 quaenomina
1240 3650 1371 3728 etappel·

306 3739 446 3810 lationes3
469 3740 525 3797 hoe
548 3760 618 3798 mox
640 3759 671 3797 se
694 3740 825 3798 visurum
849 3741 920 3799 Piso
943 3740 1023 3798 dicit.
1068 3741 1159 3798 Recte
1181 3741 1272 3816 igitur
1288 3735 1370 3796 Dari·

308 3825 369 3883 sius
392 3825 476 3896 vidit
499 3826 555 3884 hoc
577 3825 703 3900 requiri:
726 3827 878 3901 quibusque
898 3829 1080 3901 sipnifioentnr
1102 3827 1246 3884 uocabulm
1277 3820 1370 3902 (Quod

307 3914 434 3986 queisque
456 3912 582 3987 scripsit,
605 3911 693 3970 facile
722 3913 929 3970 condonamus.
978 3913 1148 3969 Probarunt
1175 3910 1325 3968 Ernestius
1345 3913 1370 3961 ct

307 3997 511 4072 Matthiaeus.)
556 3999 595 4055 Et
621 3998 652 4054 in
680 3998 901 4056 honorationis
928 3997 1025 4054 forma
1050 3996 1124 4054 ferri
1151 4015 1238 4072 posse
1265 3994 1370 4052 ridetur

307 4103 404 4139 renem.
449 4083 527 4140 Nam
550 4101 614 4140 cum
637 4084 709 4142 Piso
731 4084 851 4142 notitias
873 4083 963 4140 animi
985 4083 1182 4153 nominasset,
1210 4083 1252 4139 sio
1273 4078 1369 4136 addere

307 4168 424 4226 videtur
445 4171 542 4244 quibas
564 4189 653 4226 rerum
675 4171 810 4227 vocabulis
832 4167 902 4248 (hoe
924 4177 983 4238 est,
1017 4168 1124 4242 quibus
1146 4187 1185 4224 ex
1214 4167 1271 4225 illis
1291 4180 1368 4221 voca·

307 4253 394 4324 bulis,
418 4255 524 4329 quibus
546 4274 593 4312 res
616 4254 776 4333 notamus),
799 4263 832 4312 ut
853 4254 999 4330 significet
1020 4255 1157 4324 honesta,
1180 4271 1255 4328 quae
1275 4265 1368 4324 reapse

307 4338 366 4395 sint
387 4348 417 4396 et
438 4340 468 4396 in
490 4341 553 4398 vita
564 4341 844 4399 animadvertantur.
878 4339 966 4417 Cogit
977 4340 1067 4417 igitur
1076 4340 1161 4400 ratio.
1184 4349 1217 4398 ut
1233 4337 1367 4414 quomque
