3034 5030
305 421 368 486 366
625 484 633 500 ,
698 438 744 483 nn
766 436 898 484 nmmos
920 437 992 482 sor.

305 606 399 672 Stoici
420 626 483 670 non
505 611 618 687 putant
640 591 829 688 voldptatem
858 624 928 670 esse
955 606 1140 686 ponendam.
1186 605 1304 682 Quibus
1326 623 1387 685 ego

305 709 503 796 vehementer
525 709 689 788 assentior,
712 728 766 788 ne,
790 708 816 773 si
837 708 1028 789 voluptatem
1051 715 1165 772 natura
1187 706 1331 788 posuisse
1351 706 1386 770 in

304 811 343 876 iis
366 811 459 876 rebus
481 811 639 889 videatur,
666 829 747 892 quae
769 811 888 892 primae
916 815 1122 891 appetuntur,
1155 810 1253 874 multa
1279 808 1389 889 turpia

305 921 486 996 sequantur.
521 912 684 978 Satisesse
706 923 810 979 autem
832 912 1005 994 argumenti
1027 911 1160 989 videtur,
1182 910 1387 992 quamobrem

267 1017 370 1096 olla,
404 1033 484 1098 quae
510 1015 613 1096 prima
635 1022 709 1080 sunt
735 1017 832 1081 ascita
861 1022 987 1090 nature,
1015 1015 1196 1095 diligamus,
1229 1014 1312 1094 quod
1334 1019 1389 1076 cst

374 1226 397 1270 2.
417 1237 472 1270 ιισιιι
490 1225 547 1286 (pro
565 1229 603 1278 aet
623 1221 645 1270 Ε
682 1217 810 1286 [ροσιιίιιιι
828 1219 862 1288 Α]
880 1221 996 1284 potuisset
1014 1219 1036 1267 E
1072 1224 1094 1268 8.
1108 1217 1146 1268 iis
1158 1216 1272 1286 [ΑΜΒ
1317 1216 1388 1266 vide·

305 1299 368 1340 retur
386 1290 407 1339 1,
452 1295 474 1338 5.
486 1305 548 1353 poue
561 1289 736 1353 naturaprima
756 1289 874 1340 LPMCR
912 1287 1018 1356 [adscita
1030 1287 1058 1352 Α]
1095 1295 1190 1336 asama
1209 1286 1230 1334 E
1248 1303 1265 1334 ιι
1283 1285 1350 1336 sedo
1363 1287 1389 1334 R

306 1481 480 1571 ἁρμόζοντα
501 1493 539 1569 τῇ
561 1478 705 1552 συστάσει
727 1481 864 1570 ἀπολάβῃ
876 1517 900 1553 κ.
913 1515 940 1556 c.
954 1489 977 1553 ἔ.
1011 1495 1076 1552 Nec
1098 1505 1196 1552 tantem
1214 1493 1389 1552 illudaddi-

305 1590 467 1638 tementum
490 1598 506 1636 e
529 1580 731 1656 superioribus
749 1591 844 1637 ortum
868 1591 922 1652 est,
945 1581 997 1639 ubi
1009 1580 1078 1638 boni
1090 1581 1174 1638 codd.
1192 1598 1251 1638 uon
1274 1579 1391 1636 habent

305 1668 446 1740 diligendi,
470 1667 569 1724 nullus
592 1669 649 1734 arei,
673 1665 724 1723 sed
746 1664 905 1726 infeliciter
927 1667 1044 1742 aliquis,
1068 1666 1215 1742 principie
1236 1664 1392 1722 naturalia

305 1760 501 1827 quaeessent,
525 1752 646 1810 definire
669 1759 792 1809 conatus
814 1763 868 1811 est
897 1753 1035 1812 Ceterum
1048 1751 1272 1816 effectusillius,
1295 1769 1390 1826 quem

305 1837 458 1896 desideriis
481 1849 604 1895 naturae
627 1837 753 1912 expletis
783 1829 981 1913 ἐπιγίγνεσθαι
1003 1837 1204 1895 concedebant
1227 1836 1329 1906 Stoici,
1351 1835 1391 1892 in

305 1922 482 1999 explicanda
514 1923 634 1981 notione
668 1923 738 1980 honi
771 1931 801 1980 et
835 1923 938 1980 beatae
971 1924 1050 1981 vitae
1088 1923 1232 1980 rationem
1271 1921 1390 1979 nullam

304 2009 462 2066 habebant.

392 2095 467 2152 Sutia
480 2129 518 2136 —
531 2097 682 2168 orqreraenti
692 2095 804 2153 addetur.
828 2094 999 2167 quamodrem
1021 2097 1090 2167 cet)
1112 2092 1288 2169 Singulatim
1305 2092 1391 2150 ratio

304 2179 437 2236 redditur
449 2179 484 2236 de
504 2180 591 2236 rebus
603 2178 789 2253 quibusdem,
803 2197 876 2254 quos
888 2190 994 2237 natura
1005 2179 1116 2255 primas
1128 2187 1265 2254 appetut3
1287 2197 1391 2252 neque

306 2275 403 2322 temen
427 2282 479 2321 eae
502 2283 518 2320 e
541 2264 687 2322 communi
710 2263 761 2321 illo
785 2264 893 2321 amoris
916 2274 946 2321 et
968 2265 1200 2322 conservationis
1229 2263 1275 2322 sui
1301 2262 1392 2322 fonte

305 2350 485 2420 derivant-ur,
509 2349 629 2406 minime
641 2349 758 2423 quidem
772 2349 955 2426 cognitiones
972 2358 1002 2406 et
1017 2359 1105 2418 artes,
1128 2349 1180 2406 sed
1196 2350 1240 2407 illi
1257 2348 1392 2424 quodam

306 2435 393 2492 modo
415 2435 534 2511 adiungi
558 2434 709 2502 ridentum
733 2443 881 2492 ettamen
905 2435 946 2492 sic
958 2435 1063 2494 Cicero
1080 2435 1210 2509 loquitur
1232 2432 1394 2515 (itaquae

300 2523 394 2597 promo
415 2530 478 2577 aaut
499 2523 586 2578 oscito
607 2515 731 2597 natura),
754 2520 839 2594 quasi
862 2521 918 2577 hoc
939 2539 1032 2596 genus
1049 2521 1121 2578 setis
1143 2521 1290 2578 definierit
1307 2530 1336 2576 et
1353 2519 1393 2577 in

305 2625 341 2663 eo
369 2606 422 2664 hes
449 2625 497 2664 res
520 2606 666 2681 posuerim
689 2605 795 2662 deinde
822 2615 920 2663 eutem
949 2623 1026 2662 nunc
1049 2606 1165 2662 demum
1194 2607 1393 2678 demonstrat,

307 2709 357 2748 ees
380 2689 481 2766 diligi,
504 2691 596 2766 atqui,
620 2691 675 2748 nisi
699 2691 901 2768 diligerentur,
925 2691 1044 2750 omnino
1067 2710 1126 2748 non
1150 2700 1247 2748 essent
1260 2691 1290 2748 in
1303 2690 1392 2766 prin-

306 2776 392 2852 cipiis
415 2777 615 2847 naturalibus3
637 2777 739 2851 itaque
761 2777 925 2853 tautologia
949 2776 1094 2852 quaedem
1116 2777 1225 2848 oritur,
1266 2795 1331 2833 cum
1356 2776 1394 2836 id

306 2861 469 2920 docendum
491 2861 583 2920 fuisse
606 2862 751 2934 videatur,
775 2881 820 2934 ea,
843 2881 919 2938 quoe
942 2881 960 2920 a
983 2861 1092 2921 Stoicis
1114 2863 1209 2938 prima
1226 2875 1392 2938 ponantur,

305 2967 375 3006 vere
398 2947 481 3024 diligi
505 2957 534 3005 et
556 2948 640 3006 illum
663 2949 759 3006 locum
782 2948 846 3005 iure
868 2958 979 3005 tenere.
1007 2948 1105 3005 Huius
1128 2947 1316 3006 obscuritatis
1337 2965 1393 3004 re-

306 3034 463 3110 prehensio
486 3053 524 3092 ex
547 3042 659 3109 quanta
676 3043 760 3109 parte
773 3034 810 3091 ed
822 3033 904 3109 ipsos
916 3032 1033 3092 Stoicos
1045 3034 1201 3109 pertineat,
1224 3052 1262 3090 ex
1274 3042 1394 3107 quante

305 3120 341 3176 od
365 3118 549 3190 Ciceronem,
573 3119 669 3176 minus
692 3118 830 3176 distincte
852 3120 925 3176 hoec
948 3117 1128 3198 reddentem,
1152 3117 1273 3175 difficile
1285 3127 1331 3175 est
1340 3119 1394 3176 di-

306 3221 381 3261 cere.
404 3205 439 3261 In
451 3223 524 3262 voce
535 3206 707 3279 quamobrem
723 3204 828 3262 similis
845 3204 989 3279 quaedem
1009 3213 1175 3262 structurae
1187 3205 1395 3262 inconstantia

305 3289 566 3347 animadvertenda
577 3291 614 3360 ei,
627 3308 702 3364 quae
715 3290 752 3346 ad
774 3291 803 3350 Ι.
820 3293 857 3347 14
875 3291 905 3346 in
922 3291 1015 3348 verbo
1032 3292 1156 3348 adriacor
1172 3298 1314 3346 annotata
1329 3301 1393 3347 est.

305 3375 384 3433 Nam
407 3375 526 3451 proprie
548 3383 601 3433 aut
623 3375 666 3432 sic
688 3375 809 3432 dicit-ur:
832 3379 900 3432 satia
921 3379 1073 3449 urprcmenti
1093 3386 1140 3446 est,
1164 3379 1212 3432 illa
1234 3407 1276 3416 ·—-
1299 3376 1394 3448 diligi,

306 3461 342 3517 de
366 3480 412 3532 ee,
436 3461 515 3535 quod
539 3461 724 3519 concluditur
747 3459 794 3540 (ut
815 3461 831 3518 I
853 3461 944 3537 Legg.
969 3459 1033 3540 30),
1057 3471 1108 3518 aut
1130 3461 1187 3518 sic:
1215 3463 1283 3517 sotis
1304 3479 1396 3533 orpu-

305 3549 387 3602 meuti
407 3557 455 3605 eat.
478 3547 650 3621 quamobrem
672 3549 720 3604 itta
742 3579 784 3588 -
807 3549 884 3620 diligi
905 3549 1057 3619 credamus,
1080 3547 1116 3604 de
1134 3547 1200 3614 fide,
1224 3564 1300 3621 quae
1323 3545 1396 3602 effi-

306 3632 382 3688 citur
410 3629 457 3709 (ut
485 3633 514 3690 V
541 3633 571 3689 iu
600 3634 687 3690 Verr.
719 3633 794 3690 178:
829 3635 920 3689 ridolto
947 3636 1024 3704 eiquo
1052 3635 1179 3692 dederat.
1214 3631 1395 3706 qcaeomobrem

306 3737 484 3792 responsurus
506 3737 557 3774 ιισιι
580 3716 742 3795 videretur);
766 3717 872 3776 Cicero
894 3717 1114 3775 coniunctivum
1127 3718 1215 3774 etiem
1237 3718 1268 3773 in
1287 3717 1395 3792 priore

305 3801 402 3860 forma
425 3803 527 3860 tenuit.
559 3802 662 3862 Simile
686 3815 791 3860 estex
813 3803 913 3878 eliqua
935 3813 1020 3879 perte
1042 3805 1084 3875 11,
1109 3805 1165 3861 70:
1192 3802 1266 3872 chid
1293 3804 1394 3876 offers,

305 3907 355 3946 cur
371 3889 603 3946 Hortus-uon
625 3891 814 3948 iacuitdissime
835 3893 940 3960 uiuent,
963 3889 1019 3947 hoc
1042 3899 1100 3960 est,
1126 3891 1223 3946 atricae
1245 3890 1394 3948 inducetur.

386 3977 479 4050 prima
502 3984 565 4032 sant
591 3977 676 4032 oscito
699 3985 807 4044 acturo,
831 3971 989 4050 diligamus)
1011 3975 1177 4034 Edebatur:
1200 3993 1271 4049 qaue
1287 3969 1396 4032 nanim

302 4063 394 4134 pariata
416 4071 479 4118 sunt
500 4064 601 4132 accim,
625 4071 724 4118 natura
747 4063 905 4134 diligentem
929 4060 980 4117 sed
1003 4071 1102 4118 nautea
1119 4059 1213 4136 diligi,
1236 4079 1312 4134 quae
1334 4077 1396 4118 ua-

306 4155 373 4202 tura
395 4146 547 4218 asciverit,
571 4165 630 4203 non
653 4146 713 4203 ulio
735 4146 864 4221 quodam
887 4146 983 4218 modo,
1008 4147 1079 4204 satis
1103 4155 1235 4222 apparet.
1279 4145 1395 4220 Itaque

306 4229 404 4303 priore
427 4231 492 4290 loco
506 4251 608 4290 vocem
620 4233 703 4290 illam
715 4241 794 4290 recte
806 4232 947 4289 omittunt
957 4231 1047 4290 etiam
1059 4229 1146 4310 [AB]
1159 4230 1236 4307 Spir.
1249 4241 1280 4289 et
1290 4231 1349 4292 Ox.
1365 4226 1395 4301 ξ,

306 4314 336 4371 id
359 4325 413 4386 est,
438 4318 583 4384 meliores,
607 4319 714 4393 quibus
737 4318 830 4378 Gzius
853 4319 965 4393 paruit;
989 4317 1136 4376 sublatam
1154 4317 1311 4375 voluerant
1327 4317 1396 4377 iem

306 4399 461 4460 Ernestius
484 4412 514 4460 et
536 4405 681 4462 Bremius.
704 4407 799 4462 Asello
822 4401 890 4484 [pro
907 4423 966 4478 quo
990 4403 1078 4460 etiem
1102 4403 1169 4460 inB
1187 4413 1293 4460 assata
1315 4405 1397 4460 seri-
