2938 5020
305 363 369 428 206
694 378 738 424 nn
761 375 893 424 nmmos
915 377 987 424 nou.

304 549 408 616 vivere
430 566 499 614 cum
511 545 723 628 intellegentia
744 564 975 625 rerumearum,
998 547 1384 628 qneenaturaevenirent,

304 650 466 733 eligentem
487 667 533 728 ee,
556 667 636 731 quae
657 656 764 716 essent
784 649 1117 727 secundumnamrem,
1145 649 1384 730 reicientemque

305 752 469 820 contraria
514 753 564 818 35.
587 753 636 816 lta
656 757 721 816 tres
745 756 818 816 sunt
838 749 917 816 fines
938 757 1081 832 expertes
1099 750 1280 830 honestene,
1301 769 1384 817 unus

304 855 457 937 Aristippi
490 854 539 919 vel
565 853 707 936 Epicuri,
739 853 819 918 alter
851 852 1044 935 Hieronymi,
1077 852 1229 919 Carneadi
1261 856 1384 934 tertius,

266 960 379 1037 otras,
400 957 432 1023 in
454 956 566 1040 quibus
588 955 736 1022 honestes
763 974 833 1021 cum
855 955 959 1037 aliqua
980 955 1171 1034 accessione,
1199 955 1385 1049 Polemonis,

306 1059 517 1141 Calliphontis,
541 1058 684 1137 Diodori;
706 1077 769 1124 una
785 1057 924 1140 simplex,
946 1057 1034 1122 cuius
1046 1059 1128 1122 Zeno
1139 1067 1256 1138 auctor,
1278 1061 1386 1140 posita

304 1163 335 1227 in
359 1163 471 1227 decore
492 1167 568 1240 tote,
590 1161 622 1226 id
645 1167 707 1240 est,
734 1159 766 1225 in
788 1161 964 1238 honestate
1000 1177 1072 1224 nem
1098 1159 1234 1242 Pyrrho,
1268 1163 1386 1242 Aristo,

377 1389 397 1434 l.
416 1399 583 1434 mammam
602 1381 666 1434 cor.
704 1381 874 1447 1111911111-
891 1381 1171 1446 ret'ca'entequeLPllCR
1190 1381 1386 1448 [rqicr'eatemque

305 1452 352 1522 ΔΙ]
390 1457 413 1504 8
433 1470 495 1502 nour
513 1453 592 1504 cml
628 1450 797 1504 scamma
818 1450 863 1516 [Δι
879 1450 1037 1502 trucum.
1064 1450 1275 1517 6061116501ὼῦ
1316 1453 1372 1506 7.’
1361 1471 1386 1501 ur

306 1521 374 1588 (anre
392 1522 521 1584 innatare)
541 1536 588 1572 orn
608 1520 679 1570 1111
719 1519 826 1589 [praelo
846 1525 861 1568 ,1

306 1696 424 1753 inverso
447 1695 563 1753 ordine:
586 1695 701 1766 derecte,
724 1695 823 1766 idest,
846 1713 905 1750 eorm
927 1697 1031 1751 suntote.
1076 1694 1155 1752 Male
1178 1695 1255 1751 Dav.
1278 1714 1294 1752 e
1317 1698 1385 1758 cod.

303 1783 388 1840 Parr.
404 1783 430 1852 1,
446 1778 603 1859 2(01.U)
627 1781 775 1848 honestata
799 1779 915 1856 longius
927 1797 1100 1856 progressus
1111 1779 1240 1838 Eliensis
1252 1779 1385 1860 (uter?):

305 1887 365 1924 cum
387 1868 530 1924 honestate.

389 1954 464 2048 quad
485 1955 523 2008 ita
545 1954 753 2044 interpretantur
774 1954 842 2024 etc.)
871 1943 922 2024 ζῆν
948 1941 1010 2004 κατ’
1035 1943 1186 2045 r'prrerprar
1212 1947 1271 2008 reio
1285 1937 1387 2044 φύσει

305 2025 538 2134 συμβαινόντων,
558 2023 754 2132 ἐκλεγόμενον
775 2025 828 2109 μὲν
855 2023 993 2091 erinacei
1021 2051 1123 2110 φυσιν,
1152 2019 1387 2111 daseia-scipsum

305 2111 336 2179 di
357 2111 397 2177 eoi
418 2139 501 2198 παρα
524 2109 621 2194 φύσιν.
671 2121 740 2178 vid.
763 2121 800 2178 ad
822 2121 885 2190 lv,
918 2123 965 2176 14.
999 2122 1211 2194 Eiiqeotem—
1235 2124 1387 2178 reicientem

304 2206 409 2264 hebuit
430 2205 494 2263 cod.
516 2205 659 2264 bonorum
682 2206 860 2282 archetypus
882 2203 985 2284 (Spin,
1004 2203 1104 2280 Mor.,)
1127 2206 1256 2263 restituit
1277 2207 1386 2264 Daris.

304 2292 339 2350 In
362 2292 527 2368 vulgarium
550 2291 710 2368 archetypo
733 2292 907 2350 autexcidit
929 2310 998 2349 casu
1016 2291 1124 2348 lineola
1145 2291 1387 2368 outcorrigeudo

304 2378 429 2436 relatum
452 2387 497 2434 est
518 2377 555 2434 ad
577 2379 760 2452 intellegentia.
804 2377 942 2436 Reditum
971 2387 1068 2434 tamen
1098 2377 1135 2433 ad
1158 2396 1259 2434 verum
1282 2378 1313 2434 in
1336 2379 1387 2436 El.

308 2466 334 2534 1,
358 2457 438 2531 Εξψ.
482 2462 541 2522 Sed
563 2463 694 2520 notanda
714 2467 845 2522 euenirent
866 2472 896 2520 et
917 2473 1003 2522 asseret
1020 2470 1088 2538 post
1097 2465 1307 2538 interpretantur·
1330 2483 1387 2540 po-

305 2549 376 2620 sita,
410 2549 488 2622 quod
511 2547 615 2608 Cicero
644 2548 741 2606 subito
763 2549 970 2626 cogitationem
999 2567 1018 2606 a
1039 2567 1091 2605 suo
1114 2557 1246 2623 tempore
1267 2550 1389 2608 rettulit

304 2635 342 2692 ed
364 2643 478 2692 veteres
502 2633 627 2705 Stoicos,
651 2633 737 2692 huius
759 2633 1011 2710 interpretationis
1023 2642 1168 2706 suctores,
1191 2633 1227 2690 de
1250 2653 1308 2708 quo
1332 2655 1387 2711 ge-

304 2739 374 2778 nere
396 2720 511 2778 dicetur
532 2721 569 2778 ed
591 2721 649 2791 111,
675 2721 723 2777 67.

392 2805 441 2862 35.
478 2800 627 2886 Carneadi)
649 2806 768 2863 Vidad
790 2806 816 2873 I,
831 2809 878 2862 14.
906 2804 995 2883 [Mox
1017 2814 1069 2862 aut
1090 2813 1158 2880 post
1180 2805 1387 2877 honestassent,

304 2903 337 2949 nt
359 2891 480 2950 Baitero
502 2891 598 2948 visum
621 2901 681 2962 est,
715 2899 783 2968 post
804 2894 953 2949 accessione
975 2891 1121 2948 excidisse
1143 2890 1259 2947 videtur
1282 2884 1343 2974 est]

394 2975 583 3052 Calliphontis)
608 2977 657 3036 Sic
679 2977 756 3034 Poll.
769 2995 880 3048 emmae,
903 2975 993 3049 Oxx,
1017 2975 1133 3035 Gzieni.
1167 2976 1284 3034 Monuit
1301 2974 1387 3034 Gru-

304 3072 393 3120 terus.
438 3063 551 3119 Tamen
575 3062 725 3134 ruendum,
749 3063 828 3138 quod
850 3063 922 3120 alibi
944 3061 997 3140 (V,
1022 3063 1058 3119 21
1084 3072 1114 3118 et
1136 3060 1194 3121 Off.
1216 3062 1279 3132 111,
1306 3063 1388 3142 119)

305 3149 392 3206 etiam
416 3148 499 3206 codd.
522 3148 687 3224 occupavit,
710 3149 740 3206 in
764 3148 829 3206 edd.
852 3148 947 3205 haesit
968 3149 1006 3205 ad
1029 3147 1235 3206 Goerenaium.

390 3254 444 3290 urta
465 3231 592 3312 simplos)
614 3234 769 3307 Loquitur,
793 3243 944 3307 tamqnam
966 3232 1125 3308 praecedat
1146 3235 1289 3303 1111111151,
1322 3253 1386 3292 non

297 3323 378 3394 finis3
401 3339 468 3376 nam
491 3319 522 3376 in
544 3319 600 3376 hoc
622 3320 766 3377 vocabulo
789 3337 884 3393 neque
906 3337 998 3395 genus
1010 3319 1124 3376 variare
1148 3327 1264 3394 poterat
1284 3336 1387 3394 neque

304 3405 423 3464 omnino
444 3405 474 3462 id
497 3405 553 3462 hoc
576 3405 740 3480 significatu
763 3404 1055 3480 umquamt'emiuino
1076 3423 1183 3480 genere
1206 3404 1316 3462 dictum
1330 3417 1387 3464 est.

305 3491 430 3567 Syneein
453 3491 528 3547 hanc
550 3490 702 3566 appellant
723 3499 753 3548 ot
764 3491 883 3566 optimis
900 3491 1092 3566 scriptoribus
1108 3490 1247 3548 usitatam
1264 3489 1388 3562 dicunt,

304 3596 357 3635 nos
380 3576 542 3675 simplicius
564 3575 767 3653 neglegentiae
790 3577 1009 3634 exeusationem
1033 3575 1209 3650 quaerimus

371 3665 476 3754 posita
497 3665 524 3718 in
547 3663 640 3718 decore
661 3660 729 3741 tota)
752 3662 844 3719 Decae
872 3661 989 3737 saepius
1017 3680 1070 3737 pro
1094 3661 1199 3718 tonna
1222 3661 1312 3732 dixit,
1349 3653 1388 3718 τὸ

303 3731 394 3804 unior
417 3746 595 3823 exprimens,
619 3747 702 3804 uth.
725 3747 801 3805 libro
825 3749 875 3818 44,
890 3749 940 3819 56,
963 3747 1054 3823 Legg
1076 3747 1102 3817 1,
1127 3747 1182 3815 55;
1204 3746 1276 3804 alibi
1298 3747 1387 3804 &aas

304 3833 455 3890 honestatis.

389 3919 507 3994 Pyrrho,
530 3918 631 3982 Aristo,
655 3917 777 3994 Erillus)
799 3918 868 3976 Vid.
882 3919 932 3975 43.
977 3915 1146 3995 [Postremo
1169 3917 1281 3974 nomini
1303 3935 1388 3975 nunc

304 4004 512 4080 aspirationem
535 4003 650 4060 detraxi
678 4021 743 4060 cum
766 4004 900 4074 Baitero,
935 4004 986 4078 qui
1008 4013 1038 4060 et
1059 4003 1106 4060 hic
1134 4003 1163 4058 in
1187 4003 1243 4060 AB
1266 4020 1389 4079 semper

304 4086 369 4166 (43,
392 4091 446 4160 IV,
472 4090 521 4159 36,
546 4089 595 4154 40,
617 4090 657 4160 V,
682 4089 732 4160 23,
756 4090 810 4168 73)
833 4089 896 4147 siue
918 4089 1097 4164 aspiratione
1109 4106 1215 4145 nornen
1228 4087 1317 4144 scribi
1331 4107 1388 4146 an-

304 4183 388 4232 notat
409 4187 439 4232 et
460 4175 554 4232 Aced.
577 4175 624 4244 11,
657 4175 731 4244 129,
761 4175 850 4232 Tusc.
872 4177 910 4244 V,
935 4175 985 4245 85,
1009 4172 1115 4245 0111,
1140 4175 1174 4244 6,
1205 4173 1285 4249 apud
1308 4175 1389 4234 Dio·

303 4279 407 4337 genem
430 4261 518 4318 etiarn
530 4260 681 4319 Leontium
703 4260 845 4318 incertam
857 4259 1066 4336 aspirationem
1079 4277 1151 4318 esse.
1174 4259 1200 4316 E
1212 4259 1285 4316 mois
1297 4261 1388 4317 codd.
