2948 5024
314 371 376 436 738
706 391 749 436 na
771 350 902 436 amiens
924 389 995 436 sou.

313 559 362 623 Tu
384 577 468 637 vero,
489 559 625 641 iuquam
647 558 729 638 Piso,
752 565 787 624 ut
809 577 904 640 saepe
927 558 1018 636 alias,
1046 559 1090 624 sic
1112 560 1203 627 hodie
1226 561 1270 625 ita
1292 579 1382 625 nosse
1468 547 1469 552 ’

312 661 373 727 ista
394 661 479 726 visus
502 679 544 740 es,
567 665 616 740 ut,
640 662 666 726 si
689 662 734 726 tui
756 661 845 727 uobis
870 665 1011 742 potestas
1034 661 1160 743 saepius
1182 661 1287 740 fieret,
1323 681 1382 727 non

311 765 452 834 mmmm.
465 763 593 828 Graecis
616 764 852 845 supplicandum
874 769 1026 845 putarem.
1076 765 1167 841 Quod
1195 765 1322 846 quidem
1349 783 1382 828 co

312 865 442 948 probavi
464 867 572 948 magia,
595 868 667 947 quia
689 867 820 944 memini,
843 867 984 932 Staseam
1006 867 1254 948 Neapolitanum,
1278 868 1381 931 docto-

274 971 295 1034 5
313 987 378 1033 rem
400 969 485 1034 illum
507 977 604 1047 tuum,
627 969 759 1034 nobilem
782 987 857 1034 sane
879 969 1128 1050 Peripateticum,
1151 970 1382 1052 aliquantoista

313 1089 403 1136 secus
425 1071 528 1136 dicere
551 1071 688 1148 solitum,
711 1071 930 1137 assentientem
952 1071 1004 1150 iis,
1033 1055 1091 1153 ¹qui
1112 1072 1244 1136 muitum
1267 1073 1298 1136 in
1321 1071 1380 1136 ior·

312 1179 388 1237 tuna
410 1173 546 1238 secunda
567 1179 622 1239 ant
643 1175 785 1254 adversa,
808 1175 937 1238 multum
959 1173 990 1237 iu
1014 1174 1104 1239 bonis
1125 1183 1182 1238 aut
1203 1175 1293 1238 malis
1316 1192 1380 1238 car·

312 1276 398 1356 poris
420 1283 580 1357 ponerent
614 1275 680 1356 Est,
704 1285 738 1341 ut
759 1277 844 1355 dicis,
867 1275 982 1358 inquit;
1005 1275 1147 1340 sedhaec
1170 1277 1208 1340 ab
1223 1276 1379 1352 andoeno,

312 1377 454 1442 familiari
478 1385 601 1458 nostro,
634 1379 780 1444 dicuntur
806 1379 903 1444 multo
932 1378 1040 1442 melius
1063 1385 1094 1443 et
1116 1377 1226 1442 fortius
1250 1395 1380 1460 quama

255 1483 296 1548 10
314 1480 422 1545 Stasea
444 1481 634 1545 dicebantur.
679 1482 873 1563 Quamquam
895 1499 952 1562 ego
976 1499 1037 1545 non
1060 1499 1193 1563 quaero,
1232 1481 1309 1562 quid
1331 1479 1378 1543 tibi

312 1601 401 1647 ame
423 1583 587 1664 probatum
609 1583 659 1662 sit,
682 1585 737 1648 sed
758 1583 830 1648 huic
853 1583 989 1648 Ciceroni
1001 1589 1118 1663 nostro,
1141 1583 1378 1665 quamdiscipu-

311 1683 375 1749 lum
397 1685 487 1766 cupio
510 1703 529 1750 a
550 1693 582 1751 te
604 1685 765 1750 abducere.

367 1945 385 1992 1.
407 1939 587 2056 aiia[Eh1]LC
631 1940 679 1990 iata
688 1941 800 1992 manasse
819 1942 841 1990 R
859 1942 906 1990 ista
924 1959 992 1992 nosce
1010 1942 1069 2002 (orn.
1090 1941 1174 2003 stuic
1221 1945 1246 1990 Ξ.
1266 1941 1302 1990 tut'
1316 1943 1378 2005 eopia

312 2009 377 2058 mbae
393 2027 484 2076 semper
503 2011 519 2058 l.
544 2009 632 2060 eaor.
678 2015 700 2060 3.
719 2009 836 2061 multa'sC
885 2019 907 2061 4,
929 2009 1026 2077 [nemini
1042 2011 1102 2060 istas
1120 2027 1171 2059 eam
1190 2009 1240 2076 uh]
1295 2015 1320 2064 5.
1338 2007 1378 2058 aii·

243 2137 251 2148 .
313 2077 407 2142 qanndo
420 2077 570 2147 [mulceor.
612 2079 681 2130 dhas
691 2079 735 2130 Lc
776 2085 799 2133 9.
818 2089 897 2129 noatm
912 2079 1033 2141 familiari
1048 2079 1182 2130 LPCROr.
1226 2077 1307 2145 [un
1325 2077 1377 2127 istas

312 2147 408 2213 eaEh]
457 2149 767 2198 12.abteanm.C

312 2409 343 2446 se
366 2389 486 2465 corrigit
513 2390 639 2460 seilicet,
673 2398 703 2446 et
731 2389 880 2450 Schuetaii
907 2390 1117 2448 hariolationes
1144 2391 1217 2448 satis
1244 2391 1297 2448 alii
1323 2407 1376 2446 rern

313 2474 533 2551 expediverant.

398 2564 435 2616 ita
453 2579 529 2617 nosce
539 2560 606 2636 iata)
627 2561 676 2618 Ita
687 2558 781 2620 Gaius
793 2579 830 2618 ex
842 2561 903 2618 Eri.
917 2570 946 2618 et
959 2560 1035 2638 spir.
1048 2559 1113 2639 [B],
1127 2559 1207 2620 Gud.
1227 2563 1260 2626 2;
1283 2581 1323 2618 ex
1334 2551 1378 2624 Εξ,
1467 2633 1468 2636 ¹

313 2645 393 2703 Mon.
417 2646 568 2704 exciderat
589 2650 627 2702 ita
648 2667 733 2704 nacae.
766 2647 792 2704 E
815 2647 960 2722 scriptura
983 2648 1027 2704 ed.
1049 2647 1162 2722 primae
1174 2645 1312 2704 effectum
1324 2654 1378 2701 erat
1467 2649 1468 2660 ¹

313 2729 519 2810 (crat.,vica,
542 2728 638 2808 cett.):
672 2736 711 2789 ita
732 2735 785 2790 rata
813 2752 896 2789 nosse.
946 2733 1023 2790 Turn
1051 2735 1077 2790 εἰ
1102 2735 1142 2788 tui
1167 2734 1242 2789 nodis
1266 2741 1378 2807 potestus

313 2820 420 2892 saepius
435 2819 514 2890 ficret
536 2817 639 2893 scripsi
662 2837 700 2878 ex
723 2818 783 2874 Erl.
807 2827 836 2874 et
859 2817 936 2893 Spir.
954 2816 1023 2896 [B];
1046 2817 1077 2874 in
1099 2837 1156 2894 mg.
1169 2817 1249 2877 Crat
1274 2827 1376 2874 tantum

308 2913 429 2979 potestas
441 2913 606 2974 annotatur,
620 2923 635 2960 e
648 2904 793 2961 cod.Mor.
806 2906 846 2960 tui
852 2914 981 2978 potestas,
994 2922 1052 2960 non
1069 2903 1275 2960 animadversa
1293 2913 1377 2960 mans·

312 2988 458 3064 positione
481 2989 568 3065 (nobis
586 2985 667 3070 pot).
711 2991 746 3047 In
759 2990 943 3047 substantivo
955 2989 1158 3046 auctoritatem
1177 2999 1295 3046 secutus
1306 3005 1376 3052 sum;

311 3083 467 3149 utrumque
490 3075 567 3132 enim
589 3083 669 3132 recte
692 3075 811 3144 dicitur,
846 3075 900 3132 etsi
929 3078 1006 3150 copia
1036 3076 1147 3130 dorranis
1176 3075 1212 3131 de
1240 3081 1376 3150 potestate

312 3160 498 3234 colloquendi
521 3161 600 3236 apud
622 3159 793 3219 Ciceronem
812 3160 882 3216 alibi
895 3179 953 3216 non
965 3161 1093 3236 ponitur,
1115 3161 1240 3217 alteram
1253 3159 1377 3236 pluribus

311 3245 399 3312 loeis3
422 3245 452 3302 in
474 3249 582 3321 saepiae
605 3263 639 3302 ea
661 3245 820 3303 accedebat
841 3245 931 3316 ratic,
965 3246 1043 3320 qnod
1070 3246 1100 3302 id
1128 3246 1165 3302 ad
1187 3248 1267 3320 fieret
1288 3243 1376 3320 aptius

312 3331 476 3402 videbatur,
499 3351 601 3406 semper
623 3341 720 3388 autem
742 3331 892 3405 requirere
914 3341 989 3388 esset.

397 3419 536 3490 aliquanto
557 3421 610 3473 ista
632 3419 719 3490 aecae)
754 3416 873 3476 Staseas
900 3416 990 3493 igitur
1017 3416 1254 3492 Theophrastum
1284 3431 1375 3489 seque·

312 3502 399 3558 batur
411 3502 439 3578 (ξ
456 3497 517 3580 12),
542 3503 589 3559 vel
601 3501 698 3577 potius
710 3512 774 3558 erat
785 3521 822 3558 ax
834 3502 980 3559 communi
993 3501 1258 3576 Peripateticorum
1276 3499 1374 3560 schola

312 3605 370 3644 non
395 3586 579 3644 Antiochiae.
623 3588 683 3644 Pro
705 3589 843 3661 aliquanto
866 3588 952 3645 etiarn
971 3585 1067 3667 [Bet]
1090 3583 1105 3656 ξ
1126 3590 1283 3662 aliquanda,
1305 3583 1374 3660 quod

313 3690 411 3728 errore
438 3672 560 3748 irrepsit
580 3673 610 3730 in
623 3673 687 3730 edd.
701 3672 770 3731 Gzii
792 3683 822 3730 et
844 3672 895 3732 Or.
945 3674 1021 3730 Tum
1043 3675 1181 3748 somdian'
1207 3685 1295 3732 nostro
1316 3673 1374 3748 (pro

312 3767 402 3814 inostro
417 3752 503 3837 sain.)
527 3757 593 3814 dedi
610 3777 648 3814 ex
659 3759 720 3815 Erl.
733 3770 761 3815 et
774 3758 850 3834 Spir.
864 3755 917 3839 [B]
930 3756 1095 3836 (Vindob.).
1118 3759 1274 3818 Postremo
1296 3758 1372 3816 etiam
1464 3773 1465 3828 ἢ

314 3842 390 3919 Spir.
415 3841 470 3920 [B]
498 3843 533 3898 ab
556 3853 579 3900 te
601 3845 746 3912 abdacere,
775 3844 804 3900 in
834 3863 892 3918 quo
915 3843 1039 3902 fortasse
1069 3845 1141 3900 latet
1163 3846 1213 3901 aba
1236 3857 1273 3907 te,
1306 3839 1373 3917 quod

312 3947 530 4002 nonnumquam
554 3947 572 3985 a
593 3929 722 3987 librariis
744 3929 945 3986 oblitteratum
969 3941 1014 3988 est
1035 3925 1183 4010 (devera
1207 3931 1373 4000 vid.Zump·

313 4014 371 4071 tius
393 4013 423 4070 in
446 4013 504 4070 ind.
527 4033 554 4070 v.
578 4009 655 4092 aas);
679 4016 729 4072 sed
752 4034 809 4072 uno
832 4016 897 4073 loco
920 4016 1087 4074 coniectura
1109 4017 1278 4077 restituere.
1305 4009 1372 4088 quod

312 4117 456 4173 nusquam
479 4100 549 4156 alibi
572 4101 687 4157 codices
713 4101 816 4158 horum
843 4101 984 4158 librorum
1014 4103 1168 4172 haberent,
1202 4103 1278 4159 ratio
1303 4096 1373 4156 nulla

314 4193 385 4240 erat
428 4186 530 4260 ipsum
552 4187 587 4242 ab
610 4197 633 4243 te
655 4186 790 4244 liandius
813 4185 913 4266 (Turs.
937 4188 991 4262 Ip.
1006 4183 1038 4268 6)
1062 4187 1149 4245 certis
1172 4187 1313 4263 exemplis
1331 4181 1370 4240 ci·

314 4271 477 4328 neronianis
501 4270 617 4328 defendi
640 4279 737 4346 putat3
761 4272 812 4329 sed
834 4273 889 4329 hoc
913 4292 1001 4330 unum
1024 4274 1115 4348 ponit.
