<?xml version="1.0" encoding="UTF-8"?>
<!DOCTYPE html PUBLIC "-//W3C//DTD XHTML 1.0 Transitional//EN"
    "http://www.w3.org/TR/xhtml1/DTD/xhtml1-transitional.dtd">
<html xmlns="http://www.w3.org/1999/xhtml" xml:lang="en" lang="en">
 <head>
  <title>
</title>
<meta http-equiv="Content-Type" content="text/html;charset=utf-8" />
  <meta name='ocr-system' content='tesseract 3.04.00' />
  <meta name='ocr-capabilities' content='ocr_page ocr_carea ocr_par ocr_line ocrx_word'/>
</head>
<body>
  <div class='ocr_page' id='page_1' title='image "./definibusbonoru04cicegoog_0829.png"; bbox 0 0 2948 5024; ppageno 0'>
   <div class='ocr_carea' id='block_1_1' title="bbox 297 403 1046 470">
    <p class='ocr_par' dir='ltr' id='par_1_1' title="bbox 297 403 1046 470">
     <span class='ocr_line' id='line_1_1' title="bbox 297 403 1046 470; baseline 0 0"><span class='ocrx_word' id='word_1_1' title='bbox 297 423 337 470; x_wconf 84' lang='lat' dir='ltr'><strong>nr</strong></span> <span class='ocrx_word' id='word_1_2' title='bbox 362 423 441 470; x_wconf 76' lang='lat' dir='ltr'><strong>man.</strong></span> <span class='ocrx_word' id='word_1_3' title='bbox 466 423 527 469; x_wconf 82' lang='lat' dir='ltr'><strong>ara.</strong></span> <span class='ocrx_word' id='word_1_4' title='bbox 553 425 573 469; x_wconf 89' lang='lat' dir='ltr'>v</span> <span class='ocrx_word' id='word_1_5' title='bbox 596 423 668 470; x_wconf 79' lang='lat' dir='ltr'><strong>cnr.</strong></span> <span class='ocrx_word' id='word_1_6' title='bbox 693 427 724 470; x_wconf 80' lang='lat' dir='ltr'><strong>aa</strong></span> <span class='ocrx_word' id='word_1_7' title='bbox 984 403 1046 470; x_wconf 78' lang='lat'><strong>753</strong></span> 
     </span>
    </p>
   </div>
   <div class='ocr_carea' id='block_1_2' title="bbox 38 593 1086 1391">
    <p class='ocr_par' dir='ltr' id='par_1_2' title="bbox 38 593 1086 1391">
     <span class='ocr_line' id='line_1_2' title="bbox 67 593 1047 676; baseline -0.002 -18"><span class='ocrx_word' id='word_1_8' title='bbox 67 613 113 676; x_wconf 85' lang='lat' dir='ltr'><strong>quo</strong></span> <span class='ocrx_word' id='word_1_9' title='bbox 130 613 173 658; x_wconf 89' lang='lat' dir='ltr'><strong>uno</strong></span> <span class='ocrx_word' id='word_1_10' title='bbox 189 593 286 676; x_wconf 83' lang='lat' dir='ltr'><strong>positum</strong></span> <span class='ocrx_word' id='word_1_11' title='bbox 303 601 351 658; x_wconf 87' lang='lat' dir='ltr'><strong>eat</strong></span> <span class='ocrx_word' id='word_1_12' title='bbox 372 593 495 658; x_wconf 86' lang='lat' dir='ltr'><strong>beatum</strong></span> <span class='ocrx_word' id='word_1_13' title='bbox 518 611 596 672; x_wconf 84' lang='lat' dir='ltr'><strong>ease,</strong></span> <span class='ocrx_word' id='word_1_14' title='bbox 620 594 673 676; x_wconf 88' lang='lat' dir='ltr'><strong>qui</strong></span> <span class='ocrx_word' id='word_1_15' title='bbox 684 598 789 674; x_wconf 69' lang='lat' dir='ltr'><strong>potant</strong></span> <span class='ocrx_word' id='word_1_16' title='bbox 802 609 873 658; x_wconf 84' lang='lat' dir='ltr'><strong>osae</strong></span> <span class='ocrx_word' id='word_1_17' title='bbox 884 593 1047 674; x_wconf 83' lang='lat' dir='ltr'><strong>quisquam</strong></span> 
     </span>
     <span class='ocr_line' id='line_1_3' title="bbox 64 693 1048 776; baseline 0.001 -16"><span class='ocrx_word' id='word_1_18' title='bbox 64 697 121 760; x_wconf 88' lang='lat' dir='ltr'><strong>aim</strong></span> <span class='ocrx_word' id='word_1_19' title='bbox 137 695 181 761; x_wconf 84' lang='lat' dir='ltr'><strong>aiio</strong></span> <span class='ocrx_word' id='word_1_20' title='bbox 196 695 296 761; x_wconf 79' lang='lat' dir='ltr'><strong>teodori</strong></span> <span class='ocrx_word' id='word_1_21' title='bbox 318 694 462 776; x_wconf 80' lang='lat' dir='ltr'>Videsne,</span> <span class='ocrx_word' id='word_1_22' title='bbox 484 703 519 762; x_wconf 89' lang='lat' dir='ltr'><strong>ut</strong></span> <span class='ocrx_word' id='word_1_23' title='bbox 540 697 617 762; x_wconf 88' lang='lat' dir='ltr'><strong>haec</strong></span> <span class='ocrx_word' id='word_1_24' title='bbox 639 695 823 761; x_wconf 80' lang='lat' dir='ltr'><strong>concinant?</strong></span> <span class='ocrx_word' id='word_1_25' title='bbox 855 693 897 760; x_wconf 86' lang='lat' dir='ltr'><strong>Et</strong></span> <span class='ocrx_word' id='word_1_26' title='bbox 922 695 1048 761; x_wconf 81' lang='lat' dir='ltr'>hercule</span> 
     </span>
     <span class='ocr_line' id='line_1_4' title="bbox 60 797 1047 881; baseline 0 -19"><span class='ocrx_word' id='word_1_27' title='bbox 60 798 187 872; x_wconf 74' lang='lat' dir='ltr'><strong>(iamndrm</strong></span> <span class='ocrx_word' id='word_1_28' title='bbox 208 805 244 864; x_wconf 86' lang='lat' dir='ltr'><strong>eat</strong></span> <span class='ocrx_word' id='word_1_29' title='bbox 259 799 338 878; x_wconf 84' lang='lat' dir='ltr'><strong>emm,</strong></span> <span class='ocrx_word' id='word_1_30' title='bbox 373 800 456 880; x_wconf 89' lang='lat' dir='ltr'><strong>quod</strong></span> <span class='ocrx_word' id='word_1_31' title='bbox 483 799 597 881; x_wconf 84' lang='lat' dir='ltr'><strong>sentio)</strong></span> <span class='ocrx_word' id='word_1_32' title='bbox 624 797 774 864; x_wconf 86' lang='lat' dir='ltr'><strong>mirabilis</strong></span> <span class='ocrx_word' id='word_1_33' title='bbox 802 804 851 862; x_wconf 88' lang='lat' dir='ltr'><strong>est</strong></span> <span class='ocrx_word' id='word_1_34' title='bbox 872 799 958 878; x_wconf 88' lang='lat' dir='ltr'><strong>apud</strong></span> <span class='ocrx_word' id='word_1_35' title='bbox 978 797 1047 862; x_wconf 83' lang='lat' dir='ltr'><strong>iilos</strong></span> 
     </span>
     <span class='ocr_line' id='line_1_5' title="bbox 57 895 1048 983; baseline -0.002 -17"><span class='ocrx_word' id='word_1_36' title='bbox 57 909 268 966; x_wconf 82' lang='lat' dir='ltr'><strong>contaxmammm.</strong></span> <span class='ocrx_word' id='word_1_37' title='bbox 294 895 494 982; x_wconf 87' lang='lat' dir='ltr'><strong>Respondent</strong></span> <span class='ocrx_word' id='word_1_38' title='bbox 505 906 645 967; x_wconf 84' lang='lat' dir='ltr'><strong>extrema</strong></span> <span class='ocrx_word' id='word_1_39' title='bbox 656 899 774 983; x_wconf 85' lang='lat' dir='ltr'><strong>primis,</strong></span> <span class='ocrx_word' id='word_1_40' title='bbox 785 900 887 966; x_wconf 84' lang='lat' dir='ltr'><strong>media</strong></span> <span class='ocrx_word' id='word_1_41' title='bbox 897 899 1048 982; x_wconf 84' lang='lat' dir='ltr'><strong>utrisque,</strong></span> 
     </span>
     <span class='ocr_line' id='line_1_6' title="bbox 52 1003 1086 1085; baseline 0.007 -19"><span class='ocrx_word' id='word_1_42' title='bbox 52 1003 130 1068; x_wconf 88' lang='lat' dir='ltr'><strong>onnia</strong></span> <span class='ocrx_word' id='word_1_43' title='bbox 147 1003 264 1082; x_wconf 89' lang='lat' dir='ltr'><strong>omnibus;</strong></span> <span class='ocrx_word' id='word_1_44' title='bbox 282 1003 350 1085; x_wconf 86' lang='lat' dir='ltr'><strong>quid</strong></span> <span class='ocrx_word' id='word_1_45' title='bbox 373 1011 537 1085; x_wconf 76' lang='lat' dir='ltr'><strong>sequacia,</strong></span> <span class='ocrx_word' id='word_1_46' title='bbox 560 1003 634 1085; x_wconf 91' lang='lat' dir='ltr'><strong>quid</strong></span> <span class='ocrx_word' id='word_1_47' title='bbox 657 1007 824 1085; x_wconf 83' lang='lat' dir='ltr'><strong>repugnet,</strong></span> <span class='ocrx_word' id='word_1_48' title='bbox 846 1003 961 1068; x_wconf 85' lang='lat' dir='ltr'><strong>vidant</strong></span> <span class='ocrx_word' id='word_1_49' title='bbox 1004 1003 1086 1073; x_wconf 74' lang='lat' dir='ltr'><strong>Uto</strong></span> 
     </span>
     <span class='ocr_line' id='line_1_7' title="bbox 46 1104 1048 1188; baseline 0 -18"><span class='ocrx_word' id='word_1_50' title='bbox 46 1107 72 1170; x_wconf 89' lang='lat' dir='ltr'><strong>in</strong></span> <span class='ocrx_word' id='word_1_51' title='bbox 88 1105 226 1186; x_wconf 79' lang='lat' dir='ltr'><strong>geometria</strong></span> <span class='ocrx_word' id='word_1_52' title='bbox 244 1106 328 1188; x_wconf 87' lang='lat' dir='ltr'><strong>prima</strong></span> <span class='ocrx_word' id='word_1_53' title='bbox 350 1105 376 1170; x_wconf 87' lang='lat' dir='ltr'><strong>si</strong></span> <span class='ocrx_word' id='word_1_54' title='bbox 398 1106 532 1184; x_wconf 64' lang='lat' dir='ltr'><strong>dederim</strong></span> <span class='ocrx_word' id='word_1_55' title='bbox 554 1105 862 1172; x_wconf 83' lang='lat' dir='ltr'><strong>dandasuntomnia</strong></span> <span class='ocrx_word' id='word_1_56' title='bbox 897 1104 1048 1184; x_wconf 82' lang='lat' dir='ltr'><strong>Concede,</strong></span> 
     </span>
     <span class='ocr_line' id='line_1_8' title="bbox 43 1207 1049 1291; baseline 0 -19"><span class='ocrx_word' id='word_1_57' title='bbox 43 1207 103 1272; x_wconf 83' lang='lat' dir='ltr'><strong>nihii</strong></span> <span class='ocrx_word' id='word_1_58' title='bbox 122 1225 177 1273; x_wconf 79' lang='lat' dir='ltr'><strong>aare</strong></span> <span class='ocrx_word' id='word_1_59' title='bbox 195 1208 290 1285; x_wconf 90' lang='lat' dir='ltr'><strong>bonum,</strong></span> <span class='ocrx_word' id='word_1_60' title='bbox 310 1207 369 1273; x_wconf 80' lang='lat' dir='ltr'><strong>nisi</strong></span> <span class='ocrx_word' id='word_1_61' title='bbox 391 1209 475 1291; x_wconf 88' lang='lat' dir='ltr'><strong>quod</strong></span> <span class='ocrx_word' id='word_1_62' title='bbox 497 1208 726 1287; x_wconf 69' lang='lat' dir='ltr'><strong>nonatumsia</strong></span> <span class='ocrx_word' id='word_1_63' title='bbox 749 1208 979 1274; x_wconf 89' lang='lat' dir='ltr'><strong>concedendum</strong></span> <span class='ocrx_word' id='word_1_64' title='bbox 992 1213 1049 1288; x_wconf 83' lang='lat' dir='ltr'><strong>est,</strong></span> 
     </span>
     <span class='ocr_line' id='line_1_9' title="bbox 38 1310 1047 1391; baseline 0 -17"><span class='ocrx_word' id='word_1_65' title='bbox 38 1311 63 1374; x_wconf 91' lang='lat' dir='ltr'><strong>in</strong></span> <span class='ocrx_word' id='word_1_66' title='bbox 83 1311 174 1375; x_wconf 78' lang='lat' dir='ltr'><strong>vitute</strong></span> <span class='ocrx_word' id='word_1_67' title='bbox 191 1310 298 1391; x_wconf 79' lang='lat' dir='ltr'><strong>positam</strong></span> <span class='ocrx_word' id='word_1_68' title='bbox 318 1329 378 1375; x_wconf 80' lang='lat' dir='ltr'><strong>ease</strong></span> <span class='ocrx_word' id='word_1_69' title='bbox 405 1310 500 1375; x_wconf 79' lang='lat' dir='ltr'><strong>ritem</strong></span> <span class='ocrx_word' id='word_1_70' title='bbox 527 1311 658 1376; x_wconf 80' lang='lat' dir='ltr'><strong>beatam.</strong></span> <span class='ocrx_word' id='word_1_71' title='bbox 709 1311 790 1376; x_wconf 89' lang='lat' dir='ltr'><strong>Vide</strong></span> <span class='ocrx_word' id='word_1_72' title='bbox 817 1327 926 1375; x_wconf 78' lang='lat' dir='ltr'><strong>nnana</strong></span> <span class='ocrx_word' id='word_1_73' title='bbox 954 1317 1047 1374; x_wconf 88' lang='lat' dir='ltr'><strong>retro.</strong></span> 
     </span>
    </p>
   </div>
   <div class='ocr_carea' id='block_1_3' title="bbox 25 1513 1048 1786">
    <p class='ocr_par' dir='ltr' id='par_1_3' title="bbox 25 1513 1048 1786">
     <span class='ocr_line' id='line_1_10' title="bbox 90 1513 1047 1580; baseline 0.001 -17"><span class='ocrx_word' id='word_1_74' title='bbox 90 1521 107 1568; x_wconf 85' lang='lat'><strong>1.</strong></span> <span class='ocrx_word' id='word_1_75' title='bbox 123 1532 160 1565; x_wconf 81' lang='lat' dir='ltr'><strong>aaa</strong></span> <span class='ocrx_word' id='word_1_76' title='bbox 176 1530 215 1565; x_wconf 88' lang='lat' dir='ltr'><strong>om.</strong></span> <span class='ocrx_word' id='word_1_77' title='bbox 232 1513 249 1564; x_wconf 85' lang='lat' dir='ltr'>L</span> <span class='ocrx_word' id='word_1_78' title='bbox 280 1513 441 1580; x_wconf 64' lang='lat' dir='ltr'><strong>praeerectam</strong></span> <span class='ocrx_word' id='word_1_79' title='bbox 459 1515 583 1580; x_wconf 65' lang='lat' dir='ltr'><strong>qumquam</strong></span> <span class='ocrx_word' id='word_1_80' title='bbox 602 1515 624 1564; x_wconf 84' lang='lat' dir='ltr'>L</span> <span class='ocrx_word' id='word_1_81' title='bbox 665 1519 687 1566; x_wconf 71' lang='lat'><strong>2.</strong></span> <span class='ocrx_word' id='word_1_82' title='bbox 707 1513 849 1566; x_wconf 81' lang='lat' dir='ltr'><strong>concinnant</strong></span> <span class='ocrx_word' id='word_1_83' title='bbox 866 1513 887 1564; x_wconf 86' lang='lat' dir='ltr'>L</span> <span class='ocrx_word' id='word_1_84' title='bbox 905 1515 1047 1566; x_wconf 77' lang='lat' dir='ltr'><strong>concinnan-</strong></span> 
     </span>
     <span class='ocr_line' id='line_1_11' title="bbox 25 1581 1048 1650; baseline -0.001 -17"><span class='ocrx_word' id='word_1_85' title='bbox 25 1585 92 1635; x_wconf 81' lang='lat' dir='ltr'>er</span> <span class='ocrx_word' id='word_1_86' title='bbox 106 1583 256 1634; x_wconf 60' lang='lat' dir='ltr'><strong>commodati!</strong></span> <span class='ocrx_word' id='word_1_87' title='bbox 296 1593 317 1634; x_wconf 82' lang='lat' dir='ltr'><strong>ct</strong></span> <span class='ocrx_word' id='word_1_88' title='bbox 335 1585 425 1635; x_wconf 85' lang='lat' dir='ltr'><strong>om.E</strong></span> <span class='ocrx_word' id='word_1_89' title='bbox 476 1589 499 1634; x_wconf 80' lang='lat'><strong>8.</strong></span> <span class='ocrx_word' id='word_1_90' title='bbox 520 1585 581 1634; x_wconf 72' lang='lat' dir='ltr'><strong>ancira</strong></span> <span class='ocrx_word' id='word_1_91' title='bbox 597 1593 623 1634; x_wconf 74' lang='lat' dir='ltr'><strong>at</strong></span> <span class='ocrx_word' id='word_1_92' title='bbox 639 1583 754 1636; x_wconf 69' lang='lat' dir='ltr'><strong>amram</strong></span> <span class='ocrx_word' id='word_1_93' title='bbox 799 1589 822 1637; x_wconf 79' lang='grc'><strong>5.</strong></span> <span class='ocrx_word' id='word_1_94' title='bbox 854 1581 919 1648; x_wconf 84' lang='lat' dir='ltr'><strong>qaod</strong></span> <span class='ocrx_word' id='word_1_95' title='bbox 934 1593 1048 1650; x_wconf 76' lang='lat' dir='ltr'><strong>aequatur</strong></span> 
     </span>
     <span class='ocr_line' id='line_1_12' title="bbox 25 1651 1047 1720; baseline -0.001 -18"><span class='ocrx_word' id='word_1_96' title='bbox 25 1652 66 1720; x_wconf 80' lang='lat' dir='ltr'><strong>Eh]</strong></span> <span class='ocrx_word' id='word_1_97' title='bbox 112 1651 446 1718; x_wconf 57' lang='lat' dir='ltr'><strong>manorpapnatomm</strong></span> <span class='ocrx_word' id='word_1_98' title='bbox 490 1653 618 1704; x_wconf 62' lang='lat' dir='ltr'><strong>adeam</strong></span> <span class='ocrx_word' id='word_1_99' title='bbox 675 1652 708 1704; x_wconf 84' lang='lat' dir='ltr'><strong>Ut</strong></span> <span class='ocrx_word' id='word_1_100' title='bbox 725 1668 774 1704; x_wconf 88' lang='lat' dir='ltr'><strong>oro.</strong></span> <span class='ocrx_word' id='word_1_101' title='bbox 793 1652 835 1702; x_wconf 90' lang='lat' dir='ltr'><strong>LP</strong></span> <span class='ocrx_word' id='word_1_102' title='bbox 860 1653 926 1705; x_wconf 87' lang='lat' dir='ltr'><strong>ROr.</strong></span> <span class='ocrx_word' id='word_1_103' title='bbox 980 1659 1004 1702; x_wconf 82' lang='grc'><strong>8.</strong></span> <span class='ocrx_word' id='word_1_104' title='bbox 1023 1653 1047 1702; x_wconf 78' lang='lat' dir='ltr'><strong>in</strong></span> 
     </span>
     <span class='ocr_line' id='line_1_13' title="bbox 25 1721 968 1786; baseline -0.001 -16"><span class='ocrx_word' id='word_1_105' title='bbox 25 1723 91 1770; x_wconf 70' lang='lat' dir='ltr'><strong>aiam</strong></span> <span class='ocrx_word' id='word_1_106' title='bbox 105 1721 151 1771; x_wconf 74' lang='lat' dir='ltr'><strong>coia</strong></span> <span class='ocrx_word' id='word_1_107' title='bbox 164 1721 252 1786; x_wconf 76' lang='lat' dir='ltr'><strong>poariam</strong></span> <span class='ocrx_word' id='word_1_108' title='bbox 268 1721 305 1772; x_wconf 88' lang='lat' dir='ltr'><strong>Or.</strong></span> <span class='ocrx_word' id='word_1_109' title='bbox 355 1737 405 1772; x_wconf 80' lang='lat' dir='ltr'><strong>ma</strong></span> <span class='ocrx_word' id='word_1_110' title='bbox 424 1738 471 1772; x_wconf 90' lang='lat' dir='ltr'><strong>om.</strong></span> <span class='ocrx_word' id='word_1_111' title='bbox 490 1721 584 1772; x_wconf 83' lang='lat' dir='ltr'>ELPR</span> <span class='ocrx_word' id='word_1_112' title='bbox 635 1723 726 1772; x_wconf 62' lang='lat' dir='ltr'><strong>baum</strong></span> <span class='ocrx_word' id='word_1_113' title='bbox 744 1722 817 1772; x_wconf 79' lang='lat' dir='ltr'><strong>ariam</strong></span> <span class='ocrx_word' id='word_1_114' title='bbox 836 1721 968 1774; x_wconf 67' lang='lat' dir='ltr'><strong>afficitor.</strong></span> 
     </span>
    </p>
   </div>
   <div class='ocr_carea' id='block_1_4' title="bbox 25 1911 1118 4303">
    <p class='ocr_par' dir='ltr' id='par_1_4' title="bbox 25 1911 1118 2143">
     <span class='ocr_line' id='line_1_14' title="bbox 25 1911 1118 1990; baseline -0.001 -20"><span class='ocrx_word' id='word_1_115' title='bbox 25 1914 70 1982; x_wconf 79' lang='lat' dir='ltr'><strong>IV,</strong></span> <span class='ocrx_word' id='word_1_116' title='bbox 85 1911 145 1990; x_wconf 84' lang='lat'><strong>60);</strong></span> <span class='ocrx_word' id='word_1_117' title='bbox 166 1913 189 1971; x_wconf 81' lang='grc' dir='ltr'><strong>Ε</strong></span> <span class='ocrx_word' id='word_1_118' title='bbox 208 1916 362 1984; x_wconf 79' lang='lat' dir='ltr'><strong>concinnant,</strong></span> <span class='ocrx_word' id='word_1_119' title='bbox 385 1933 402 1989; x_wconf 77' lang='grc' dir='ltr'><em>χ</em></span> <span class='ocrx_word' id='word_1_120' title='bbox 424 1917 587 1982; x_wconf 64' lang='lat' dir='ltr'><strong>condonant,</strong></span> <span class='ocrx_word' id='word_1_121' title='bbox 608 1929 635 1989; x_wconf 85' lang='grc' dir='ltr'><strong>ψ</strong></span> <span class='ocrx_word' id='word_1_122' title='bbox 657 1917 814 1972; x_wconf 71' lang='lat' dir='ltr'><strong>commanent</strong></span> <span class='ocrx_word' id='word_1_123' title='bbox 830 1916 1046 1981; x_wconf 79' lang='lat' dir='ltr'><strong>ol.continuant;</strong></span> <span class='ocrx_word' id='word_1_124' title='bbox 1113 1940 1118 1953; x_wconf 92' lang='lat'><em>·</em></span> 
     </span>
     <span class='ocr_line' id='line_1_15' title="bbox 25 1998 1048 2074; baseline 0 -19"><span class='ocrx_word' id='word_1_125' title='bbox 25 1999 89 2056; x_wconf 68' lang='lat' dir='ltr'><strong>¹›ziua</strong></span> <span class='ocrx_word' id='word_1_126' title='bbox 108 1999 136 2055; x_wconf 93' lang='lat' dir='ltr'><strong>in</strong></span> <span class='ocrx_word' id='word_1_127' title='bbox 157 1999 246 2057; x_wconf 86' lang='lat' dir='ltr'><strong>multia</strong></span> <span class='ocrx_word' id='word_1_128' title='bbox 266 1999 387 2056; x_wconf 87' lang='lat' dir='ltr'><strong>alterum</strong></span> <span class='ocrx_word' id='word_1_129' title='bbox 399 2009 496 2056; x_wconf 81' lang='lat' dir='ltr'><strong>mmmm</strong></span> <span class='ocrx_word' id='word_1_130' title='bbox 520 2018 556 2056; x_wconf 90' lang='lat' dir='ltr'><strong>ex</strong></span> <span class='ocrx_word' id='word_1_131' title='bbox 574 1998 620 2057; x_wconf 87' lang='lat' dir='ltr'><strong>his</strong></span> <span class='ocrx_word' id='word_1_132' title='bbox 637 2017 701 2057; x_wconf 82' lang='lat' dir='ltr'><strong>ease</strong></span> <span class='ocrx_word' id='word_1_133' title='bbox 713 1999 823 2056; x_wconf 85' lang='lat' dir='ltr'><strong>scribit.</strong></span> <span class='ocrx_word' id='word_1_134' title='bbox 856 2000 968 2058; x_wconf 84' lang='lat' dir='ltr'><strong>Verum</strong></span> <span class='ocrx_word' id='word_1_135' title='bbox 980 2008 1048 2074; x_wconf 83' lang='lat' dir='ltr'><strong>post</strong></span> 
     </span>
     <span class='ocr_line' id='line_1_16' title="bbox 28 2085 499 2143; baseline 0.006 -3"><span class='ocrx_word' id='word_1_136' title='bbox 28 2085 102 2141; x_wconf 88' lang='lat' dir='ltr'><strong>idom</strong></span> <span class='ocrx_word' id='word_1_137' title='bbox 124 2085 212 2143; x_wconf 86' lang='lat' dir='ltr'><strong>aditur</strong></span> <span class='ocrx_word' id='word_1_138' title='bbox 231 2085 294 2142; x_wconf 89' lang='lat' dir='ltr'><strong>inda</strong></span> <span class='ocrx_word' id='word_1_139' title='bbox 316 2103 333 2141; x_wconf 85' lang='lat' dir='ltr'><strong>a</strong></span> <span class='ocrx_word' id='word_1_140' title='bbox 355 2085 499 2143; x_wconf 90' lang='lat' dir='ltr'><strong>Victorio.</strong></span> 
     </span>
    </p>

    <p class='ocr_par' dir='ltr' id='par_1_5' title="bbox 25 2169 1087 4303">
     <span class='ocr_line' id='line_1_17' title="bbox 80 2169 1046 2249; baseline -0.002 -21"><span class='ocrx_word' id='word_1_141' title='bbox 80 2171 318 2245; x_wconf 65' lang='lat' dir='ltr'><strong>campeanam,</strong></span> <span class='ocrx_word' id='word_1_142' title='bbox 337 2173 430 2246; x_wconf 68' lang='lat' dir='ltr'><strong>procae</strong></span> <span class='ocrx_word' id='word_1_143' title='bbox 451 2169 523 2249; x_wconf 83' lang='lat' dir='ltr'><strong>cat.)</strong></span> <span class='ocrx_word' id='word_1_144' title='bbox 546 2169 596 2230; x_wconf 81' lang='lat' dir='ltr'><strong>sic</strong></span> <span class='ocrx_word' id='word_1_145' title='bbox 618 2169 772 2247; x_wconf 82' lang='lat' dir='ltr'><strong>perepicuo</strong></span> <span class='ocrx_word' id='word_1_146' title='bbox 794 2169 871 2240; x_wconf 77' lang='lat' dir='ltr'><strong>Eri,</strong></span> <span class='ocrx_word' id='word_1_147' title='bbox 900 2189 987 2245; x_wconf 87' lang='lat' dir='ltr'><strong>quem</strong></span> <span class='ocrx_word' id='word_1_148' title='bbox 1010 2189 1046 2226; x_wconf 85' lang='lat' dir='ltr'><strong>ne</strong></span> 
     </span>
     <span class='ocr_line' id='line_1_18' title="bbox 25 2254 1047 2331; baseline 0 -19"><span class='ocrx_word' id='word_1_149' title='bbox 25 2256 167 2330; x_wconf 67' lang='lat' dir='ltr'><strong>equidem</strong></span> <span class='ocrx_word' id='word_1_150' title='bbox 189 2256 223 2312; x_wconf 91' lang='lat' dir='ltr'><strong>de</strong></span> <span class='ocrx_word' id='word_1_151' title='bbox 245 2254 398 2314; x_wconf 84' lang='lat' dir='ltr'><strong>manifesto</strong></span> <span class='ocrx_word' id='word_1_152' title='bbox 420 2257 525 2313; x_wconf 85' lang='lat' dir='ltr'><strong>mondo</strong></span> <span class='ocrx_word' id='word_1_153' title='bbox 548 2256 669 2331; x_wconf 85' lang='lat' dir='ltr'><strong>eiusque</strong></span> <span class='ocrx_word' id='word_1_154' title='bbox 690 2256 871 2313; x_wconf 79' lang='lat' dir='ltr'><strong>correctione</strong></span> <span class='ocrx_word' id='word_1_155' title='bbox 894 2255 1047 2313; x_wconf 84' lang='lat' dir='ltr'><strong>aDovisio</strong></span> 
     </span>
     <span class='ocr_line' id='line_1_19' title="bbox 25 2339 1046 2419; baseline 0.001 -22"><span class='ocrx_word' id='word_1_156' title='bbox 25 2341 145 2398; x_wconf 81' lang='lat' dir='ltr'><strong>monitos</strong></span> <span class='ocrx_word' id='word_1_157' title='bbox 167 2339 257 2400; x_wconf 81' lang='lat' dir='ltr'><strong>Gaius</strong></span> <span class='ocrx_word' id='word_1_158' title='bbox 277 2341 416 2416; x_wconf 77' lang='lat' dir='ltr'><strong>inspexit,</strong></span> <span class='ocrx_word' id='word_1_159' title='bbox 440 2349 478 2411; x_wconf 87' lang='lat' dir='ltr'><strong>et,</strong></span> <span class='ocrx_word' id='word_1_160' title='bbox 501 2351 534 2399; x_wconf 87' lang='lat' dir='ltr'><strong>ut</strong></span> <span class='ocrx_word' id='word_1_161' title='bbox 556 2341 675 2418; x_wconf 79' lang='lat' dir='ltr'><strong>opinor,</strong></span> <span class='ocrx_word' id='word_1_162' title='bbox 704 2342 794 2399; x_wconf 83' lang='lat' dir='ltr'><strong>ceteri</strong></span> <span class='ocrx_word' id='word_1_163' title='bbox 816 2341 886 2398; x_wconf 91' lang='lat' dir='ltr'><strong>boni</strong></span> <span class='ocrx_word' id='word_1_164' title='bbox 908 2339 978 2419; x_wconf 86' lang='lat' dir='ltr'>[B];</span> <span class='ocrx_word' id='word_1_165' title='bbox 1002 2361 1046 2399; x_wconf 92' lang='lat' dir='ltr'><strong>re-</strong></span> 
     </span>
     <span class='ocr_line' id='line_1_20' title="bbox 25 2427 1047 2504; baseline 0.002 -22"><span class='ocrx_word' id='word_1_166' title='bbox 25 2427 55 2483; x_wconf 75' lang='lat' dir='ltr'><strong>iri</strong></span> <span class='ocrx_word' id='word_1_167' title='bbox 76 2427 247 2502; x_wconf 85' lang='lat' dir='ltr'><strong>particulam</strong></span> <span class='ocrx_word' id='word_1_168' title='bbox 270 2428 498 2504; x_wconf 84' lang='lat' dir='ltr'><strong>comparationis</strong></span> <span class='ocrx_word' id='word_1_169' title='bbox 509 2428 645 2498; x_wconf 88' lang='lat' dir='ltr'><strong>indicam,</strong></span> <span class='ocrx_word' id='word_1_170' title='bbox 669 2427 726 2484; x_wconf 88' lang='lat' dir='ltr'><strong>iarn</strong></span> <span class='ocrx_word' id='word_1_171' title='bbox 744 2427 904 2485; x_wconf 83' lang='lat' dir='ltr'><strong>Lambinus</strong></span> <span class='ocrx_word' id='word_1_172' title='bbox 918 2427 1047 2490; x_wconf 67' lang='lat' dir='ltr'><strong>videram</strong></span> 
     </span>
     <span class='ocr_line' id='line_1_21' title="bbox 27 2513 1047 2590; baseline 0 -21"><span class='ocrx_word' id='word_1_173' title='bbox 27 2513 44 2569; x_wconf 95' lang='lat' dir='ltr'><strong>d</strong></span> <span class='ocrx_word' id='word_1_174' title='bbox 74 2513 149 2570; x_wconf 86' lang='lat' dir='ltr'><strong>enirn</strong></span> <span class='ocrx_word' id='word_1_175' title='bbox 178 2513 344 2584; x_wconf 81' lang='lat' dir='ltr'><strong>absurdius,</strong></span> <span class='ocrx_word' id='word_1_176' title='bbox 374 2531 461 2588; x_wconf 90' lang='lat' dir='ltr'><strong>quaro</strong></span> <span class='ocrx_word' id='word_1_177' title='bbox 489 2531 609 2590; x_wconf 81' lang='lat' dir='ltr'><strong>prorsus</strong></span> <span class='ocrx_word' id='word_1_178' title='bbox 632 2523 717 2570; x_wconf 88' lang='lat' dir='ltr'><strong>extra</strong></span> <span class='ocrx_word' id='word_1_179' title='bbox 745 2513 877 2587; x_wconf 86' lang='lat' dir='ltr'><strong>reliquae</strong></span> <span class='ocrx_word' id='word_1_180' title='bbox 905 2513 1047 2570; x_wconf 88' lang='lat' dir='ltr'><strong>orationis</strong></span> 
     </span>
     <span class='ocr_line' id='line_1_22' title="bbox 25 2596 1046 2675; baseline 0 -20"><span class='ocrx_word' id='word_1_181' title='bbox 25 2617 86 2655; x_wconf 81' lang='lat' dir='ltr'><strong>aum</strong></span> <span class='ocrx_word' id='word_1_182' title='bbox 109 2617 163 2672; x_wconf 86' lang='lat' dir='ltr'><strong>per</strong></span> <span class='ocrx_word' id='word_1_183' title='bbox 185 2617 216 2656; x_wconf 84' lang='lat' dir='ltr'><strong>se</strong></span> <span class='ocrx_word' id='word_1_184' title='bbox 240 2597 308 2668; x_wconf 89' lang='lat' dir='ltr'><strong>dici,</strong></span> <span class='ocrx_word' id='word_1_185' title='bbox 331 2599 402 2673; x_wconf 90' lang='lat' dir='ltr'><strong>quid</strong></span> <span class='ocrx_word' id='word_1_186' title='bbox 424 2599 455 2657; x_wconf 92' lang='lat' dir='ltr'><strong>in</strong></span> <span class='ocrx_word' id='word_1_187' title='bbox 476 2599 637 2675; x_wconf 84' lang='lat' dir='ltr'><strong>geometria</strong></span> <span class='ocrx_word' id='word_1_188' title='bbox 659 2596 729 2656; x_wconf 85' lang='lat' dir='ltr'><strong>fiat?</strong></span> <span class='ocrx_word' id='word_1_189' title='bbox 772 2599 808 2656; x_wconf 92' lang='lat' dir='ltr'><strong>In</strong></span> <span class='ocrx_word' id='word_1_190' title='bbox 836 2599 968 2656; x_wconf 83' lang='lat' dir='ltr'><strong>codicum</strong></span> <span class='ocrx_word' id='word_1_191' title='bbox 997 2598 1046 2655; x_wconf 88' lang='lat' dir='ltr'><strong>de-</strong></span> 
     </span>
     <span class='ocr_line' id='line_1_23' title="bbox 25 2683 1046 2762; baseline -0.001 -22"><span class='ocrx_word' id='word_1_192' title='bbox 25 2703 106 2740; x_wconf 83' lang='lat' dir='ltr'><strong>orum</strong></span> <span class='ocrx_word' id='word_1_193' title='bbox 128 2683 266 2760; x_wconf 86' lang='lat' dir='ltr'><strong>principa</strong></span> <span class='ocrx_word' id='word_1_194' title='bbox 290 2684 401 2741; x_wconf 83' lang='lat' dir='ltr'><strong>excidit</strong></span> <span class='ocrx_word' id='word_1_195' title='bbox 422 2695 450 2741; x_wconf 82' lang='lat' dir='ltr'><strong>ut</strong></span> <span class='ocrx_word' id='word_1_196' title='bbox 472 2693 540 2760; x_wconf 80' lang='lat' dir='ltr'><strong>post</strong></span> <span class='ocrx_word' id='word_1_197' title='bbox 561 2695 597 2742; x_wconf 81' lang='lat' dir='ltr'><strong>nt.</strong></span> <span class='ocrx_word' id='word_1_198' title='bbox 631 2683 724 2762; x_wconf 70' lang='lat' dir='ltr'><strong>[Quid</strong></span> <span class='ocrx_word' id='word_1_199' title='bbox 740 2693 807 2742; x_wconf 87' lang='lat' dir='ltr'><strong>ante</strong></span> <span class='ocrx_word' id='word_1_200' title='bbox 824 2685 1046 2760; x_wconf 74' lang='lat' dir='ltr'><strong>reprrpnetomit-</strong></span> 
     </span>
     <span class='ocr_line' id='line_1_24' title="bbox 25 2768 1047 2846; baseline -0.001 -21"><span class='ocrx_word' id='word_1_201' title='bbox 25 2770 109 2826; x_wconf 66' lang='lat' dir='ltr'><strong>etiam</strong></span> <span class='ocrx_word' id='word_1_202' title='bbox 133 2769 169 2826; x_wconf 91' lang='lat' dir='ltr'><strong>B.</strong></span> <span class='ocrx_word' id='word_1_203' title='bbox 216 2769 320 2827; x_wconf 82' lang='lat' dir='ltr'><strong>Minos</strong></span> <span class='ocrx_word' id='word_1_204' title='bbox 342 2770 455 2845; x_wconf 88' lang='lat' dir='ltr'><strong>placet,</strong></span> <span class='ocrx_word' id='word_1_205' title='bbox 480 2770 558 2845; x_wconf 89' lang='lat' dir='ltr'><strong>quod</strong></span> <span class='ocrx_word' id='word_1_206' title='bbox 581 2768 658 2828; x_wconf 83' lang='lat' dir='ltr'><strong>effici</strong></span> <span class='ocrx_word' id='word_1_207' title='bbox 681 2779 791 2846; x_wconf 83' lang='lat' dir='ltr'><strong>potest:</strong></span> <span class='ocrx_word' id='word_1_208' title='bbox 824 2771 892 2844; x_wconf 83' lang='lat' dir='ltr'><strong>quid</strong></span> <span class='ocrx_word' id='word_1_209' title='bbox 918 2780 1047 2846; x_wconf 82' lang='lat' dir='ltr'><strong>aequatur</strong></span> 
     </span>
     <span class='ocr_line' id='line_1_25' title="bbox 25 2847 962 2933; baseline 0.002 -23"><span class='ocrx_word' id='word_1_210' title='bbox 25 2866 125 2924; x_wconf 72' lang='lat' dir='ltr'><strong>paratae,</strong></span> <span class='ocrx_word' id='word_1_211' title='bbox 151 2853 271 2933; x_wconf 74' lang='lat' dir='ltr'><strong>vident]</strong></span> <span class='ocrx_word' id='word_1_212' title='bbox 956 2847 962 2854; x_wconf 55' lang='lat'>¹</span> 
     </span>
     <span class='ocr_line' id='line_1_26' title="bbox 34 2941 1046 3016; baseline 0.001 -20"><span class='ocrx_word' id='word_1_213' title='bbox 34 2945 64 2996; x_wconf 80' lang='lat' dir='ltr'><strong>r&#39;n</strong></span> <span class='ocrx_word' id='word_1_214' title='bbox 89 2943 193 2998; x_wconf 61' lang='lat' dir='ltr'><strong>cortraco</strong></span> <span class='ocrx_word' id='word_1_215' title='bbox 211 2943 336 3016; x_wconf 77' lang='lat' dir='ltr'><strong>poeitam</strong></span> <span class='ocrx_word' id='word_1_216' title='bbox 357 2943 516 2998; x_wconf 71' lang='lat' dir='ltr'><strong>coaevitate</strong></span> <span class='ocrx_word' id='word_1_217' title='bbox 538 2941 655 3016; x_wconf 79' lang='lat' dir='ltr'><strong>beatam)</strong></span> <span class='ocrx_word' id='word_1_218' title='bbox 677 2941 830 2999; x_wconf 82' lang='lat' dir='ltr'><strong>Editionee</strong></span> <span class='ocrx_word' id='word_1_219' title='bbox 852 2941 920 2998; x_wconf 90' lang='lat' dir='ltr'><strong>inde</strong></span> <span class='ocrx_word' id='word_1_220' title='bbox 942 2959 960 2997; x_wconf 87' lang='lat' dir='ltr'><strong>a</strong></span> <span class='ocrx_word' id='word_1_221' title='bbox 982 2941 1046 2998; x_wconf 86' lang='lat' dir='ltr'><strong>Ma·</strong></span> 
     </span>
     <span class='ocr_line' id='line_1_27' title="bbox 25 3026 1045 3101; baseline 0.001 -19"><span class='ocrx_word' id='word_1_222' title='bbox 25 3053 27 3069; x_wconf 82' lang='lat'><em>=</em></span> <span class='ocrx_word' id='word_1_223' title='bbox 55 3026 169 3084; x_wconf 84' lang='lat' dir='ltr'><strong>tacite:</strong></span> <span class='ocrx_word' id='word_1_224' title='bbox 195 3029 225 3082; x_wconf 79' lang='lat' dir='ltr'><strong>in</strong></span> <span class='ocrx_word' id='word_1_225' title='bbox 249 3030 350 3084; x_wconf 69' lang='lat' dir='ltr'><strong>vinum</strong></span> <span class='ocrx_word' id='word_1_226' title='bbox 372 3030 439 3098; x_wconf 81' lang='lat' dir='ltr'><strong>oola,</strong></span> <span class='ocrx_word' id='word_1_227' title='bbox 462 3027 541 3101; x_wconf 88' lang='lat' dir='ltr'><strong>quod</strong></span> <span class='ocrx_word' id='word_1_228' title='bbox 563 3046 668 3084; x_wconf 88' lang='lat' dir='ltr'><strong>vereor</strong></span> <span class='ocrx_word' id='word_1_229' title='bbox 689 3037 722 3084; x_wconf 90' lang='lat' dir='ltr'><strong>ut</strong></span> <span class='ocrx_word' id='word_1_230' title='bbox 743 3027 773 3084; x_wconf 91' lang='lat' dir='ltr'><strong>im</strong></span> <span class='ocrx_word' id='word_1_231' title='bbox 796 3026 857 3083; x_wconf 88' lang='lat' dir='ltr'><strong>ullo</strong></span> <span class='ocrx_word' id='word_1_232' title='bbox 875 3026 913 3084; x_wconf 83' lang='lat' dir='ltr'><strong>sit</strong></span> <span class='ocrx_word' id='word_1_233' title='bbox 935 3027 1045 3096; x_wconf 88' lang='lat' dir='ltr'><strong>codice,</strong></span> 
     </span>
     <span class='ocr_line' id='line_1_28' title="bbox 25 3107 1046 3187; baseline 0.001 -19"><span class='ocrx_word' id='word_1_234' title='bbox 25 3111 106 3168; x_wconf 73' lang='lat' dir='ltr'><strong>sorte</strong></span> <span class='ocrx_word' id='word_1_235' title='bbox 131 3112 165 3168; x_wconf 90' lang='lat' dir='ltr'><strong>in</strong></span> <span class='ocrx_word' id='word_1_236' title='bbox 191 3107 255 3181; x_wconf 82' lang='grc' dir='ltr'><strong>Εξ;</strong></span> <span class='ocrx_word' id='word_1_237' title='bbox 282 3131 352 3168; x_wconf 90' lang='lat' dir='ltr'><strong>nam</strong></span> <span class='ocrx_word' id='word_1_238' title='bbox 374 3126 419 3187; x_wconf 84' lang='grc' dir='ltr'><strong>χψ</strong></span> <span class='ocrx_word' id='word_1_239' title='bbox 441 3112 617 3170; x_wconf 86' lang='lat' dir='ltr'><strong>omittebant</strong></span> <span class='ocrx_word' id='word_1_240' title='bbox 638 3114 709 3183; x_wconf 62' lang='lat' dir='ltr'><strong>solam</strong></span> <span class='ocrx_word' id='word_1_241' title='bbox 743 3129 837 3186; x_wconf 86' lang='lat' dir='ltr'><strong>neque</strong></span> <span class='ocrx_word' id='word_1_242' title='bbox 860 3110 890 3168; x_wconf 90' lang='lat' dir='ltr'><strong>id</strong></span> <span class='ocrx_word' id='word_1_243' title='bbox 913 3129 1046 3169; x_wconf 82' lang='lat' dir='ltr'><strong>necessa-</strong></span> 
     </span>
     <span class='ocr_line' id='line_1_29' title="bbox 36 3197 1045 3274; baseline -0.001 -20"><span class='ocrx_word' id='word_1_244' title='bbox 36 3207 103 3264; x_wconf 70' lang='grc' dir='ltr'><strong>θείς</strong></span> <span class='ocrx_word' id='word_1_245' title='bbox 142 3216 220 3255; x_wconf 84' lang='lat' dir='ltr'><strong>nam</strong></span> <span class='ocrx_word' id='word_1_246' title='bbox 253 3198 283 3255; x_wconf 80' lang='lat' dir='ltr'><strong>si</strong></span> <span class='ocrx_word' id='word_1_247' title='bbox 307 3198 338 3255; x_wconf 89' lang='lat' dir='ltr'><strong>in</strong></span> <span class='ocrx_word' id='word_1_248' title='bbox 366 3198 475 3255; x_wconf 85' lang='lat' dir='ltr'><strong>virtute</strong></span> <span class='ocrx_word' id='word_1_249' title='bbox 499 3197 596 3274; x_wconf 86' lang='lat' dir='ltr'><strong>posita</strong></span> <span class='ocrx_word' id='word_1_250' title='bbox 619 3207 663 3255; x_wconf 84' lang='lat' dir='ltr'><strong>eat</strong></span> <span class='ocrx_word' id='word_1_251' title='bbox 685 3198 772 3254; x_wconf 81' lang='lat' dir='ltr'><strong>beata</strong></span> <span class='ocrx_word' id='word_1_252' title='bbox 793 3198 869 3266; x_wconf 86' lang='lat' dir='ltr'><strong>vita,</strong></span> <span class='ocrx_word' id='word_1_253' title='bbox 904 3197 1045 3272; x_wconf 83' lang='lat' dir='ltr'><strong>sequitur,</strong></span> 
     </span>
     <span class='ocr_line' id='line_1_30' title="bbox 46 3281 1046 3359; baseline 0 -19"><span class='ocrx_word' id='word_1_254' title='bbox 46 3283 121 3340; x_wconf 84' lang='lat' dir='ltr'><strong>sola</strong></span> <span class='ocrx_word' id='word_1_255' title='bbox 147 3301 223 3340; x_wconf 84' lang='lat' dir='ltr'><strong>eam</strong></span> <span class='ocrx_word' id='word_1_256' title='bbox 249 3282 375 3341; x_wconf 87' lang='lat' dir='ltr'><strong>efficere</strong></span> <span class='ocrx_word' id='word_1_257' title='bbox 397 3283 499 3359; x_wconf 78' lang='lat' dir='ltr'><strong>poerit.</strong></span> <span class='ocrx_word' id='word_1_258' title='bbox 534 3285 614 3354; x_wconf 79' lang='lat' dir='ltr'><strong>Erae,</strong></span> <span class='ocrx_word' id='word_1_259' title='bbox 638 3283 717 3358; x_wconf 91' lang='lat' dir='ltr'><strong>quod</strong></span> <span class='ocrx_word' id='word_1_260' title='bbox 739 3282 902 3359; x_wconf 80' lang='lat' dir='ltr'><strong>nonmagia</strong></span> <span class='ocrx_word' id='word_1_261' title='bbox 924 3281 1046 3340; x_wconf 87' lang='lat' dir='ltr'><strong>inoodi·</strong></span> 
     </span>
     <span class='ocr_line' id='line_1_31' title="bbox 25 3364 1045 3450; baseline 0.001 -25"><span class='ocrx_word' id='word_1_262' title='bbox 25 3377 197 3444; x_wconf 87' lang='lat' dir='ltr'><strong>repertum</strong></span> <span class='ocrx_word' id='word_1_263' title='bbox 211 3377 296 3445; x_wconf 86' lang='lat' dir='ltr'><strong>puto</strong></span> <span class='ocrx_word' id='word_1_264' title='bbox 309 3369 381 3447; x_wconf 87' lang='lat' dir='ltr'><strong>(om.</strong></span> <span class='ocrx_word' id='word_1_265' title='bbox 391 3367 480 3440; x_wconf 82' lang='lat' dir='ltr'><strong>Crat,</strong></span> <span class='ocrx_word' id='word_1_266' title='bbox 494 3369 582 3440; x_wconf 86' lang='lat' dir='ltr'><strong>Viot,</strong></span> <span class='ocrx_word' id='word_1_267' title='bbox 600 3364 652 3439; x_wconf 78' lang='grc' dir='ltr'><strong>Εξ,</strong></span> <span class='ocrx_word' id='word_1_268' title='bbox 664 3365 742 3450; x_wconf 83' lang='grc' dir='ltr'>[Β]),</span> <span class='ocrx_word' id='word_1_269' title='bbox 754 3369 806 3426; x_wconf 83' lang='lat' dir='ltr'><strong>vix</strong></span> <span class='ocrx_word' id='word_1_270' title='bbox 817 3369 922 3426; x_wconf 81' lang='lat' dir='ltr'><strong>abesae</strong></span> <span class='ocrx_word' id='word_1_271' title='bbox 934 3377 1045 3444; x_wconf 78' lang='lat' dir='ltr'><strong>potoat3</strong></span> 
     </span>
     <span class='ocr_line' id='line_1_32' title="bbox 26 3453 1045 3531; baseline 0 -21"><span class='ocrx_word' id='word_1_272' title='bbox 26 3475 33 3510; x_wconf 83' lang='grc' dir='ltr'>ι</span> <span class='ocrx_word' id='word_1_273' title='bbox 60 3455 131 3512; x_wconf 82' lang='lat' dir='ltr'><strong>iam</strong></span> <span class='ocrx_word' id='word_1_274' title='bbox 157 3453 195 3512; x_wconf 90' lang='lat' dir='ltr'><strong>in</strong></span> <span class='ocrx_word' id='word_1_275' title='bbox 217 3454 273 3512; x_wconf 80' lang='lat' dir='ltr'><strong>hin</strong></span> <span class='ocrx_word' id='word_1_276' title='bbox 298 3455 383 3512; x_wconf 76' lang='lat' dir='ltr'><strong>libris</strong></span> <span class='ocrx_word' id='word_1_277' title='bbox 406 3454 493 3512; x_wconf 86' lang='lat' dir='ltr'><strong>huius</strong></span> <span class='ocrx_word' id='word_1_278' title='bbox 515 3455 654 3512; x_wconf 84' lang='lat' dir='ltr'><strong>infinitivi</strong></span> <span class='ocrx_word' id='word_1_279' title='bbox 675 3455 707 3512; x_wconf 90' lang='lat' dir='ltr'><strong>in</strong></span> <span class='ocrx_word' id='word_1_280' title='bbox 729 3454 792 3512; x_wconf 89' lang='lat' dir='ltr'><strong>eod.</strong></span> <span class='ocrx_word' id='word_1_281' title='bbox 810 3455 970 3531; x_wconf 85' lang='lat' dir='ltr'><strong>archetypo</strong></span> <span class='ocrx_word' id='word_1_282' title='bbox 987 3473 1045 3511; x_wconf 89' lang='lat' dir='ltr'><strong>nom</strong></span> 
     </span>
     <span class='ocr_line' id='line_1_33' title="bbox 26 3539 1045 3619; baseline -0.001 -22"><span class='ocrx_word' id='word_1_283' title='bbox 26 3539 142 3597; x_wconf 76' lang='lat' dir='ltr'><strong>amissi</strong></span> <span class='ocrx_word' id='word_1_284' title='bbox 170 3540 332 3616; x_wconf 83' lang='lat' dir='ltr'><strong>exempla</strong></span> <span class='ocrx_word' id='word_1_285' title='bbox 354 3539 480 3598; x_wconf 81' lang='lat' dir='ltr'><strong>vidimus</strong></span> <span class='ocrx_word' id='word_1_286' title='bbox 504 3541 555 3619; x_wconf 89' lang='lat' dir='ltr'><strong>(ad</strong></span> <span class='ocrx_word' id='word_1_287' title='bbox 577 3539 669 3615; x_wconf 66' lang='lat'>549).</span> <span class='ocrx_word' id='word_1_288' title='bbox 720 3540 1045 3598; x_wconf 80' lang='lat' dir='ltr'><strong>Vitombeotaraexsolo</strong></span> 
     </span>
     <span class='ocr_line' id='line_1_34' title="bbox 27 3623 1046 3703; baseline 0.001 -22"><span class='ocrx_word' id='word_1_289' title='bbox 27 3635 46 3682; x_wconf 68' lang='lat' dir='ltr'><strong>rt</strong></span> <span class='ocrx_word' id='word_1_290' title='bbox 68 3623 120 3703; x_wconf 91' lang='lat' dir='ltr'><strong>B]</strong></span> <span class='ocrx_word' id='word_1_291' title='bbox 147 3625 267 3702; x_wconf 86' lang='lat' dir='ltr'><strong>posui.</strong></span> <span class='ocrx_word' id='word_1_292' title='bbox 307 3627 386 3683; x_wconf 87' lang='lat' dir='ltr'><strong>Tum</strong></span> <span class='ocrx_word' id='word_1_293' title='bbox 408 3645 462 3702; x_wconf 88' lang='lat' dir='ltr'><strong>pro</strong></span> <span class='ocrx_word' id='word_1_294' title='bbox 484 3628 549 3683; x_wconf 81' lang='lat' dir='ltr'><strong>doto</strong></span> <span class='ocrx_word' id='word_1_295' title='bbox 570 3636 642 3701; x_wconf 92' lang='lat' dir='ltr'><strong>puto</strong></span> <span class='ocrx_word' id='word_1_296' title='bbox 658 3627 689 3683; x_wconf 92' lang='lat' dir='ltr'><strong>in</strong></span> <span class='ocrx_word' id='word_1_297' title='bbox 712 3626 775 3684; x_wconf 88' lang='lat' dir='ltr'><strong>cod.</strong></span> <span class='ocrx_word' id='word_1_298' title='bbox 788 3625 951 3702; x_wconf 73' lang='lat' dir='ltr'><strong>archetypo</strong></span> <span class='ocrx_word' id='word_1_299' title='bbox 969 3626 1046 3683; x_wconf 87' lang='lat' dir='ltr'><strong>idern</strong></span> 
     </span>
     <span class='ocr_line' id='line_1_35' title="bbox 35 3709 1044 3789; baseline 0 -21"><span class='ocrx_word' id='word_1_300' title='bbox 35 3711 137 3785; x_wconf 87' lang='lat' dir='ltr'><strong>quod</strong></span> <span class='ocrx_word' id='word_1_301' title='bbox 165 3721 205 3768; x_wconf 85' lang='lat' dir='ltr'><strong>et</strong></span> <span class='ocrx_word' id='word_1_302' title='bbox 232 3711 271 3769; x_wconf 88' lang='lat' dir='ltr'><strong>in</strong></span> <span class='ocrx_word' id='word_1_303' title='bbox 298 3711 413 3787; x_wconf 89' lang='lat' dir='ltr'><strong>optimo</strong></span> <span class='ocrx_word' id='word_1_304' title='bbox 436 3731 502 3769; x_wconf 90' lang='lat' dir='ltr'><strong>meo</strong></span> <span class='ocrx_word' id='word_1_305' title='bbox 513 3709 559 3789; x_wconf 92' lang='lat' dir='ltr'><strong>[et</strong></span> <span class='ocrx_word' id='word_1_306' title='bbox 569 3709 610 3788; x_wconf 90' lang='lat' dir='ltr'><strong>B]</strong></span> <span class='ocrx_word' id='word_1_307' title='bbox 633 3720 662 3769; x_wconf 85' lang='lat' dir='ltr'><strong>et</strong></span> <span class='ocrx_word' id='word_1_308' title='bbox 672 3711 704 3768; x_wconf 87' lang='lat' dir='ltr'><strong>in</strong></span> <span class='ocrx_word' id='word_1_309' title='bbox 716 3711 909 3770; x_wconf 87' lang='lat' dir='ltr'><strong>deterioribus</strong></span> <span class='ocrx_word' id='word_1_310' title='bbox 921 3712 1044 3787; x_wconf 86' lang='lat' dir='ltr'><strong>reperio,</strong></span> 
     </span>
     <span class='ocr_line' id='line_1_36' title="bbox 25 3795 1045 3866; baseline 0 -13"><span class='ocrx_word' id='word_1_311' title='bbox 25 3817 97 3854; x_wconf 83' lang='lat' dir='ltr'><strong>ram</strong></span> <span class='ocrx_word' id='word_1_312' title='bbox 130 3815 179 3853; x_wconf 86' lang='lat' dir='ltr'><strong>ex</strong></span> <span class='ocrx_word' id='word_1_313' title='bbox 208 3815 286 3855; x_wconf 90' lang='lat' dir='ltr'><strong>uno</strong></span> <span class='ocrx_word' id='word_1_314' title='bbox 311 3795 370 3857; x_wconf 81' lang='lat' dir='ltr'><strong>Ox.</strong></span> <span class='ocrx_word' id='word_1_315' title='bbox 399 3797 425 3854; x_wconf 89' lang='grc' dir='ltr'><strong>Ε</strong></span> <span class='ocrx_word' id='word_1_316' title='bbox 452 3807 611 3855; x_wconf 76' lang='lat' dir='ltr'><strong>annotetur</strong></span> <span class='ocrx_word' id='word_1_317' title='bbox 638 3800 700 3854; x_wconf 82' lang='lat' dir='ltr'><strong>date</strong></span> <span class='ocrx_word' id='word_1_318' title='bbox 727 3799 775 3855; x_wconf 73' lang='lat' dir='ltr'><strong>Inoo</strong></span> <span class='ocrx_word' id='word_1_319' title='bbox 802 3800 866 3855; x_wconf 80' lang='lat' dir='ltr'><strong>dato</strong></span> <span class='ocrx_word' id='word_1_320' title='bbox 892 3800 942 3854; x_wconf 79' lang='lat' dir='ltr'><strong>arri</strong></span> <span class='ocrx_word' id='word_1_321' title='bbox 963 3799 1045 3866; x_wconf 63' lang='lat' dir='ltr'><strong>acam</strong></span> 
     </span>
     <span class='ocr_line' id='line_1_37' title="bbox 28 3882 1046 3958; baseline 0 -20"><span class='ocrx_word' id='word_1_322' title='bbox 28 3882 102 3940; x_wconf 87' lang='lat' dir='ltr'><strong>idit</strong></span> <span class='ocrx_word' id='word_1_323' title='bbox 138 3882 257 3940; x_wconf 80' lang='lat' dir='ltr'><strong>etiam</strong></span> <span class='ocrx_word' id='word_1_324' title='bbox 293 3882 465 3954; x_wconf 71' lang='lat' dir='ltr'><strong>Victorius,</strong></span> <span class='ocrx_word' id='word_1_325' title='bbox 499 3902 557 3940; x_wconf 91' lang='lat' dir='ltr'><strong>mon</strong></span> <span class='ocrx_word' id='word_1_326' title='bbox 585 3892 679 3952; x_wconf 84' lang='lat' dir='ltr'><strong>reete;</strong></span> <span class='ocrx_word' id='word_1_327' title='bbox 712 3902 808 3958; x_wconf 88' lang='lat' dir='ltr'><strong>neque</strong></span> <span class='ocrx_word' id='word_1_328' title='bbox 834 3884 900 3940; x_wconf 84' lang='lat' dir='ltr'><strong>dato</strong></span> <span class='ocrx_word' id='word_1_329' title='bbox 927 3902 980 3958; x_wconf 93' lang='lat' dir='ltr'><strong>pro</strong></span> <span class='ocrx_word' id='word_1_330' title='bbox 1008 3883 1046 3939; x_wconf 83' lang='lat' dir='ltr'><strong>da</strong></span> 
     </span>
     <span class='ocr_line' id='line_1_38' title="bbox 25 3967 1047 4045; baseline 0.001 -22"><span class='ocrx_word' id='word_1_331' title='bbox 25 3989 30 4022; x_wconf 72' lang='lat' dir='ltr'><strong>a</strong></span> <span class='ocrx_word' id='word_1_332' title='bbox 58 3968 165 4039; x_wconf 82' lang='lat' dir='ltr'><strong>lieet,</strong></span> <span class='ocrx_word' id='word_1_333' title='bbox 197 3967 302 4043; x_wconf 89' lang='lat' dir='ltr'><strong>quod</strong></span> <span class='ocrx_word' id='word_1_334' title='bbox 327 3987 418 4025; x_wconf 87' lang='lat' dir='ltr'><strong>unum</strong></span> <span class='ocrx_word' id='word_1_335' title='bbox 446 3967 494 4026; x_wconf 90' lang='lat' dir='ltr'><strong>hio</strong></span> <span class='ocrx_word' id='word_1_336' title='bbox 523 3977 553 4026; x_wconf 86' lang='lat' dir='ltr'><strong>at</strong></span> <span class='ocrx_word' id='word_1_337' title='bbox 575 3977 695 4045; x_wconf 89' lang='lat' dir='ltr'><strong>propter</strong></span> <span class='ocrx_word' id='word_1_338' title='bbox 723 3968 856 4044; x_wconf 84' lang='lat' dir='ltr'><strong>superius</strong></span> <span class='ocrx_word' id='word_1_339' title='bbox 878 3970 989 4025; x_wconf 81' lang='lat' dir='ltr'><strong>concede</strong></span> <span class='ocrx_word' id='word_1_340' title='bbox 1017 3975 1047 4024; x_wconf 86' lang='lat' dir='ltr'><strong>et</strong></span> 
     </span>
     <span class='ocr_line' id='line_1_39' title="bbox 37 4051 1046 4130; baseline -0.001 -20"><span class='ocrx_word' id='word_1_341' title='bbox 37 4055 182 4111; x_wconf 78' lang='lat' dir='ltr'><strong>harum</strong></span> <span class='ocrx_word' id='word_1_342' title='bbox 214 4051 400 4113; x_wconf 76' lang='lat' dir='ltr'><strong>for-marum</strong></span> <span class='ocrx_word' id='word_1_343' title='bbox 422 4054 578 4112; x_wconf 81' lang='lat' dir='ltr'><strong>discrimen</strong></span> <span class='ocrx_word' id='word_1_344' title='bbox 601 4054 671 4130; x_wconf 90' lang='lat' dir='ltr'><strong>poni</strong></span> <span class='ocrx_word' id='word_1_345' title='bbox 693 4064 822 4130; x_wconf 64' lang='lat' dir='ltr'><strong>poteram</strong></span> <span class='ocrx_word' id='word_1_346' title='bbox 856 4052 960 4113; x_wconf 88' lang='lat' dir='ltr'><strong>Cicero</strong></span> <span class='ocrx_word' id='word_1_347' title='bbox 982 4053 1046 4129; x_wconf 87' lang='lat' dir='ltr'><strong>ipae</strong></span> 
     </span>
     <span class='ocr_line' id='line_1_40' title="bbox 25 4138 1087 4218; baseline 0.003 -26"><span class='ocrx_word' id='word_1_348' title='bbox 25 4161 29 4192; x_wconf 75' lang='lat' dir='ltr'><strong>r</strong></span> <span class='ocrx_word' id='word_1_349' title='bbox 60 4139 241 4198; x_wconf 83' lang='lat' dir='ltr'><strong>formam</strong></span> <span class='ocrx_word' id='word_1_350' title='bbox 273 4139 416 4196; x_wconf 87' lang='lat' dir='ltr'><strong>mutavit.</strong></span> <span class='ocrx_word' id='word_1_351' title='bbox 466 4138 613 4218; x_wconf 83' lang='lat' dir='ltr'><strong>[Dandum</strong></span> <span class='ocrx_word' id='word_1_352' title='bbox 640 4150 680 4196; x_wconf 81' lang='lat' dir='ltr'><strong>cat</strong></span> <span class='ocrx_word' id='word_1_353' title='bbox 707 4159 744 4196; x_wconf 87' lang='lat' dir='ltr'><strong>ex</strong></span> <span class='ocrx_word' id='word_1_354' title='bbox 772 4139 833 4196; x_wconf 87' lang='lat' dir='ltr'><strong>Erl.</strong></span> <span class='ocrx_word' id='word_1_355' title='bbox 861 4150 891 4196; x_wconf 86' lang='lat' dir='ltr'><strong>ct</strong></span> <span class='ocrx_word' id='word_1_356' title='bbox 918 4140 958 4208; x_wconf 92' lang='lat' dir='ltr'><strong>B;</strong></span> <span class='ocrx_word' id='word_1_357' title='bbox 991 4139 1045 4196; x_wconf 86' lang='lat' dir='ltr'><strong>ali·</strong></span> <span class='ocrx_word' id='word_1_358' title='bbox 1084 4161 1087 4170; x_wconf 72' lang='lat'>¹</span> 
     </span>
     <span class='ocr_line' id='line_1_41' title="bbox 25 4223 1045 4303; baseline -0.001 -21"><span class='ocrx_word' id='word_1_359' title='bbox 25 4245 47 4282; x_wconf 84' lang='lat' dir='ltr'><strong>n</strong></span> <span class='ocrx_word' id='word_1_360' title='bbox 81 4223 291 4303; x_wconf 61' lang='lat' dir='ltr'><strong>notatum]</strong></span> <span class='ocrx_word' id='word_1_361' title='bbox 329 4225 375 4282; x_wconf 90' lang='lat' dir='ltr'><strong>De</strong></span> <span class='ocrx_word' id='word_1_362' title='bbox 398 4226 542 4301; x_wconf 83' lang='lat' dir='ltr'><strong>proximis</strong></span> <span class='ocrx_word' id='word_1_363' title='bbox 563 4225 662 4283; x_wconf 83' lang='lat' dir='ltr'><strong>verbis</strong></span> <span class='ocrx_word' id='word_1_364' title='bbox 680 4226 768 4302; x_wconf 81' lang='lat' dir='ltr'><strong>(qood</strong></span> <span class='ocrx_word' id='word_1_365' title='bbox 788 4229 870 4284; x_wconf 78' lang='lat' dir='ltr'><strong>castri</strong></span> <span class='ocrx_word' id='word_1_366' title='bbox 890 4225 959 4298; x_wconf 85' lang='lat' dir='ltr'><strong>cet.)</strong></span> <span class='ocrx_word' id='word_1_367' title='bbox 983 4224 1045 4282; x_wconf 86' lang='lat' dir='ltr'><strong>dixi</strong></span> 
     </span>
    </p>
   </div>
   <div class='ocr_carea' id='block_1_5' title="bbox 807 4427 840 4481">
    <p class='ocr_par' dir='ltr' id='par_1_6' title="bbox 807 4427 840 4481">
     <span class='ocr_line' id='line_1_42' title="bbox 807 4427 840 4481; baseline -0.03 0"><span class='ocrx_word' id='word_1_368' title='bbox 807 4427 840 4481; x_wconf 87' lang='grc'><strong>48</strong></span> 
     </span>
    </p>
   </div>
   <div class='ocr_carea' id='block_1_6' title="bbox 0 0 1478 5024">
    <p class='ocr_par' dir='ltr' id='par_1_7' title="bbox 0 0 1478 5024">
     <span class='ocr_line' id='line_1_43' title="bbox 0 0 1478 5024; baseline 0 0"><span class='ocrx_word' id='word_1_369' title='bbox 0 0 1478 5024; x_wconf 95' lang='lat' dir='ltr'><strong> </strong></span> 
     </span>
    </p>
   </div>
  </div>
 </body>
</html>
