3000 5044
301 379 365 445 552
694 393 892 442 nnummus
914 395 986 442 sou.

302 573 405 632 tamen
439 583 543 629 rerum
581 583 649 630 asse
681 565 713 630 in
745 565 784 629 iis
822 573 977 630 momenta
1014 565 1143 644 dicaret3
1183 564 1271 647 quasi
1302 583 1382 628 vero

375 758 396 802 l.
416 761 493 802 nutem
513 755 570 818 (pro
588 753 676 816 tornea)
695 767 789 814 omnes,
808 752 851 803 Or.
888 752 965 802 sistis
983 752 1117 804 uurcor.

304 945 413 1002 tionem
436 945 553 1002 Davisii
575 954 605 1002 et
626 944 747 1002 Bromii.
789 944 958 1002 Accusatur
979 944 1107 1002 Zenonis
1129 944 1326 1001 inconstantia
1350 943 1384 1000 in

304 1030 509 1088 constituenda
530 1049 630 1087 eorum
654 1030 813 1106 dignitate,
847 1049 922 1104 quae
945 1040 1030 1087 extra
1051 1030 1191 1086 virtutem
1214 1039 1289 1087 suut.
1333 1027 1384 1085 Ea

305 1110 419 1196 (cetero)
441 1116 466 1173 is
489 1117 615 1192 negabat
637 1125 816 1174 momentum
839 1116 932 1173 ullum
954 1116 1064 1172 habere
1086 1115 1124 1172 ad
1147 1115 1238 1172 vitam
1252 1117 1383 1182 beatam,

305 1220 380 1276 quae
403 1211 433 1259 et
455 1202 517 1259 sine
540 1201 576 1258 iis
599 1211 752 1259 essetnec
774 1218 840 1258 cum
862 1201 899 1259 iis
921 1201 1036 1258 beatior
1058 1201 1154 1271 fieret;
1179 1211 1208 1257 et
1231 1211 1329 1257 tamen
1342 1199 1385 1256 ad

304 1287 516 1364 appetitionem
538 1305 635 1344 rerum
658 1305 802 1344 summum
830 1287 860 1344 iu
888 1287 925 1345 iis
953 1297 1133 1344 momentum
1161 1305 1226 1344 esse
1248 1285 1385 1350 dicebat:

304 1391 372 1430 nam
394 1372 462 1430 inda
485 1391 570 1430 omne
593 1373 709 1430 initium
732 1372 890 1448 appetendi
912 1372 1024 1447 aliquid
1042 1381 1071 1430 et
1081 1372 1189 1448 agendi
1200 1372 1386 1430 commoveri

305 1459 371 1537 (43,
394 1459 434 1515 48
458 1456 537 1537 cet).
560 1457 697 1517 Ciceroni
718 1466 816 1516 autem
839 1459 956 1515 videtur
976 1459 1050 1515 haec
1067 1458 1211 1534 appetitio
1233 1476 1251 1513 a
1273 1457 1386 1514 summi

198 1560 201 1566 ’
304 1544 375 1602 boui
397 1543 552 1619 adeptione
575 1563 633 1602 non
655 1563 742 1620 possa
765 1544 879 1620 seiungi
901 1541 982 1622 (nam
1005 1543 1035 1601 id
1058 1562 1121 1601 esse
1133 1543 1268 1600 ultimum
1279 1561 1385 1600 rerum

304 1628 549 1706 appetendarum
573 1625 665 1712 534).
707 1631 743 1688 Iu
755 1629 905 1687 codicibus
928 1637 958 1687 et
979 1628 1179 1705 superioribus
1202 1627 1387 1685 aditionibus

305 1715 348 1772 sic
370 1715 522 1772 scribitur:
550 1725 587 1784 et,
610 1735 670 1773 oum
691 1718 731 1773 od
752 1717 856 1773 beatam
877 1717 958 1772 vitam
980 1716 1082 1772 nullum
1103 1725 1259 1771 moerentum
1282 1734 1312 1770 ea
1339 1734 1387 1771 res

306 1801 422 1872 liaberet,
446 1803 485 1858 ud
505 1804 691 1878 appetitionem
712 1812 800 1859 ααεετη
822 1821 921 1872 rerum,
944 1820 1001 1858 esse
1023 1803 1049 1857 in
1073 1803 1254 1857 tornamento
1265 1801 1386 1870 dicerem

305 1905 394 1961 quam
417 1886 591 1963 scripturam
615 1886 735 1944 difficile
757 1897 803 1946 ert
824 1885 968 1956 refutar03
991 1886 1064 1943 adeo
1082 1886 1163 1943 nulla
1184 1886 1212 1942 ei
1235 1886 1388 1942 sententia

305 1972 400 2030 subici
422 1982 527 2048 potest.
572 1972 655 2046 Quae
678 1982 724 2030 est
745 1973 822 2030 enim
844 1991 876 2030 co
897 1970 960 2028 res?
982 1990 1126 2047 quaenam
1138 1971 1200 2040 illa,
1224 1970 1386 2044 dequibus

307 2057 415 2115 dicitur
436 2061 463 2114 in
486 2055 548 2114 tis?
571 2059 608 2115 ad
630 2077 787 2132 quamnam
810 2077 871 2115 rem
894 2058 1031 2115 dicuutur
1053 2061 1078 2114 iu
1103 2058 1144 2113 tis
1161 2055 1385 2114 essemomenta?

306 2161 381 2217 quae
404 2151 449 2200 cst
470 2153 618 2220 postremo
637 2143 723 2215 haec,
757 2144 886 2218 quaein
909 2143 1027 2201 Zenone
1054 2142 1302 2218 reprehendatur,
1336 2161 1387 2198 re-

305 2228 477 2304 pugnantia,
500 2229 587 2302 quod,
611 2247 676 2286 cum
699 2250 730 2286 eo
752 2249 796 2287 res
818 2229 930 2307 (nescio
954 2227 1043 2304 quae)
1067 2237 1245 2285 momentum
1266 2228 1387 2284 nullum

305 2314 414 2370 habeat
435 2314 472 2371 ad
495 2315 611 2372 beatam
627 2316 728 2388 vitam,
751 2325 889 2373 ettamen
902 2313 1030 2371 adalind
1042 2314 1158 2385 habeat,
1182 2315 1254 2370 haec
1265 2313 1387 2390 (nescio

295 2391 382 2474 'quae
404 2398 476 2475 alia)
499 2408 677 2458 momentum
700 2401 752 2479 (ad
773 2401 873 2458 nescio
895 2398 980 2475 quid)
1008 2399 1116 2456 habere
1144 2397 1241 2456 dicat?
1286 2399 1389 2456 Inter·

303 2493 437 2560 pretatur
458 2495 555 2542 tamen
579 2485 685 2545 Gzius:
709 2507 766 2544 eom
788 2507 844 2544 rem
865 2504 929 2544 esse
947 2487 1164 2561 propraetorem
1198 2488 1224 2541 in
1247 2485 1289 2540 te
1318 2503 1388 2542 esse

304 2573 331 2627 r'n
353 2573 449 2628 virtute
470 2582 518 2628 uut
539 2576 608 2629 vitio.
652 2567 710 2652 (At
731 2591 819 2630 voces
841 2581 889 2628 aut
910 2574 972 2628 vitio
994 2570 1081 2628 homo
1103 2589 1194 2646 supra
1216 2570 1304 2626 fidem
1316 2589 1387 2646 per·

304 2675 407 2714 versus
435 2657 580 2715 tollendas
608 2654 786 2736 censuerat.)
837 2657 959 2716 Seriane
992 2656 1158 2714 huiusmodi
1187 2654 1388 2712 deliramenta

305 2739 461 2798 refutanda
483 2743 570 2800 sunt?
613 2743 705 2801 Putes
732 2743 858 2802 fortasse
885 2761 933 2800 res
961 2743 1070 2799 habere
1092 2741 1322 2818 propensionem
1347 2741 1386 2798 ad

304 2827 396 2884 vitam
425 2827 541 2885 beatam
569 2838 622 2885 aut
648 2830 784 2887 miseram
813 2827 1005 2886 efficiendam.
1050 2828 1094 2884 At
1119 2827 1168 2884 hic
1196 2835 1225 2883 te
1253 2827 1387 2899 docebit,

304 2912 530 2989 propensionem
553 2933 611 2972 non
633 2915 743 2972 habere
766 2923 956 2984 momentum,
979 2914 1081 2982 idest,
1104 2913 1333 2988 propensionem
1347 2913 1388 2969 ad

304 2999 421 3055 beatam
433 2999 534 3068 vitam,
558 3009 587 3056 at
608 3008 706 3057 tamen
729 2999 988 3076 adappetitionem
1010 3017 1118 3069 rerum,
1142 3007 1180 3069 et,
1204 3017 1387 3073 quamquam

303 3085 360 3142 hoc
383 3084 425 3142 ita
448 3085 499 3154 sit,
534 3095 632 3142 tamen
655 3087 803 3143 Zenonem
831 3086 943 3156 dicare,
978 3085 1008 3141 in
1037 3083 1146 3140 virtute
1170 3093 1199 3140 at
1221 3083 1294 3141 vitio
1319 3103 1386 3141 esse

305 3179 461 3227 momenta.
484 3171 590 3229 Diacas
603 3173 690 3228 etiam
709 3170 809 3243 (modo
821 3165 1000 3250 intellegas),
1026 3169 1121 3239 ,vella
1138 3178 1298 3238 auctorem,
1323 3170 1386 3226 vim

305 3255 424 3330 quidem
446 3257 476 3312 in
499 3276 546 3314 ras
563 3257 744 3334 appetendas
755 3257 894 3314 virtutem
918 3265 947 3312 et
969 3256 1073 3312 vitium
1091 3273 1222 3325 exerere,
1246 3273 1304 3310 uon
1318 3256 1387 3311 vice

304 3348 420 3398 versa.“
456 3343 495 3399 Et
517 3351 615 3400 tamen
639 3343 685 3400 hic
707 3343 803 3400 locum
826 3351 905 3399 recte
929 3342 1037 3398 habere
1060 3341 1214 3417 persuasit,
1237 3359 1296 3396 non
1316 3341 1386 3397 dico

305 3426 504 3485 Billerbeckio
527 3437 578 3485 aut
601 3427 714 3500 Ottoni,
738 3429 790 3486 sed
815 3427 936 3487 Orellio.
965 3427 1051 3484 Adeo
1074 3427 1146 3484 satis
1163 3435 1208 3484 est
1225 3425 1386 3482 verborum

306 3513 460 3588 strepitum
483 3514 578 3570 edere.
622 3512 780 3572 Contraria
807 3533 870 3571 esse
899 3515 938 3570 ad
960 3513 1062 3570 beatum
1084 3515 1165 3568 ciuem
1188 3519 1217 3568 at
1239 3513 1278 3568 ud
1298 3531 1387 3587 appe-

306 3601 421 3655 titionem
443 3618 545 3668 rerum,
574 3601 675 3656 nultum
696 3609 853 3657 momorum
876 3599 972 3655 dotem
999 3607 1029 3655 et
1051 3617 1108 3654 esse
1129 3601 1156 3654 iu
1179 3597 1220 3654 his
1243 3607 1386 3666 momento,

306 3691 339 3740 ut
362 3684 566 3760 coniungenda
588 3684 661 3742 haec
684 3685 756 3742 sint:
778 3687 1013 3760 odoppetr'tr‘onem
1035 3703 1124 3740 rerum
1147 3701 1203 3739 esra
1225 3685 1252 3740 r'n
1275 3683 1387 3740 tr'srrro·

305 3779 406 3839 morto,
430 3778 460 3826 et
486 3770 558 3826 haec
586 3771 653 3842 duo,
686 3780 865 3828 momentum
900 3769 1012 3826 nullum
1040 3769 1150 3825 habere
1178 3777 1208 3824 et
1234 3779 1387 3825 momente

305 3854 428 3926 habere,
452 3855 488 3912 de
511 3856 612 3913 eadem
635 3876 667 3914 re
689 3857 760 3927 dici,
784 3857 813 3914 in
837 3857 921 3913 cuius
942 3855 972 3911 vi
994 3853 1200 3912 constituenda
1222 3855 1303 3911 Zeno
1327 3854 1386 3911 sibi

305 3959 364 3996 uon
388 3941 566 4012 constiterit,
602 3941 650 3998 vel
678 3961 715 3999 ex
738 3942 880 3999 orationis
902 3939 998 3998 forma
1020 3941 1093 3998 adeo
1116 3937 1305 3997 manifestum
1329 3949 1386 4010 est,

306 4033 339 4082 ut
361 4026 435 4083 nihil
457 4028 552 4102 possit
574 4027 675 4104 magis.
720 4028 826 4102 Itaque
849 4035 879 4084 et
900 4030 927 4083 io
949 4029 982 4083 ir's
1005 4026 1184 4102 respondere
1201 4025 1294 4082 debet
1316 4025 1386 4100 plu·

306 4111 377 4168 ralis
399 4113 513 4170 numeri
535 4114 611 4184 voci,
635 4132 711 4188 quae
732 4113 806 4170 latet
817 4113 871 4170 sub
890 4113 955 4170 illo:
979 4131 1010 4169 co
1032 4133 1085 4182 rea,
1108 4119 1138 4169 at
1159 4121 1247 4168 autem
1263 4111 1385 4187 corrigi.

306 4195 412 4254 Latere
442 4208 540 4256 autem
562 4199 804 4275 significationem
828 4199 958 4256 omnium
981 4207 1143 4255 ceterarum
1172 4215 1269 4253 rerum
1293 4195 1387 4274 (quae

307 4280 367 4337 sint
388 4284 546 4341 secundum
570 4281 719 4364 naturam)
741 4293 859 4360 praeter
871 4285 1019 4354 virtutem,
1043 4302 1102 4340 non
1120 4283 1213 4359 magis
1225 4282 1384 4340 obscurum

307 4367 334 4422 ei
358 4385 421 4426 esse
444 4377 550 4446 potest,
574 4370 624 4444 qui
647 4370 759 4444 aliquid
782 4389 819 4428 ax
841 4371 897 4428 hac
919 4380 983 4428 tota
1004 4368 1203 4445 disputatione
1225 4368 1385 4426 intellexit.
