2920 5012
413 385 457 432 nr
479 385 560 432 nnn.
577 385 670 432 nien
691 385 763 432 een.
785 387 807 433 r.
1108 371 1147 436 51

93 567 120 619 ut
136 555 264 637 aliquam
286 573 326 620 er
347 573 385 619 eo
406 555 583 636 perciperet
604 573 736 636 corpore
761 555 967 637 voluptatem,
999 567 1055 622 aut
1081 576 1150 624 eum

93 657 193 722 Ietinis
223 657 319 722 tertio
352 657 514 722 consulatu
543 656 716 722 conflixisse
739 659 824 739 apud
846 658 988 724 Veserim
1019 666 1151 741 propter
1201 725 1206 736 ,

93 760 271 841 veluptatenn
317 759 409 837 Quod
429 778 505 826 vero
528 760 630 826 securi
651 760 808 842 percussit
833 758 943 840 filiurn,
975 762 1149 843 privavisse

150 969 168 1014 l.
192 965 298 1030 corporis
330 963 376 1016 rel.
404 965 430 1012 bl
459 963 505 1015 vol.
534 981 631 1029 corpore
663 965 707 1016 Or.
758 971 781 1016 1.
808 965 942 1031 corylirt'sse
975 963 1101 1018 Venerem
1128 967 1149 1020 C

94 1037 111 1081 t.
123 1035 255 1097 pomeri
273 1049 374 1092 omnes,
394 1033 436 1084 Or.
468 1033 621 1100 privasseE
642 1044 648 1056 '

92 1205 142 1263 diu
160 1208 201 1264 rei
226 1217 329 1284 gestae
352 1217 422 1266 nota
443 1216 528 1266 extra
549 1209 681 1284 reliquae
708 1208 850 1265 orationis
872 1209 1010 1284 obliquae
1032 1227 1150 1266 nexum.

92 1293 181 1367 leque
201 1294 408 1368 requirebatur
429 1293 606 1352 indicativus
629 1313 687 1351 non
709 1294 805 1351 minus
828 1293 876 1352 hio
898 1313 986 1368 quarn
1008 1295 1039 1352 in
1061 1295 1150 1352 Tuse.

91 1379 137 1448 lV,
158 1379 210 1435 ts:
231 1381 295 1453 Epo
318 1399 351 1436 rte
377 1380 542 1454 Torquatum
565 1381 671 1454 quidem
693 1382 776 1448 illurn,
799 1383 848 1454 qui
868 1380 916 1436 ltoo
938 1399 1077 1453 coprecmen
1099 1384 1149 1436 irs-

92 1467 180 1534 renit,
211 1469 310 1522 enema
343 1468 463 1522 aestimo
488 1465 569 1522 Gallo
602 1476 722 1539 torquem
754 1467 912 1523 detrusisse.
968 1467 1069 1540 Atque
1101 1466 1150 1522 hic

91 1567 234 1606 concursus
257 1551 457 1608 memorabilis
479 1551 558 1608 illius
581 1551 638 1608 loci
660 1560 691 1608 et
712 1551 815 1627 optimi
833 1550 942 1608 codicis
960 1549 1149 1629 [adversante

92 1647 175 1691 lernen
197 1634 241 1713 Α]
263 1637 293 1693 icl
316 1637 404 1694 etiarn
427 1635 543 1694 efficere
566 1638 668 1708 debet,
701 1647 733 1693 ut
766 1628 796 1693 in
824 1637 969 1694 similibus
997 1637 1070 1694 loeis
1098 1637 1151 1693 nli·

92 1721 152 1794 quid
171 1722 275 1778 rationi
307 1723 468 1794 tribuatur,
492 1723 570 1797 quod
592 1723 822 1798 Wesenbergius
849 1723 913 1779 iure
935 1721 1007 1780 feeit
1030 1722 1059 1779 in
1082 1741 1151 1798 pro·

92 1816 238 1880 pmnmeta
259 1808 296 1864 de
319 1817 392 1866 orat.
405 1807 547 1867 Caeliana
557 1827 585 1883 p.
602 1809 649 1880 15,
673 1808 709 1865 de
722 1809 805 1865 Brut.
824 1809 862 1865 57
887 1819 918 1864 et
940 1809 978 1866 79
993 1808 1151 1867 Schuetzio

90 1893 252 1960 essentiens;
275 1893 306 1950 in
329 1903 402 1950 oret
420 1893 456 1950 de
473 1895 542 1969 imp.
561 1894 666 1969 Pomp.
683 1893 713 1963 5,
734 1895 786 1950 ubi
809 1894 874 1969 ipsa
895 1912 1038 1969 personae
1061 1893 1151 1970 signi·

90 1977 177 2034 ficatio
198 1978 363 2036 continetur
385 1980 530 2036 sententie
552 1979 686 2050 relativa,
708 1979 803 2037 eruco
826 1999 884 2036 non
907 1979 1060 2036 assentior.
1094 1979 1151 2038 Ce-

90 2063 205 2120 vendnm
226 2073 340 2136 autem,
368 2083 405 2120 ne
428 2065 493 2140 quis
522 2084 573 2122 eos
606 2065 694 2122 etiarn
719 2065 800 2122 locos
823 2065 963 2140 attinget,
985 2064 1016 2121 in
1044 2065 1151 2139 quibus

90 2146 156 2206 latet
180 2149 279 2224 ulique
306 2158 359 2206 eut
385 2168 492 2207 causae
514 2159 566 2207 aut
593 2151 732 2208 contrarii
767 2150 957 2226 significatio,
991 2150 1074 2206 velut
1095 2169 1150 2226 pro

89 2233 176 2290 Fleeo
200 2235 237 2292 33
265 2236 344 2309 (ubi:
367 2239 416 2310 qui
436 2237 472 2292 L.
492 2237 594 2293 Flacco
615 2239 777 2298 successerit.
802 2245 860 2292 est:
883 2238 932 2310 qui
952 2245 1039 2292 temen
1060 2237 1150 2292 coelem

88 2320 137 2375 loeo
151 2318 250 2396 sumt)
273 2330 304 2378 et
325 2322 363 2378 ed
386 2323 451 2378 Att.
473 2323 552 2394 XII,
577 2323 627 2393 21,
654 2325 667 2376 1
694 2319 848 2401 (Caesares,
872 2325 920 2396 qui
941 2331 996 2377 tum
1016 2323 1151 2396 praeroso

89 2407 138 2461 leco
157 2403 276 2486 dicerit).

163 2511 270 2566 corpore
290 2487 466 2572 oobqrtctem)
487 2495 647 2567 voluptatem
671 2511 780 2568 corpore
803 2491 896 2550 Gzius
919 2509 935 2547 e
958 2491 1052 2548 tribus
1075 2491 1150 2561 suis;

87 2587 200 2648 quartus
222 2577 348 2634 babebat
369 2581 529 2652 voluptatem
550 2581 677 2652 corperis.
722 2578 837 2636 Vitiose
858 2577 1029 2634 dissolvitur
1044 2578 1150 2634 verbo·

86 2677 143 2718 rum
165 2681 320 2740 compages
347 2663 477 2720 ablativo
505 2663 535 2719 in
563 2662 698 2720 ultimum
720 2663 817 2721 locum
849 2663 975 2734 reiecto,
1009 2671 1040 2719 et
1071 2663 1151 2736 quocl

85 2758 232 2805 crematur
252 2749 354 2805 eadent
377 2767 436 2805 vox
459 2749 503 2805 bis
525 2749 556 2806 in
579 2749 635 2804 fine
658 2750 820 2806 sententiae
843 2749 954 2823 posite,
978 2767 1097 2824 prorsus
1119 2749 1150 2805 in

86 2831 208 2890 eiusdem
234 2834 363 2891 notionis
390 2833 565 2910 repetitione
598 2834 640 2891 sic
667 2835 736 2910 poni
760 2835 855 2891 debet.
899 2835 976 2892 Dav.
999 2854 1014 2890 e
1036 2835 1105 2890 Par.
1132 2835 1146 2890 1

84 2927 109 2972 et
140 2919 158 2975 3
191 2928 327 2977 annotat:
359 2939 469 2995 corpore
496 2923 645 2995 perciperet
676 2923 844 2996 volrrptotem.
895 2919 1014 2977 Scilicet
1036 2918 1150 2976 scribae

84 3004 292 3062 coniunxerunt
313 3025 346 3062 er
368 3025 397 3062 ee
418 3024 535 3080 corpore.
580 3006 706 3062 Delendi
735 3006 870 3062 vocabuli
893 3004 974 3062 nulla
997 3015 1042 3062 est
1062 3005 1149 3074 retio,

83 3105 140 3146 orm
162 3090 221 3148 boe
242 3091 338 3166 ipsum
350 3091 455 3150 Cicero
477 3101 601 3166 premet,
624 3091 755 3167 corporis
778 3110 841 3149 esse
860 3091 941 3148 illem
958 3091 1150 3166 voluptatem.

82 3171 136 3231 cfr.
157 3177 197 3234 N.
224 3177 260 3233 D.
282 3178 307 3246 I,
334 3180 403 3234 111.

157 3264 237 3319 tertio
263 3265 402 3320 corneciaco
429 3265 579 3336 conflixisse
605 3263 682 3336 apud
710 3257 839 3340 Veserim)
874 3281 900 3319 a.
925 3261 986 3318 310
1014 3279 1041 3317 a.
1064 3259 1097 3319 C.
1120 3279 1149 3316 n.

82 3362 138 3402 orm
160 3347 279 3426 collega
299 3349 335 3406 P.
359 3348 467 3419 Decio,
502 3347 551 3422 qui
581 3347 610 3404 in
633 3366 669 3404 eo
691 3348 805 3423 proelio
827 3366 857 3403 se
880 3347 1015 3418 devovit,
1052 3346 1149 3417 ,haud

81 3433 173 3504 procul
197 3433 349 3492 rtsdicibus
361 3433 485 3491 Vesuvii
507 3433 624 3502 montis,
647 3451 707 3507 que
728 3434 777 3490 vie
799 3433 836 3490 ed
847 3433 983 3490 Veserim
1005 3431 1150 3489 ferebat“.

82 3517 152 3586 [liv.
165 3521 262 3590 vm,
288 3521 316 3591 8,
344 3521 406 3592 19).
441 3519 576 3577 Veserim
587 3519 707 3576 fluvium
720 3515 777 3600 (sic
789 3519 919 3595 appellet
931 3519 1036 3576 Victor
1047 3518 1082 3574 de
1095 3517 1150 3574 vir.

80 3601 160 3660 ullust
184 3607 227 3664 26
251 3615 282 3663 et
316 3605 370 3674 28)
405 3606 435 3662 in
468 3606 523 3662 hae
556 3604 723 3662 narratione
746 3623 847 3662 ornnes
876 3605 1041 3674 nominant,
1076 3621 1150 3677 quos

78 3701 225 3749 enumeret
247 3691 337 3768 Beier
357 3691 395 3747 ad
418 3690 479 3750 Cio.
503 3689 561 3750 Off.
580 3691 642 3759 ΙΠ,
670 3692 739 3762 112,
762 3690 833 3748 alibi
856 3709 950 3747 nerno.
1001 3691 1149 3760 Vesperies,

79 3777 166 3834 notius
188 3796 315 3864 norneq,
339 3777 523 3834 subiciebant
544 3777 603 3834 duo
620 3774 689 3835 Gzii
711 3776 794 3834 codd.
817 3785 847 3832 et
868 3786 982 3832 veteres
1005 3774 1149 3849 quaedem

78 3860 134 3917 edd.
177 3864 288 3938 Itaque
310 3863 340 3919 in
363 3881 454 3938 marg.
477 3862 556 3921 Cret.
580 3873 609 3919 et
631 3882 647 3918 e
670 3863 733 3919 cod.
757 3861 835 3919 Vice.
858 3881 960 3919 verum
983 3867 1150 3918 annotatur.

151 3953 245 4006 secturi
261 3943 411 4030 permissit)
445 3949 545 4004 eodem
569 3948 647 4005 bello
669 3956 737 4005 ante
760 3966 902 4024 pugnarn3
926 3947 990 4004 Liv.
1008 3945 1095 4016 VIII,
1120 3947 1150 4016 i,

76 4029 146 4090 Gell.
173 4037 243 4105 IX,
280 4035 333 4105 13,
367 4043 434 4091 cett.
479 4035 579 4092 Ausus
613 4053 676 4091 sum
710 4034 758 4090 bic
791 4034 854 4090 sine
887 4033 1037 4090 codicibus
1070 4030 1149 4110 [eod.

76 4115 284 4196 Glognviensis
306 4120 386 4196 apud
408 4120 559 4177 Baiterum
589 4120 671 4178 nulla
692 4119 853 4176 auctoritas
876 4117 934 4196 est]
957 4117 1149 4175 indicativum

75 4206 240 4276 restituere,
277 4214 311 4262 ut
343 4206 432 4280 paulo
465 4215 532 4262 ante
566 4224 631 4262 curn
659 4205 771 4280 optimo
799 4205 908 4262 codice.
962 4205 1022 4262 Res
1045 4223 1082 4260 ex
1105 4202 1149 4258 hi-

76 4294 157 4348 storia
177 4301 312 4367 sumpta,
338 4291 374 4348 de
397 4309 455 4366 qua
476 4291 631 4361 iudicatur,
655 4291 720 4366 ipsa
736 4290 824 4366 plane
836 4291 968 4348 seiuncta
979 4297 1025 4346 est
1041 4290 1079 4345 ab
1097 4288 1150 4345 illo

75 4379 184 4452 steten
220 4396 261 4436 ac
295 4395 333 4435 ne
365 4376 409 4435 sic
441 4377 558 4452 quidem
586 4377 703 4434 defendi
738 4376 958 4434 coniunctivurn
991 4375 1150 4432 verborum

943 4489 977 4540 4*
