2948 5024
328 383 390 447 688
718 404 762 449 nn
784 405 915 452 rrumus
938 406 1008 452 oon.

327 571 368 648 iol,
391 572 473 652 quod
496 571 629 652 agimus,
662 571 736 636 nihil
759 573 895 638 interest.
945 573 976 638 Si
1005 575 1101 652 enim,
1124 585 1159 639 ut
1181 577 1255 640 mihi
1278 575 1382 658 qrrirlen

327 673 465 752 videtur,
480 693 541 738 non
564 673 668 754 explet
683 675 765 739 bonu
776 683 905 741 namrue
916 677 1069 758 voluptas,
1092 677 1160 742 iure
1178 678 1382 758 praetermissa

328 783 390 855 est;
414 777 461 868 sin
484 783 587 841 nutem
609 785 658 842 est
678 777 709 841 in
733 795 778 855 ea,
801 779 884 858 quod
907 779 1032 860 quidam
1055 780 1176 857 volunt,
1207 780 1281 844 nihil
1303 781 1383 860 impe

327 879 373 942 dit
393 877 473 943 hanc
494 885 633 944 nostrum
654 879 960 960 comprehensionem
982 881 1093 945 summi
1104 881 1193 959 boni;
1228 881 1383 964 queoenin

289 981 494 1046 &constituta
516 987 590 1068 suut
609 981 711 1062 prima
733 987 872 1060 natiuae,
895 984 935 1047 nd
958 1001 995 1048 ea
1017 984 1044 1048 si
1066 984 1211 1065 voluptas
1224 983 1384 1049 mouerent

327 1103 421 1148 unum
449 1084 573 1166 aliquod
606 1083 771 1148 occesserit
805 1086 996 1149 commodum
1024 1087 1165 1168 corporis
1200 1105 1300 1168 neque
1330 1103 1385 1149 eum

327 1187 574 1250 constitutionem
597 1186 706 1250 summi
730 1186 810 1262 boni,
833 1205 913 1268 quae
935 1193 983 1252 est
1004 1189 1175 1269 proposito,
1198 1188 1363 1254 mutaverit

412 1288 511 1352 XVII.
538 1290 589 1353 46.
623 1288 663 1352 Et
684 1289 785 1352 adhue
807 1288 931 1370 quidem
952 1289 996 1354 ita
1018 1291 1105 1355 nobis
1128 1310 1296 1372 progressa
1318 1290 1385 1354 rotio

328 1397 384 1469 est,
407 1398 501 1455 uteo
522 1392 687 1456 duceretur
708 1391 807 1455 omnis
828 1409 848 1454 e
869 1391 971 1472 prima
984 1393 1248 1458 commendatione
1258 1403 1384 1458 numme.

272 1492 311 1554 ill
328 1493 418 1558 Nunc
439 1501 543 1558 autem
564 1493 648 1557 aliud
674 1493 736 1557 iam
762 1495 999 1574 argumentandi
1027 1513 1195 1576 sequemur
1221 1515 1330 1577 genus,
1358 1503 1385 1554 ut

382 1687 402 1734 l.
424 1679 526 1748 [tdqur'd
542 1679 591 1748 En]
628 1680 684 1730 mma·
700 1681 758 1744 quid
775 1681 797 1730 E
833 1686 855 1729 2.
875 1681 898 1731 in
916 1682 1128 1746 repraetermiren
1159 1682 1230 1751 Eb]C
1265 1683 1384 1732 &cium

327 1763 386 1799 lom.
405 1749 835 1807 autemlLPtJROr.,hiccumuotu
844 1751 928 1802 mendi
964 1751 1127 1815 quodquuiem
1153 1752 1222 1818 Eine
1257 1759 1382 1800 incuruo

326 1819 388 1868 lanc
405 1819 515 1872 LPllOr.
562 1821 583 1867 c.
606 1816 709 1886 [aliquid
726 1817 775 1886 Eh]
829 1823 849 1867 7.
866 1820 1047 1885 praepostlolt
1088 1827 1109 1872 8,
1129 1821 1196 1870 nobo
1211 1837 1334 1886 propterea
1350 1835 1383 1865 m·

327 1889 358 1938 tio
376 1889 442 1938 nobie
460 1897 494 1938 eet
513 1887 534 1936 E
573 1891 610 1936 to.
627 1905 701 1952 penne
717 1904 844 1951 soporamur
862 1887 883 1938 C

414 2050 448 2107 Si
468 2055 534 2108 enim
558 2083 598 2090 —
621 2069 672 2106 noo
693 2053 782 2126 cupiet
804 2051 870 2108 borio
883 2061 997 2108 naturae
1020 2070 1076 2120 -;
1098 2053 1139 2107 oin
1162 2062 1250 2108 autem
1272 2045 1337 2126 cet.)
1357 2047 1382 2104 Si

326 2137 463 2211 voluptas
485 2154 543 2193 non
566 2136 667 2210 explet
693 2131 892 2214 (συμπληροῖ)
920 2136 998 2193 bono
1025 2144 1164 2208 naturae,
1197 2148 1230 2194 ut
1256 2137 1316 2194 eine
1341 2133 1382 2191 illo

327 2241 428 2278 eorum
451 2239 589 2278 numerus
611 2221 796 2288 absolvetur,
820 2220 850 2276 id
872 2232 930 2288 est,
959 2223 984 2279 si
1006 2222 1037 2278 in
1059 2221 1096 2279 iie
1118 2239 1176 2279 non
1199 2231 1244 2280 est
1265 2221 1333 2297 (vid.
1352 2217 1382 2274 nd

328 2308 386 2378 111,
400 2306 469 2380 41),
492 2307 555 2363 iure
578 2306 786 2381 praetermissa
809 2317 867 2376 eet3
901 2307 946 2364 ein
969 2316 1066 2364 autem
1090 2307 1120 2364 in
1143 2327 1179 2364 en
1201 2309 1294 2365 estid
1316 2308 1382 2384 (teu-

327 2403 389 2449 tum
413 2391 551 2448 momenti
574 2400 603 2448 et
624 2391 799 2468 dignitatis).
822 2393 900 2465 quod
917 2393 1161 2466 quidamvolunt,
1185 2402 1218 2450 ut
1240 2395 1269 2450 in
1289 2393 1323 2450 iis
1338 2409 1379 2447 nu·

329 2479 468 2535 merendo
489 2477 527 2534 sit
549 2475 621 2556 (vid.
644 2478 682 2534 ad
704 2475 837 2552 1v,59).
859 2477 890 2535 id
911 2478 985 2535 nihil
1008 2478 1132 2554 impedit
1153 2489 1208 2536 eet.
1243 2480 1381 2537 Postremo

327 2564 400 2620 baec
427 2563 518 2620 verba
545 2565 598 2639 (eet
626 2565 652 2619 iu
679 2583 725 2634 ea,
759 2560 847 2640 quod)
878 2581 944 2620 cum
972 2563 1113 2622 Davisius
1141 2583 1200 2622 non
1229 2575 1304 2622 recte
1324 2579 1380 2618 con·

327 2649 485 2717 iunxisset,
519 2659 557 2706 cot
589 2647 719 2706 referens
752 2648 790 2706 od
822 2648 983 2724 voluptatis
1006 2668 1127 2720 nomen,
1163 2651 1253 2707 ceteri
1280 2663 1381 2724 quoque

327 2736 509 2803 aberrarunt,
533 2733 626 2792 Gziue
648 2743 746 2792 autem
769 2733 858 2791 etium
881 2735 981 2810 priora
1002 2736 1095 2792 verbo
1111 2744 1142 2792 et
1153 2753 1269 2792 ornnem
1280 2743 1382 2792 senten·

328 2819 397 2876 tiern
419 2820 631 2877 incredibiliter
652 2819 803 2895 pervertit.
847 2819 938 2877 Recte
965 2821 1062 2877 locum
1090 2822 1241 2878 enarravit
1268 2818 1382 2901 [Ingens-

326 2906 421 2962 levius
443 2915 558 2963 nostres
581 2901 624 2984 et]
646 2905 782 2962 Klotziue
805 2905 835 2962 in
858 2905 991 2979 Quaestt
1003 2906 1082 2964 Tull.
1100 2925 1128 2981 p.
1149 2907 1200 2978 79,
1223 2925 1305 2980 quem
1321 2903 1381 2962 Otto

327 3000 445 3048 secutus
467 2999 521 3048 est.
565 2992 645 3048 Bona
667 3001 780 3048 natiuae
801 2989 873 3048 Piso
896 2991 976 3062 dicit,
1000 3010 1076 3065 quae
1098 2991 1170 3048 alibi
1194 2992 1299 3068 prima3
1325 3007 1380 3044 uem

327 3095 345 3133 a
366 3076 572 3152 Peripateticis
595 3077 679 3134 bonis
702 3077 980 3134 annumerabuntur.
1012 3077 1073 3134 Pro
1085 3079 1111 3134 ei
1120 3080 1188 3133 enim
1210 3077 1278 3134 Bae.
1295 3077 1381 3133 sintin

327 3171 379 3228 ent,
404 3161 518 3220 (tunt
543 3165 655 3219 sienim
672 3165 715 3218 m't.
748 3162 845 3218 Autem
867 3172 935 3237 poet
956 3166 997 3219 oin
1017 3181 1055 3219 ex
1082 3162 1144 3218 Erl.
1164 3161 1210 3240 [et
1227 3161 1267 3241 B]
1289 3156 1382 3218 addidi.

327 3248 404 3304 Tum
425 3267 479 3323 pro
502 3247 717 3308 contractumnc
746 3247 776 3303 in
799 3246 877 3322 Spin.
900 3247 994 3306 Gzius
1021 3247 1064 3304 ait
1090 3265 1155 3304 esee
1185 3258 1299 3305 uestrum
1325 3247 1382 3302 loru

327 3342 455 3403 nicotrum,
478 3334 508 3391 in
531 3332 593 3390 Erl.
615 3342 734 3390 noctram
757 3334 825 3389 harre
847 3343 974 3404 noctium,
996 3333 1027 3388 in
1050 3331 1129 3391 Gnd.
1151 3335 1164 3390 1
1190 3345 1304 3390 vescam
1325 3333 1382 3387 lusu

326 3429 402 3476 ecem.
435 3417 587 3496 [Baiterus
609 3418 671 3475 Erl.
694 3427 724 3474 et
746 3418 771 3475 B
794 3419 863 3475 lonc
885 3428 1003 3476 noemam
1020 3418 1128 3475 habero
1152 3419 1269 3485 scribit,
1296 3418 1382 3490 itaque

327 3500 429 3582 edidi]
476 3502 615 3572 Qrcoeclum
636 3503 703 3560 illos
726 3504 796 3561 Piso
809 3503 978 3579 Epicurum,
991 3503 1220 3578 Calliphontem,
1234 3504 1382 3562 Diodorum

327 3588 479 3664 signifieat.
530 3590 603 3646 Mox
631 3589 662 3645 in
690 3589 788 3646 verbis
810 3609 892 3646 uuum
913 3591 1026 3664 aliquod
1046 3593 1188 3646 ncrcesm't
1210 3599 1266 3646 cet,
1288 3585 1383 3664 signit-

326 3683 410 3732 cutur
431 3673 552 3732 effeetus
573 3673 690 3732 ibturne
712 3675 836 3732 aetionis
857 3675 914 3750 ipsi
936 3683 1068 3750 tempore
1091 3675 1234 3750 nequaliS,
1257 3684 1323 3732 noto
1338 3687 1383 3728 usu

326 3759 418 3818 futuri
440 3760 547 3830 execti,
570 3760 606 3818 do
629 3761 712 3818 cuiue
733 3761 847 3818 ratione
869 3760 932 3817 dixi
959 3760 990 3817 in
1013 3761 1121 3836 disput.
1149 3761 1185 3817 de
1207 3759 1309 3818 formis
1329 3755 1384 3832 qui·

326 3846 448 3904 busdam
471 3846 553 3903 verbi
576 3847 652 3918 Lau,
675 3845 890 3922 Opuec.Acad.
903 3845 974 3922 11p.
987 3847 1026 3902 82
1050 3864 1114 3920 sqq.

412 3930 484 4008 Cep.
506 3933 610 3996 XVII,
634 3933 685 3989 46.
718 3931 799 3988 Nune
825 3941 912 3988 nutem
940 3934 1017 3989 uliud
1043 3935 1096 3988 ianr
1124 3931 1328 4005 arpumeutnudi
1350 3945 1383 3982 se·

327 4036 443 4092 quanurr
461 4016 559 4092 porrus)
582 4017 658 4074 Mire
680 4035 789 4074 novum
811 4036 903 4093 genus
925 4017 1030 4076 Cicero
1053 4025 1152 4092 putat,
1176 4016 1255 4091 quod
1277 4027 1382 4092 prorsus

326 4102 404 4159 idern
426 4111 479 4160 est.
523 4102 597 4176 Quis
619 4103 696 4160 enim
719 4121 777 4160 non
800 4103 889 4172 videt,
912 4121 970 4159 non
993 4102 1074 4174 ideo,
1109 4102 1187 4176 quod
1217 4102 1381 4177 singulorum

327 4195 448 4246 naturae
476 4188 603 4264 partium
626 4207 679 4245 eun
700 4187 746 4244 vie
768 4187 815 4257 eit,
838 4207 892 4246 noe
914 4187 1035 4249 moveri,
1059 4187 1119 4254 sed,
1142 4187 1222 4261 quod
1243 4205 1296 4244 nos
1316 4193 1381 4241 toton

327 4272 491 4350 diligamuS,
514 4273 580 4332 ideo
603 4283 702 4349 purten
724 4274 813 4330 etiem
836 4273 958 4350 diligere
981 4281 1012 4330 et
1032 4272 1063 4330 id
1085 4283 1235 4348 expetere,
1259 4270 1332 4346 qnod
1352 4265 1382 4322 ad

325 4357 408 4416 illam
430 4359 570 4434 cuiusque
592 4359 685 4435 partie
707 4359 767 4416 vim
789 4368 890 4436 aptum
913 4357 972 4417 eit?
1020 4359 1127 4432 Itaque
1157 4376 1225 4415 mox
1247 4357 1316 4415 Piso
1336 4354 1383 4410 boc
