2948 5024
259 385 291 430 nr
312 385 391 432 nnn.
415 385 478 431 nm.
501 385 522 431 v
545 385 617 430 cnr.
642 386 752 432 ae-ao.
975 367 1035 431 767

52 574 88 620 res
105 573 209 636 qmeqm
225 555 262 632 sit,
280 591 315 599 -
338 555 363 619 si
385 553 525 620 homines
547 561 661 632 essent,
684 554 800 618 usitate
821 553 1035 635 loquerentur;

52 693 78 704 -
96 658 151 721 dm
167 675 206 722 res
222 664 353 737 maneant,
374 658 470 722 verba
490 655 612 738 fingant
633 655 787 721 arbitratu
809 674 875 721 sno.
1044 647 1046 650 ’

91 759 165 824 XXX
186 759 399 826 obsessuro
420 759 697 826 adinconstantiee
707 760 831 838 crimen,
854 778 893 824 ne
910 759 1036 840 saepius

52 863 106 927 icas
126 881 164 927 ne
185 862 312 942 aberrare;
335 881 428 945 quam
450 870 485 926 tu
507 862 598 943 ponis
619 862 652 926 in
673 861 794 940 verbiS,
822 879 879 943 ego
901 861 1037 942 positam

52 984 103 1029 tre
119 965 241 1045 putabam.
276 964 304 1030 Si
326 965 403 1030 satis
425 965 484 1030 erit
505 964 564 1029 hoc
584 968 781 1045 perceptum,
808 963 840 1028 in
863 982 924 1045 quo
946 963 1035 1029 adiu·
1053 963 1074 1030 5

52 1086 99 1132 res
117 1067 211 1132 Stoica
228 1067 514 1148 optimoshebemus,
538 1072 657 1131 tanam
680 1067 742 1130 vim
764 1067 979 1145 essentitatis,
1000 1071 1037 1130 ut

52 1171 116 1246 mia,
141 1170 162 1234 si
179 1188 209 1234 ex
226 1169 310 1234 altera
331 1177 422 1251 parte
443 1175 614 1252 ponantur,
648 1188 687 1234 nc
708 1177 882 1250 appareant
903 1169 1036 1251 quidem,

79 1363 85 1404 t
111 1359 193 1422 sctpro
207 1358 316 1420 arsatii
369 1362 391 1406 2.
412 1358 546 1408 mamati]
590 1357 725 1423 firayuml,
779 1361 801 1404 3.
820 1365 845 1405 et
863 1365 917 1422 <pro
935 1365 973 1418 ne)
991 1355 1036 1405 EC

52 1426 207 1490 oraeceptamb
239 1430 257 1475 7.
273 1425 327 1490 qaid
344 1425 366 1474 E

53 1637 75 1674 ar
94 1620 163 1692 loqui,
184 1620 268 1692 quanti
284 1620 404 1693 quidque
425 1620 460 1674 eit
482 1615 576 1694 (quod
598 1617 675 1675 enim
699 1617 734 1674 de
747 1618 914 1674 rumoribus
936 1625 988 1673 ant
1004 1634 1036 1673 re

52 1723 81 1780 go
101 1703 195 1761 tradita
214 1703 323 1761 dicitur:
346 1705 462 1760 boniaco
484 1705 638 1777 benemar,
661 1704 806 1760 Antonium
827 1705 940 1762 Casilini
959 1721 1036 1758 man·

53 1811 88 1857 tro,
109 1797 167 1846 aut:
187 1791 299 1846 lamae
310 1792 464 1864 mouentur,
488 1789 620 1864 Scipionis
637 1792 754 1846 comitem
766 1791 926 1846 Panaetium
935 1790 1035 1862 scisse,

52 1876 147 1940 :issima
167 1875 228 1932 hine
248 1875 361 1950 distat);
384 1875 435 1950 qai
457 1875 570 1950 aliquid
592 1894 629 1932 ex
651 1893 683 1931 re
706 1874 931 1951 intellegebant,
955 1873 1035 1932 vide·

53 1983 62 2019 ’.
83 1960 285 2036 perversissime
297 1961 435 2019 Pisonem
447 1961 607 2037 postulare,
621 1969 662 2030 ut,
691 1961 793 2036 quanti
805 1960 934 2036 quidque
948 1967 1035 2030 esset,

56 2067 79 2102 m
101 2047 181 2104 modo
201 2046 364 2123 philosophi
386 2046 532 2122 etvulgue
554 2045 889 2104 hominumindicarent.
913 2045 1035 2120 (Gaium

53 2142 94 2188 ter
113 2132 297 2208 ignorantiam
320 2141 350 2189 et
372 2141 520 2208 stuporem
543 2132 617 2188 nihil
639 2130 775 2202 offendit,
798 2141 829 2188 et
849 2132 953 2202 habet,
988 2130 1036 2188 cui

52 2219 185 2292 pretende
207 2217 380 2288 satisfaciat,
415 2216 578 2294 Ottonem.)
623 2219 729 2293 Itaque
757 2217 825 2274 inde
853 2236 871 2274 a
900 2216 1034 2288 Derieis,

52 2303 184 2375 remedio,
198 2304 269 2360 haec
280 2305 385 2362 verba:
402 2307 499 2378 quanti
509 2305 628 2378 quidque
638 2306 673 2360 sit
690 2303 848 2374 tollebant3
871 2321 925 2361 nec
938 2312 1035 2360 temen

56 2400 101 2446 tur
122 2389 273 2466 cogitasse,
296 2408 355 2465 quo
377 2388 537 2446 referretur
565 2397 595 2447 et
618 2390 665 2446 oui
687 2389 1036 2465 contrarieresponderet

70 2477 128 2532 sed
148 2495 207 2532 orem
228 2479 381 2546 constiterat,
404 2479 500 2550 quanti
520 2495 642 2550 quaeque
663 2495 706 2531 res
728 2479 770 2532 sit.
810 2475 926 2532 Deinde
942 2474 1035 2532 Davi·

52 2572 70 2616 et
90 2561 247 2618 Ernestius
259 2562 348 2620 etiam
360 2561 425 2618 illa:
447 2563 474 2617 ei
483 2562 600 2618 homines
611 2594 653 2602 —
665 2563 835 2635 toqueretur
846 2560 1034 2631 damnabant,

52 2667 76 2703 m
103 2647 262 2704 verborum
284 2648 439 2717 rationem,
463 2646 586 2718 anio,
610 2647 665 2703 etsi
688 2645 874 2718 defendebat,
897 2663 1035 2721 nonper-

53 2752 90 2803 m,
116 2731 296 2791 Schuetzius
318 2731 467 2790 intellexit
489 2741 519 2788 at
534 2731 596 2789 lere
613 2741 692 2789 recte
715 2732 885 2808 explicavit
929 2729 1034 2810 (Quid-

53 2837 90 2874 ro
114 2820 241 2893 qm'dquc
258 2819 376 2876 codices
390 2817 555 2888 Davisiani,
579 2817 669 2888 Oxx,
693 2825 753 2875 tres
765 2818 943 2875 recentiores
955 2815 1033 2888 Gaii,

53 2904 158 2972 etorii;
195 2903 257 2962 vid.
282 2904 320 2961 ad
349 2901 441 2982 524.)
485 2900 525 2984 [B
553 2906 578 2960 ai
604 2905 720 2960 bominac
742 2907 768 2960 si
799 2906 909 2974 usr'tate3
943 2903 1033 2960 semel

52 3001 163 3060 esunt,
189 3009 271 3065 quae
284 2991 331 3047 bis
354 2989 443 3047 scribi
466 2990 621 3060 debebant,
645 2989 761 3046 litterae
778 3008 820 3058 ee3
848 2988 953 3046 deinde
976 2998 1034 3047 cent

52 3074 109 3152 mr

52 3181 93 3237 tp.
118 3162 238 3236 XXX,
266 3160 317 3217 90.
351 3160 515 3236 aeeacpr'us)
537 3160 635 3217 Etiam
658 3159 735 3235 Spir.
758 3157 893 3236 ut[Bul]
916 3163 1033 3236 eamme,

52 3247 118 3304 lzio
150 3247 185 3303 in
217 3255 354 3303 mentem
381 3247 477 3302 venit:
511 3256 539 3302 ut
571 3265 603 3303 ae
624 3248 745 3320 saepiam
780 3255 810 3302 et
831 3246 930 3322 posuit
951 3255 980 3302 ut
1001 3266 1034 3304 ne

52 3334 84 3389 in
113 3333 174 3390 tali
200 3331 329 3390 consilii
351 3332 493 3389 orationis
516 3331 793 3407 significationepro
806 3330 891 3390 Caec.
906 3332 955 3401 95,
978 3350 1033 3407 pro

52 3463 58 3475 .
88 3420 130 3476 de
158 3418 202 3475 N.
217 3419 304 3485 D.1‚
321 3419 368 3474 17.
412 3419 485 3475 Mox
508 3421 618 3492 optimos
641 3417 736 3474 omitti
765 3417 874 3475 dicitur
900 3417 930 3474 in
953 3416 1032 3476 Gud.

66 3515 101 3562 et
128 3505 210 3562 Bas.
240 3504 300 3581 (ex
312 3503 388 3572 aliis,
412 3511 444 3560 ut
456 3521 493 3559 ex
506 3502 589 3573 meis,
611 3503 685 3559 nihil
697 3502 839 3580 notatur),
863 3512 892 3561 et
904 3502 1032 3561 deletum

55 3589 187 3659 Gzius;
215 3591 306 3648 Dav.
329 3589 435 3646 tacite:
458 3588 561 3645 Stoicos
572 3591 708 3646 odiretorcs
720 3593 845 3664 optimam
869 3609 926 3648 non
941 3588 1032 3647 offen-

52 3696 79 3733 ιε
113 3677 210 3733 idern
246 3675 337 3746 ordo,
366 3674 390 3732 si
413 3675 469 3732 hoo
491 3674 645 3750 legissent:
678 3677 826 3732 adirrtorcm
855 3687 879 3733 te
906 3679 1032 3752 aptivam

52 3763 64 3818 l
96 3761 246 3819 Latinas
261 3779 354 3818 aures
365 3760 431 3832 hoe,
446 3761 669 3837 quodlegimus,
692 3761 793 3818 eodem
812 3763 899 3819 modo
916 3762 1032 3834 accidit,

53 3867 93 3904 us
124 3847 281 3904 divulsis
305 3847 474 3903 interventu
485 3846 616 3904 eiusdem
628 3864 712 3904 casus
724 3855 845 3922 propter
856 3867 992 3906 numeros
1004 3858 1034 3906 et

54 3954 79 3990 m
98 3932 283 3990 orationis
308 3932 493 3989 substantivo
506 3940 535 3988 et
551 3932 697 3989 adiectiro
709 3951 796 4007 qnam
809 3933 838 3989 in
851 3933 913 3990 his:
936 3935 1032 4008 quibas

54 4020 269 4075 *creditam
295 4021 423 4074 sema'tute
444 4037 600 4092 werram
628 4021 708 4074 bault
730 4021 901 4075 civitatem
929 4021 1031 4095 (Tusa.

53 4105 90 4160 in
108 4104 172 4161 his
188 4104 279 4180 (pro
293 4102 411 4162 Cluent.
429 4101 495 4182 12):
507 4123 560 4178 quo
571 4107 638 4160 car'm.
650 4113 688 4160 est
705 4107 791 4179 absum
809 4124 920 4161 nomen
937 4125 1030 4162 arnan·

54 4193 251 4264 teretiusque
280 4199 479 4261 scoternam,
502 4189 626 4263 aliisque
649 4190 801 4246 similibus.
847 4191 942 4247 Panlo
965 4201 1032 4266 post

53 4277 116 4332 llis
132 4280 228 4332 satas
244 4295 354 4350 maqao
365 4278 532 4333 aestimanda
543 4275 660 4332 videtur
671 4283 772 4350 aperte
783 4276 941 4352 significari
949 4267 1032 4351 ἱκανὴ

53 4383 82 4418 n
115 4362 182 4420 his
214 4361 327 4419 rebus
350 4380 368 4418 a
391 4360 498 4420 Stoicis
521 4361 661 4418 tributam
679 4361 806 4419 vidimus
828 4362 866 4418 ad
887 4363 1009 4434 111,51.
