3034 5030
262 383 327 448 412
656 400 701 446 on
723 399 854 446 rmmus
877 399 948 445 acu.
984 391 987 398 '

266 586 323 632 nos
346 587 441 631 unum
464 575 582 632 certum
595 567 701 630 uitium
720 567 1236 645 cousuetudoLatinatraduaeret;
1259 587 1348 633 nuuc

265 669 346 733 amni
370 669 477 733 virtuti
500 669 607 732 vitium
630 669 786 732 contrario
816 669 937 733 nomine
964 668 1142 750 opponitur.
1186 671 1237 734 41.
1261 670 1346 733 Tum

265 770 329 834 ille:
353 769 411 834 His
428 771 523 852 igitur
544 770 587 834 ita
609 770 729 850 positis,
751 769 861 851 inquit,
884 771 1025 851 sequitur
1047 789 1160 852 magna
1177 770 1347 848 contentio,

264 889 358 951 quam
381 879 546 937 tractatam
568 891 587 936 a
608 871 823 951 Peripateticis
835 872 956 937 mollius
978 875 1041 948 (est
1056 874 1137 937 enim
1149 891 1345 937 eorumcon-

226 979 247 1040 5
266 974 397 1038 suetudo
424 973 547 1038 dicendi
574 993 635 1037 non
658 974 735 1038 satis
762 981 854 1038 acuta
875 981 1005 1054 propter
1026 975 1253 1056 ignorationem
1274 974 1345 1037 dia-

183 1071 189 1090 '
263 1074 402 1156 lecticae)
431 1075 606 1140 Carneades
633 1081 707 1140 tuus
734 1075 859 1156 egregia
892 1077 1025 1156 quadam
1058 1075 1277 1140 exercitatione
1309 1075 1344 1138 in

265 1177 431 1242 dialecticis
454 1195 636 1258 summaque
658 1176 833 1258 eloquentia
856 1195 920 1241 rem
947 1177 978 1242 iu
1002 1195 1155 1241 summum
1176 1177 1344 1241 discrimen

266 1279 405 1356 adduxit,
427 1287 596 1360 propterea
618 1279 702 1358 quad
722 1293 864 1359 pugnare
887 1297 948 1342 non
971 1279 1103 1357 destitit,
1125 1279 1156 1342 in
1180 1279 1261 1343 omni
1283 1279 1347 1342 hac

338 1486 357 1534 l,
376 1481 419 1530 hoc
438 1492 491 1546 lpro
511 1489 578 1540 rauna)
599 1481 718 1530 LPMCR
759 1485 783 1534 8.
804 1479 848 1548 [tis
867 1497 914 1529 orn.
937 1480 970 1548 A]
1022 1489 1045 1530 ⁴.
1064 1490 1290 1546 qrraepertractnta
1308 1490 1347 1531 eat

267 1549 310 1598 LO
366 1547 470 1614 [raolliar
488 1549 533 1617 tlh]
590 1567 667 1598 corum
686 1551 775 1598 omli
829 1555 852 1601 5.
871 1549 1072 1600 decendium?
1117 1554 1140 1601 6,
1159 1549 1271 1600 «Gracia
1280 1567 1346 1614 qua·

265 1617 321 1667 uam
342 1616 434 1684 [aar
471 1624 495 1670 a,
514 1617 586 1683 [aa
605 1619 638 1682 A}

351 1811 420 1846 rrrcuc
443 1795 513 1846 omni
533 1787 639 1870 virtuti)
673 1791 722 1846 Sic
741 1791 867 1847 Manutii
895 1790 971 1847 liber
993 1801 1091 1859 vetus,
1126 1811 1183 1867 mg.
1207 1789 1303 1862 Crat,
1328 1810 1346 1847 e

265 1875 330 1933 Pal.
347 1879 359 1932 l
386 1875 473 1934 Grut.
487 1883 516 1932 et
527 1875 715 1944 recentiores,
730 1875 806 1950 Spir.
820 1873 885 1952 [B].
909 1876 969 1931 Hoc
980 1873 1060 1933 Oxx.
1083 1884 1113 1931 et
1135 1876 1203 1934 Gaii
1226 1876 1346 1950 reliqui.

352 1963 401 2017 41.
426 1981 507 2034 qaam
530 1971 672 2016 tractatam
686 1993 726 2002 -·
743 1963 896 2017 (baccadas
919 1993 960 2000 -
984 1960 1052 2037 rem)
1076 1961 1126 2018 Sic
1137 1962 1213 2019 Pali.
1229 1964 1254 2028 1,
1268 1963 1298 2028 4,
1314 1961 1345 2028 5,

266 2047 350 2102 Parr.
369 2048 395 2111 l,
410 2047 436 2102 3.
450 2046 558 2111 Mera,
572 2045 649 2120 Spir.
657 2041 721 2125 [B]
735 2044 813 2103 Gud.
828 2048 861 2113 23
884 2046 1013 2102 restituit
1024 2046 1105 2120 (post
1119 2047 1144 2102 R
1156 2057 1185 2102 et
1197 2047 1347 2120 Marsum)

265 2129 423 2188 Gruterus.
468 2131 585 2204 Reliqui
608 2131 691 2188 codd.
720 2130 871 2208 (universe
899 2149 949 2187 eos
977 2130 1108 2206 appellat
1131 2133 1221 2200 Dam,
1252 2130 1346 2199 Oxx.,

266 2215 345 2273 Gud.
371 2217 385 2270 1
411 2225 441 2272 et
463 2217 560 2288 Bas.):
583 2235 652 2288 quae
670 2227 841 2290 pertractata
862 2225 915 2281 art,
950 2215 1028 2289 quod
1051 2215 1166 2272 etiamsi
1192 2215 1346 2272 meliorem

266 2300 471 2357 auctoritatem
495 2301 626 2367 haberet,
650 2301 721 2357 ferri
745 2320 801 2358 non
815 2311 923 2376 posset,
947 2300 1025 2374 quod
1048 2319 1154 2357 novam
1168 2301 1346 2357 sententiam

265 2385 295 2442 in
319 2387 417 2442 verbis
443 2387 598 2442 (brrreades
620 2395 674 2442 cet.
720 2385 824 2444 Cicero
852 2404 910 2442 non
944 2397 1004 2442 tam
1032 2387 1156 2461 abrupte
1184 2403 1347 2442 exorsurus

265 2478 330 2527 erat
350 2489 404 2527 uec
427 2471 478 2528 illo
501 2472 658 2528 verborum
682 2471 792 2528 ordine.
822 2471 956 2527 Alteram
981 2471 1165 2544 scripturam,
1189 2488 1264 2544 quae
1286 2469 1348 2527 fnit

265 2556 295 2634 ip
319 2556 419 2612 codice
442 2557 592 2631 primario,
616 2556 753 2612 Bromius
775 2565 804 2611 et
827 2556 1005 2612 recentiores
1028 2556 1196 2612 anacoluthi
1220 2573 1346 2612 excusa·

265 2641 346 2698 tione
369 2641 544 2707 defendunt:
574 2659 650 2716 quae
673 2651 770 2698 tamen
794 2659 830 2697 an
854 2659 912 2696 non
935 2639 1076 2700 sufficiat.
1111 2659 1168 2697 non
1197 2641 1347 2696 immerito

266 2726 391 2784 dubites.
419 2727 696 2797 Namutomittam,
720 2726 829 2782 nullam
853 2726 882 2781 in
896 2735 953 2781 tarn
979 2726 1062 2781 brevi
1083 2725 1251 2800 parenthesi
1280 2745 1347 2781 mu-

266 2811 372 2868 tandae
385 2812 611 2868 constructionis
629 2829 745 2868 causam
770 2811 860 2868 fuisse
884 2809 1001 2886 (referri
1030 2810 1106 2866 enim
1136 2819 1249 2885 potest,
1284 2829 1345 2866 non

265 2896 358 2953 multo
386 2897 524 2952 maiorem
554 2895 646 2954 fuisse
675 2901 689 2966 ξ
717 2899 769 2959 11,
809 2914 985 2970 quamquam
1014 2895 1055 2952 ibi
1078 2896 1138 2952 alia
1160 2905 1222 2952 erat
1245 2913 1347 2971 causa,

264 2991 305 3042 ut.
329 2981 421 3038 ascito
443 2982 535 3038 verbo
557 2983 684 3046 arbitror,
710 2981 877 3043 modestius.
902 2999 988 3054 quam
1012 2990 1117 3056 coepta
1139 2989 1225 3048 esset,
1249 2981 1347 3037 oratio

267 3063 416 3145 liniretur)
429 3099 468 3109 —
487 3067 538 3124 sed
560 3077 594 3124 ut
615 3068 671 3124 hoc
694 3067 842 3131 omittam,
866 3066 960 3123 oratio
979 3085 1037 3122 non
1060 3075 1205 3136 mutatur,
1229 3065 1280 3122 sed
1302 3066 1349 3122 ita

265 3153 367 3210 eadem
391 3151 487 3208 forma
509 3153 707 3222 continuatur,
730 3163 771 3213 ut.
795 3153 821 3208 si
843 3152 997 3208 sustuleris
1020 3171 1089 3213 rent,
1120 3152 1219 3208 omnia
1241 3151 1347 3208 ordine

266 3237 441 3315 procedant;
476 3237 581 3294 deinde
616 3238 679 3312 ipse
707 3239 779 3294 ordo
807 3238 964 3294 verborum
995 3236 1170 3314 (Carneades
1193 3247 1255 3293 taus
1277 3245 1346 3304 cet,

267 3323 400 3380 subiecto
423 3323 508 3380 initio
520 3323 631 3398 posito)
655 3323 772 3378 minime
791 3333 877 3398 aptus
900 3322 1017 3378 videtur
1039 3322 1165 3378 orationi
1187 3330 1255 3397 post
1276 3341 1348 3396 par-

266 3408 400 3464 enthesin
430 3409 459 3464 in
490 3407 577 3464 aliam
601 3407 725 3465 formam
749 3407 929 3473 transeunti,
964 3407 1014 3463 sed
1042 3407 1164 3481 periodo
1192 3415 1271 3463 reete
1294 3406 1349 3462 de-

265 3493 404 3550 currenti.
448 3493 586 3550 Tollendi
611 3493 722 3555 mendi,
746 3493 770 3549 si
793 3493 929 3548 mendum
953 3503 1007 3552 est,
1030 3491 1141 3568 duplex
1163 3501 1208 3548 est
1230 3491 1288 3553 via.
1312 3501 1349 3548 ut

266 3587 318 3636 aut
340 3597 405 3634 cum
419 3577 539 3654 Guyeto
554 3579 713 3634 scribatur:
736 3598 791 3652 qua
815 3588 940 3636 tractata.
963 3587 1023 3643 aut,
1047 3595 1106 3650 quo
1118 3577 1211 3653 magis
1223 3577 1346 3645 inclino,

266 3664 401 3720 deleatur
424 3683 492 3730 rem;
516 3681 593 3732 nam.
617 3663 667 3737 qui
690 3663 827 3719 subtilius
849 3662 1076 3737 haecexegerit,
1098 3663 1236 3738 reperiet,
1260 3660 1348 3719 Cice-

266 3767 368 3806 ronem
401 3749 454 3806 illo
488 3748 619 3804 ablativo
647 3749 677 3804 in
706 3749 861 3805 contrariis
889 3747 1101 3822 coniungendis
1130 3757 1159 3803 et
1182 3747 1348 3803 mutatione

266 3835 460 3910 significanda
482 3853 539 3890 non
562 3833 650 3890 facile
663 3833 704 3889 uti
729 3835 800 3906 (cam
819 3843 885 3888 essct
897 3843 1012 3888 tractata
1026 3835 1137 3889 rivalitas.
1165 3829 1347 3909 Commodes).

267 3919 354 3992 Quod
377 3919 495 3979 Stoicus
518 3919 725 3994 Peripateticis
748 3919 919 3975 dialecticae
941 3917 1155 3992 ignorationem
1178 3917 1284 3974 obicit.
1309 3917 1349 3973 de

266 4003 311 4065 iis.
335 4005 385 4078 qui
410 4013 475 4080 post
497 4004 736 4078 Theophrastum
759 4003 888 4063 merant,
912 4021 969 4058 non
982 4002 1129 4058 immerito
1148 4001 1205 4058 dici
1218 4002 1348 4072 ridetur,

265 4106 339 4162 quos
362 4089 471 4148 Strabo
482 4089 563 4146 XIII
586 4109 614 4164 p.
639 4091 698 4145 609
723 4088 849 4146 Casaub.
872 4087 912 4144 ait
936 4105 993 4143 non
1016 4087 1147 4161 potuisse
1170 4084 1351 4156 φιλοσοφεῖν

265 4171 485 4250 πραγματικῶς,
510 4165 587 4230 dttd
611 4167 710 4238 θέσεις
732 4167 909 4247 ληκυθίζειν,
937 4189 1115 4245 quamquam
1138 4171 1167 4228 in
1190 4170 1350 4245 perturba·

267 4257 397 4314 tionibus
430 4258 520 4315 anirni
550 4259 753 4331 similibusque
777 4257 864 4314 rebus
892 4275 950 4314 non
973 4255 1036 4312 sine
1064 4273 1153 4312 causa
1176 4254 1348 4313 Stoicorum

266 4345 361 4416 spinas
380 4346 524 4418 partiendi
544 4354 569 4400 et
591 4345 734 4416 clep'aiemli
751 4343 998 4417 praetermittebant
1020 4341 1123 4418 (Tusa.
1144 4341 1200 4398 lv.
1226 4336 1269 4418 9).
