<?xml version="1.0" encoding="UTF-8"?>
<!DOCTYPE html PUBLIC "-//W3C//DTD XHTML 1.0 Transitional//EN"
    "http://www.w3.org/TR/xhtml1/DTD/xhtml1-transitional.dtd">
<html xmlns="http://www.w3.org/1999/xhtml" xml:lang="en" lang="en">
 <head>
  <title>
</title>
<meta http-equiv="Content-Type" content="text/html;charset=utf-8" />
  <meta name='ocr-system' content='tesseract 3.04.00' />
  <meta name='ocr-capabilities' content='ocr_page ocr_carea ocr_par ocr_line ocrx_word'/>
</head>
<body>
  <div class='ocr_page' id='page_1' title='image "./definibusbonoru04cicegoog_0320.png"; bbox 0 0 2956 5028; ppageno 0'>
   <div class='ocr_carea' id='block_1_1' title="bbox 313 405 998 470">
    <p class='ocr_par' dir='ltr' id='par_1_1' title="bbox 313 405 998 470">
     <span class='ocr_line' id='line_1_1' title="bbox 313 405 998 470; baseline -0.001 -2"><span class='ocrx_word' id='word_1_1' title='bbox 313 405 376 468; x_wconf 74' lang='lat'><strong>242</strong></span> <span class='ocrx_word' id='word_1_2' title='bbox 705 423 750 469; x_wconf 84' lang='lat' dir='ltr'><strong>nn</strong></span> <span class='ocrx_word' id='word_1_3' title='bbox 772 421 904 470; x_wconf 68' lang='lat' dir='ltr'><strong>animus</strong></span> <span class='ocrx_word' id='word_1_4' title='bbox 926 423 998 468; x_wconf 78' lang='lat' dir='ltr'><strong>sou.</strong></span> 
     </span>
    </p>
   </div>
   <div class='ocr_carea' id='block_1_2' title="bbox 275 588 1397 1281">
    <p class='ocr_par' dir='ltr' id='par_1_2' title="bbox 275 588 1397 1281">
     <span class='ocr_line' id='line_1_2' title="bbox 312 588 1393 673; baseline 0.002 -19"><span class='ocrx_word' id='word_1_5' title='bbox 312 589 410 654; x_wconf 90' lang='lat' dir='ltr'><strong>multa</strong></span> <span class='ocrx_word' id='word_1_6' title='bbox 431 607 506 656; x_wconf 90' lang='lat' dir='ltr'><strong>vero</strong></span> <span class='ocrx_word' id='word_1_7' title='bbox 527 588 641 657; x_wconf 84' lang='lat' dir='ltr'><strong>iniuste</strong></span> <span class='ocrx_word' id='word_1_8' title='bbox 662 588 730 655; x_wconf 88' lang='lat' dir='ltr'><strong>lieri</strong></span> <span class='ocrx_word' id='word_1_9' title='bbox 759 595 907 673; x_wconf 84' lang='lat' dir='ltr'>possunt,</span> <span class='ocrx_word' id='word_1_10' title='bbox 940 607 1021 672; x_wconf 88' lang='lat' dir='ltr'><strong>quae</strong></span> <span class='ocrx_word' id='word_1_11' title='bbox 1048 608 1138 654; x_wconf 93' lang='lat' dir='ltr'><strong>nemo</strong></span> <span class='ocrx_word' id='word_1_12' title='bbox 1160 590 1261 671; x_wconf 85' lang='lat' dir='ltr'><strong>possit</strong></span> <span class='ocrx_word' id='word_1_13' title='bbox 1281 607 1393 672; x_wconf 87' lang='lat' dir='ltr'><strong>repre-</strong></span> 
     </span>
     <span class='ocr_line' id='line_1_3' title="bbox 312 690 1395 772; baseline 0.001 -16"><span class='ocrx_word' id='word_1_14' title='bbox 312 691 463 758; x_wconf 82' lang='lat' dir='ltr'><strong>henderet</strong></span> <span class='ocrx_word' id='word_1_15' title='bbox 507 691 558 756; x_wconf 80' lang='lat'><strong>58.</strong></span> <span class='ocrx_word' id='word_1_16' title='bbox 592 690 626 756; x_wconf 89' lang='lat' dir='ltr'><strong>Si</strong></span> <span class='ocrx_word' id='word_1_17' title='bbox 658 697 690 756; x_wconf 90' lang='lat' dir='ltr'><strong>te</strong></span> <span class='ocrx_word' id='word_1_18' title='bbox 723 692 841 757; x_wconf 89' lang='lat' dir='ltr'><strong>amicus</strong></span> <span class='ocrx_word' id='word_1_19' title='bbox 873 697 946 757; x_wconf 89' lang='lat' dir='ltr'><strong>tuus</strong></span> <span class='ocrx_word' id='word_1_20' title='bbox 979 691 1116 756; x_wconf 92' lang='lat' dir='ltr'><strong>moriens</strong></span> <span class='ocrx_word' id='word_1_21' title='bbox 1148 691 1320 772; x_wconf 79' lang='lat' dir='ltr'><strong>rogaverit,</strong></span> <span class='ocrx_word' id='word_1_22' title='bbox 1356 697 1395 757; x_wconf 93' lang='grc' dir='ltr'><strong>ιιι</strong></span> 
     </span>
     <span class='ocr_line' id='line_1_4' title="bbox 313 791 1395 876; baseline 0 -18"><span class='ocrx_word' id='word_1_23' title='bbox 313 793 518 859; x_wconf 80' lang='lat' dir='ltr'><strong>hereditatem</strong></span> <span class='ocrx_word' id='word_1_24' title='bbox 541 793 656 859; x_wconf 81' lang='lat' dir='ltr'><strong>reddes</strong></span> <span class='ocrx_word' id='word_1_25' title='bbox 678 811 755 859; x_wconf 87' lang='lat' dir='ltr'><strong>suae</strong></span> <span class='ocrx_word' id='word_1_26' title='bbox 776 791 872 873; x_wconf 87' lang='lat' dir='ltr'><strong>tiliae,</strong></span> <span class='ocrx_word' id='word_1_27' title='bbox 904 811 962 860; x_wconf 88' lang='lat' dir='ltr'><strong>nec</strong></span> <span class='ocrx_word' id='word_1_28' title='bbox 993 811 1128 876; x_wconf 78' lang='lat' dir='ltr'>usquam</span> <span class='ocrx_word' id='word_1_29' title='bbox 1159 793 1191 857; x_wconf 94' lang='lat' dir='ltr'><strong>id</strong></span> <span class='ocrx_word' id='word_1_30' title='bbox 1219 793 1395 875; x_wconf 86' lang='lat' dir='ltr'><strong>scripserit,</strong></span> 
     </span>
     <span class='ocr_line' id='line_1_5' title="bbox 313 893 1393 978; baseline 0 -18"><span class='ocrx_word' id='word_1_31' title='bbox 313 901 349 960; x_wconf 89' lang='lat' dir='ltr'><strong>ut</strong></span> <span class='ocrx_word' id='word_1_32' title='bbox 369 895 496 976; x_wconf 82' lang='lat' dir='ltr'>scripsit</span> <span class='ocrx_word' id='word_1_33' title='bbox 516 895 649 975; x_wconf 81' lang='lat' dir='ltr'><strong>Fadius,</strong></span> <span class='ocrx_word' id='word_1_34' title='bbox 676 913 734 962; x_wconf 87' lang='lat' dir='ltr'><strong>nee</strong></span> <span class='ocrx_word' id='word_1_35' title='bbox 755 894 899 978; x_wconf 82' lang='lat' dir='ltr'><strong>amquam</strong></span> <span class='ocrx_word' id='word_1_36' title='bbox 921 895 1048 974; x_wconf 84' lang='lat' dir='ltr'><strong>dixerit,</strong></span> <span class='ocrx_word' id='word_1_37' title='bbox 1081 895 1157 976; x_wconf 91' lang='lat' dir='ltr'><strong>qnid</strong></span> <span class='ocrx_word' id='word_1_38' title='bbox 1178 893 1295 960; x_wconf 82' lang='lat' dir='ltr'><strong>facies?</strong></span> <span class='ocrx_word' id='word_1_39' title='bbox 1340 895 1393 960; x_wconf 89' lang='lat' dir='ltr'><strong>Tu</strong></span> 
     </span>
     <span class='ocr_line' id='line_1_6' title="bbox 275 994 1395 1078; baseline -0.002 -14"><span class='ocrx_word' id='word_1_40' title='bbox 275 996 437 1078; x_wconf 81' lang='lat' dir='ltr'><strong>bquidem</strong></span> <span class='ocrx_word' id='word_1_41' title='bbox 461 997 590 1076; x_wconf 90' lang='lat' dir='ltr'><strong>reddes;</strong></span> <span class='ocrx_word' id='word_1_42' title='bbox 622 997 692 1078; x_wconf 90' lang='lat' dir='ltr'><strong>ipse</strong></span> <span class='ocrx_word' id='word_1_43' title='bbox 717 996 873 1078; x_wconf 81' lang='lat' dir='ltr'><strong>Epicurus</strong></span> <span class='ocrx_word' id='word_1_44' title='bbox 906 994 1043 1062; x_wconf 81' lang='lat' dir='ltr'><strong>fortasse</strong></span> <span class='ocrx_word' id='word_1_45' title='bbox 1069 996 1230 1075; x_wconf 81' lang='lat' dir='ltr'><strong>redderet3</strong></span> <span class='ocrx_word' id='word_1_46' title='bbox 1263 1003 1300 1061; x_wconf 88' lang='grc' dir='ltr'><strong>ιιι</strong></span> <span class='ocrx_word' id='word_1_47' title='bbox 1320 997 1395 1062; x_wconf 61' lang='lat' dir='ltr'><strong>Sex„</strong></span> 
     </span>
     <span class='ocr_line' id='line_1_7' title="bbox 313 1096 1396 1180; baseline -0.001 -16"><span class='ocrx_word' id='word_1_48' title='bbox 313 1098 510 1177; x_wconf 78' lang='lat' dir='ltr'><strong>Peducaeus,</strong></span> <span class='ocrx_word' id='word_1_49' title='bbox 534 1097 603 1164; x_wconf 73' lang='lat' dir='ltr'><strong>Seu</strong></span> <span class='ocrx_word' id='word_1_50' title='bbox 624 1098 675 1177; x_wconf 71' lang='lat' dir='ltr'><strong>F,</strong></span> <span class='ocrx_word' id='word_1_51' title='bbox 701 1099 744 1178; x_wconf 90' lang='lat' dir='ltr'><strong>is,</strong></span> <span class='ocrx_word' id='word_1_52' title='bbox 766 1097 820 1179; x_wconf 91' lang='lat' dir='ltr'><strong>qui</strong></span> <span class='ocrx_word' id='word_1_53' title='bbox 841 1098 924 1163; x_wconf 88' lang='lat' dir='ltr'><strong>hunc</strong></span> <span class='ocrx_word' id='word_1_54' title='bbox 945 1101 1087 1162; x_wconf 89' lang='lat' dir='ltr'><strong>nostrum</strong></span> <span class='ocrx_word' id='word_1_55' title='bbox 1109 1097 1238 1179; x_wconf 89' lang='lat' dir='ltr'><strong>reliquit</strong></span> <span class='ocrx_word' id='word_1_56' title='bbox 1257 1096 1396 1180; x_wconf 82' lang='lat' dir='ltr'><strong>effigiem</strong></span> 
     </span>
     <span class='ocr_line' id='line_1_8' title="bbox 315 1197 1397 1281; baseline 0.001 -17"><span class='ocrx_word' id='word_1_57' title='bbox 315 1205 347 1264; x_wconf 89' lang='lat' dir='ltr'><strong>et</strong></span> <span class='ocrx_word' id='word_1_58' title='bbox 368 1199 571 1265; x_wconf 87' lang='lat' dir='ltr'><strong>humanitatis</strong></span> <span class='ocrx_word' id='word_1_59' title='bbox 599 1205 632 1266; x_wconf 90' lang='lat' dir='ltr'><strong>et</strong></span> <span class='ocrx_word' id='word_1_60' title='bbox 657 1198 823 1281; x_wconf 87' lang='lat' dir='ltr'><strong>probitatis</strong></span> <span class='ocrx_word' id='word_1_61' title='bbox 845 1217 922 1264; x_wconf 89' lang='lat' dir='ltr'><strong>suae</strong></span> <span class='ocrx_word' id='word_1_62' title='bbox 953 1197 1065 1278; x_wconf 91' lang='lat' dir='ltr'><strong>filium,</strong></span> <span class='ocrx_word' id='word_1_63' title='bbox 1087 1217 1158 1264; x_wconf 85' lang='lat' dir='ltr'><strong>oum</strong></span> <span class='ocrx_word' id='word_1_64' title='bbox 1178 1200 1304 1279; x_wconf 80' lang='lat' dir='ltr'><strong>doctum,</strong></span> <span class='ocrx_word' id='word_1_65' title='bbox 1324 1206 1397 1265; x_wconf 89' lang='lat' dir='ltr'><strong>tum</strong></span> 
     </span>
    </p>
   </div>
   <div class='ocr_carea' id='block_1_3' title="bbox 258 1300 1398 1791">
    <p class='ocr_par' dir='ltr' id='par_1_3' title="bbox 258 1300 1398 1791">
     <span class='ocr_line' id='line_1_9' title="bbox 315 1300 1398 1382; baseline -0.001 -15"><span class='ocrx_word' id='word_1_66' title='bbox 315 1301 452 1367; x_wconf 89' lang='lat' dir='ltr'><strong>omnium</strong></span> <span class='ocrx_word' id='word_1_67' title='bbox 474 1301 522 1365; x_wconf 88' lang='lat' dir='ltr'><strong>vir</strong></span> <span class='ocrx_word' id='word_1_68' title='bbox 543 1301 680 1382; x_wconf 89' lang='lat' dir='ltr'><strong>optimus</strong></span> <span class='ocrx_word' id='word_1_69' title='bbox 708 1308 740 1366; x_wconf 93' lang='lat' dir='ltr'><strong>et</strong></span> <span class='ocrx_word' id='word_1_70' title='bbox 760 1300 963 1380; x_wconf 89' lang='lat' dir='ltr'><strong>iustissimus,</strong></span> <span class='ocrx_word' id='word_1_71' title='bbox 996 1317 1065 1365; x_wconf 88' lang='lat' dir='ltr'><strong>cum</strong></span> <span class='ocrx_word' id='word_1_72' title='bbox 1087 1300 1182 1366; x_wconf 89' lang='lat' dir='ltr'><strong>sciret</strong></span> <span class='ocrx_word' id='word_1_73' title='bbox 1203 1320 1293 1366; x_wconf 88' lang='lat' dir='ltr'><strong>nemo</strong></span> <span class='ocrx_word' id='word_1_74' title='bbox 1321 1320 1398 1366; x_wconf 89' lang='lat' dir='ltr'><strong>enm</strong></span> 
     </span>
     <span class='ocr_line' id='line_1_10' title="bbox 315 1401 1397 1486; baseline 0.001 -18"><span class='ocrx_word' id='word_1_75' title='bbox 315 1411 460 1486; x_wconf 84' lang='lat' dir='ltr'><strong>rogatum</strong></span> <span class='ocrx_word' id='word_1_76' title='bbox 482 1421 502 1467; x_wconf 90' lang='lat' dir='ltr'><strong>a</strong></span> <span class='ocrx_word' id='word_1_77' title='bbox 524 1402 557 1468; x_wconf 82' lang='grc' dir='ltr'><strong>Ο.</strong></span> <span class='ocrx_word' id='word_1_78' title='bbox 579 1402 695 1481; x_wconf 90' lang='lat' dir='ltr'><strong>Plotio,</strong></span> <span class='ocrx_word' id='word_1_79' title='bbox 728 1402 833 1484; x_wconf 87' lang='lat' dir='ltr'><strong>equite</strong></span> <span class='ocrx_word' id='word_1_80' title='bbox 860 1401 1001 1467; x_wconf 88' lang='lat' dir='ltr'><strong>Romano</strong></span> <span class='ocrx_word' id='word_1_81' title='bbox 1034 1401 1211 1484; x_wconf 86' lang='lat' dir='ltr'><strong>splendido,</strong></span> <span class='ocrx_word' id='word_1_82' title='bbox 1243 1403 1397 1482; x_wconf 86' lang='lat' dir='ltr'><strong>Nursino,</strong></span> 
     </span>
     <span class='ocr_line' id='line_1_11' title="bbox 258 1501 1397 1585; baseline -0.002 -13"><span class='ocrx_word' id='word_1_83' title='bbox 258 1508 300 1572; x_wconf 86' lang='lat'><strong>10</strong></span> <span class='ocrx_word' id='word_1_84' title='bbox 316 1506 401 1570; x_wconf 87' lang='lat' dir='ltr'><strong>ultro</strong></span> <span class='ocrx_word' id='word_1_85' title='bbox 423 1501 464 1570; x_wconf 87' lang='lat' dir='ltr'><strong>ad</strong></span> <span class='ocrx_word' id='word_1_86' title='bbox 486 1503 647 1568; x_wconf 92' lang='lat' dir='ltr'><strong>mulierem</strong></span> <span class='ocrx_word' id='word_1_87' title='bbox 668 1505 753 1569; x_wconf 89' lang='lat' dir='ltr'><strong>venit</strong></span> <span class='ocrx_word' id='word_1_88' title='bbox 774 1504 865 1584; x_wconf 88' lang='lat' dir='ltr'><strong>eique</strong></span> <span class='ocrx_word' id='word_1_89' title='bbox 886 1503 962 1568; x_wconf 92' lang='lat' dir='ltr'><strong>nihil</strong></span> <span class='ocrx_word' id='word_1_90' title='bbox 984 1503 1124 1585; x_wconf 83' lang='lat' dir='ltr'><strong>opinanti</strong></span> <span class='ocrx_word' id='word_1_91' title='bbox 1141 1504 1199 1568; x_wconf 87' lang='lat' dir='ltr'><strong>viri</strong></span> <span class='ocrx_word' id='word_1_92' title='bbox 1211 1506 1397 1570; x_wconf 86' lang='lat' dir='ltr'><strong>mandatum</strong></span> 
     </span>
     <span class='ocr_line' id='line_1_12' title="bbox 316 1605 1397 1688; baseline 0 -16"><span class='ocrx_word' id='word_1_93' title='bbox 316 1606 461 1688; x_wconf 84' lang='lat' dir='ltr'><strong>exposuit</strong></span> <span class='ocrx_word' id='word_1_94' title='bbox 492 1605 759 1686; x_wconf 82' lang='lat' dir='ltr'><strong>hereditatemque</strong></span> <span class='ocrx_word' id='word_1_95' title='bbox 791 1605 935 1671; x_wconf 85' lang='lat' dir='ltr'><strong>reddidit</strong></span> <span class='ocrx_word' id='word_1_96' title='bbox 980 1605 1042 1671; x_wconf 88' lang='lat' dir='ltr'><strong>Sed</strong></span> <span class='ocrx_word' id='word_1_97' title='bbox 1064 1623 1123 1687; x_wconf 86' lang='lat' dir='ltr'><strong>ego</strong></span> <span class='ocrx_word' id='word_1_98' title='bbox 1145 1625 1183 1670; x_wconf 85' lang='lat' dir='ltr'><strong>ex</strong></span> <span class='ocrx_word' id='word_1_99' title='bbox 1210 1613 1242 1672; x_wconf 82' lang='lat' dir='ltr'><strong>te</strong></span> <span class='ocrx_word' id='word_1_100' title='bbox 1263 1625 1397 1688; x_wconf 86' lang='lat' dir='ltr'><strong>quaero,</strong></span> 
     </span>
     <span class='ocr_line' id='line_1_13' title="bbox 316 1705 1398 1791; baseline 0 -17"><span class='ocrx_word' id='word_1_101' title='bbox 316 1709 464 1791; x_wconf 86' lang='lat' dir='ltr'><strong>quonism</strong></span> <span class='ocrx_word' id='word_1_102' title='bbox 485 1707 568 1772; x_wconf 90' lang='lat' dir='ltr'><strong>idem</strong></span> <span class='ocrx_word' id='word_1_103' title='bbox 590 1711 625 1770; x_wconf 91' lang='lat' dir='ltr'><strong>tu</strong></span> <span class='ocrx_word' id='word_1_104' title='bbox 646 1713 732 1773; x_wconf 83' lang='lat' dir='ltr'><strong>certe</strong></span> <span class='ocrx_word' id='word_1_105' title='bbox 753 1705 898 1786; x_wconf 85' lang='lat' dir='ltr'><strong>fecisses,</strong></span> <span class='ocrx_word' id='word_1_106' title='bbox 931 1723 1035 1772; x_wconf 91' lang='lat' dir='ltr'><strong>nonne</strong></span> <span class='ocrx_word' id='word_1_107' title='bbox 1056 1705 1234 1789; x_wconf 83' lang='lat' dir='ltr'><strong>intellegas,</strong></span> <span class='ocrx_word' id='word_1_108' title='bbox 1266 1725 1304 1772; x_wconf 90' lang='lat' dir='ltr'><strong>eo</strong></span> <span class='ocrx_word' id='word_1_109' title='bbox 1326 1727 1398 1774; x_wconf 91' lang='lat' dir='ltr'><strong>ma·</strong></span> 
     </span>
    </p>
   </div>
   <div class='ocr_carea' id='block_1_4' title="bbox 316 1907 1384 2111">
    <p class='ocr_par' dir='ltr' id='par_1_4' title="bbox 316 1907 1384 2111">
     <span class='ocr_line' id='line_1_14' title="bbox 384 1907 1384 1978; baseline 0 -18"><span class='ocrx_word' id='word_1_110' title='bbox 384 1917 407 1961; x_wconf 77' lang='lat'><strong>³.</strong></span> <span class='ocrx_word' id='word_1_111' title='bbox 416 1910 489 1974; x_wconf 72' lang='lat' dir='ltr'><strong>filiae</strong></span> <span class='ocrx_word' id='word_1_112' title='bbox 506 1911 602 1963; x_wconf 73' lang='lat' dir='ltr'><strong>seara</strong></span> <span class='ocrx_word' id='word_1_113' title='bbox 637 1919 661 1965; x_wconf 78' lang='lat'><strong>⁴.</strong></span> <span class='ocrx_word' id='word_1_114' title='bbox 678 1909 769 1961; x_wconf 79' lang='lat' dir='ltr'><strong>Fabius</strong></span> <span class='ocrx_word' id='word_1_115' title='bbox 778 1907 961 1972; x_wconf 72' lang='lat' dir='ltr'><strong>hosfium?</strong></span> <span class='ocrx_word' id='word_1_116' title='bbox 996 1909 1088 1974; x_wconf 74' lang='lat' dir='ltr'><strong>quodid</strong></span> <span class='ocrx_word' id='word_1_117' title='bbox 1124 1915 1146 1961; x_wconf 75' lang='lat'><strong>5.</strong></span> <span class='ocrx_word' id='word_1_118' title='bbox 1164 1909 1384 1978; x_wconf 67' lang='lat' dir='ltr'><strong>[SeduepleneA</strong></span> 
     </span>
     <span class='ocr_line' id='line_1_15' title="bbox 317 1975 1380 2046; baseline 0.002 -18"><span class='ocrx_word' id='word_1_119' title='bbox 317 1983 339 2028; x_wconf 85' lang='grc'><strong>7.</strong></span> <span class='ocrx_word' id='word_1_120' title='bbox 357 1989 405 2030; x_wconf 81' lang='lat' dir='ltr'><strong>tum</strong></span> <span class='ocrx_word' id='word_1_121' title='bbox 423 1978 586 2032; x_wconf 76' lang='lat' dir='ltr'><strong>nPMcROr.</strong></span> <span class='ocrx_word' id='word_1_122' title='bbox 645 1983 668 2027; x_wconf 76' lang='grc'><strong>8.</strong></span> <span class='ocrx_word' id='word_1_123' title='bbox 690 1977 747 2046; x_wconf 79' lang='lat' dir='ltr'><strong>[inm</strong></span> <span class='ocrx_word' id='word_1_124' title='bbox 764 1979 837 2028; x_wconf 71' lang='lat' dir='ltr'><strong>erim</strong></span> <span class='ocrx_word' id='word_1_125' title='bbox 854 1975 903 2044; x_wconf 84' lang='lat' dir='ltr'><strong>Eh]</strong></span> <span class='ocrx_word' id='word_1_126' title='bbox 968 1983 991 2027; x_wconf 78' lang='grc'><strong>9.</strong></span> <span class='ocrx_word' id='word_1_127' title='bbox 1014 1977 1090 2046; x_wconf 72' lang='lat' dir='ltr'><strong>[Gra</strong></span> <span class='ocrx_word' id='word_1_128' title='bbox 1108 1978 1144 2046; x_wconf 84' lang='grc' dir='ltr'><strong>Δ]</strong></span> <span class='ocrx_word' id='word_1_129' title='bbox 1211 1979 1319 2046; x_wconf 57' lang='lat' dir='ltr'><strong>[absiso</strong></span> <span class='ocrx_word' id='word_1_130' title='bbox 1338 1981 1380 2030; x_wconf 89' lang='grc' dir='ltr'><strong>Δι</strong></span> 
     </span>
     <span class='ocr_line' id='line_1_16' title="bbox 316 2045 999 2111; baseline 0 -13"><span class='ocrx_word' id='word_1_131' title='bbox 316 2045 447 2098; x_wconf 69' lang='lat' dir='ltr'><strong>Nursiae</strong></span> <span class='ocrx_word' id='word_1_132' title='bbox 498 2051 536 2096; x_wconf 86' lang='lat' dir='ltr'><strong>ta.</strong></span> <span class='ocrx_word' id='word_1_133' title='bbox 554 2047 655 2099; x_wconf 72' lang='lat' dir='ltr'><strong>reduc</strong></span> <span class='ocrx_word' id='word_1_134' title='bbox 690 2045 999 2111; x_wconf 68' lang='lat' dir='ltr'><strong>melpomene</strong></span> 
     </span>
    </p>
   </div>
   <div class='ocr_carea' id='block_1_5' title="bbox 251 2237 1412 4438">
    <p class='ocr_par' dir='ltr' id='par_1_5' title="bbox 316 2237 1402 2484">
     <span class='ocr_line' id='line_1_17' title="bbox 318 2237 1401 2313; baseline 0.002 -19"><span class='ocrx_word' id='word_1_135' title='bbox 318 2237 414 2294; x_wconf 90' lang='lat' dir='ltr'><strong>lenior</strong></span> <span class='ocrx_word' id='word_1_136' title='bbox 436 2245 482 2294; x_wconf 89' lang='lat' dir='ltr'><strong>est</strong></span> <span class='ocrx_word' id='word_1_137' title='bbox 504 2254 592 2312; x_wconf 88' lang='lat' dir='ltr'><strong>quarn</strong></span> <span class='ocrx_word' id='word_1_138' title='bbox 614 2255 669 2313; x_wconf 89' lang='lat' dir='ltr'><strong>pro</strong></span> <span class='ocrx_word' id='word_1_139' title='bbox 692 2255 724 2294; x_wconf 88' lang='lat' dir='ltr'><strong>rs</strong></span> <span class='ocrx_word' id='word_1_140' title='bbox 745 2254 800 2293; x_wconf 87' lang='lat' dir='ltr'><strong>nec</strong></span> <span class='ocrx_word' id='word_1_141' title='bbox 821 2245 902 2294; x_wconf 89' lang='lat' dir='ltr'><strong>recte</strong></span> <span class='ocrx_word' id='word_1_142' title='bbox 923 2237 1022 2312; x_wconf 87' lang='lat' dir='ltr'><strong>posita</strong></span> <span class='ocrx_word' id='word_1_143' title='bbox 1043 2237 1176 2312; x_wconf 63' lang='lat' dir='ltr'><strong>videtum</strong></span> <span class='ocrx_word' id='word_1_144' title='bbox 1209 2255 1278 2294; x_wconf 85' lang='lat' dir='ltr'><strong>nam</strong></span> <span class='ocrx_word' id='word_1_145' title='bbox 1306 2239 1401 2296; x_wconf 88' lang='lat' dir='ltr'><strong>certis</strong></span> 
     </span>
     <span class='ocr_line' id='line_1_18' title="bbox 316 2321 1402 2396; baseline 0.001 -16"><span class='ocrx_word' id='word_1_146' title='bbox 316 2321 487 2380; x_wconf 87' lang='lat' dir='ltr'><strong>hominibus</strong></span> <span class='ocrx_word' id='word_1_147' title='bbox 510 2322 541 2378; x_wconf 91' lang='lat' dir='ltr'><strong>in</strong></span> <span class='ocrx_word' id='word_1_148' title='bbox 563 2322 652 2378; x_wconf 85' lang='lat' dir='ltr'><strong>certis</strong></span> <span class='ocrx_word' id='word_1_149' title='bbox 675 2321 772 2380; x_wconf 87' lang='lat' dir='ltr'><strong>causis</strong></span> <span class='ocrx_word' id='word_1_150' title='bbox 793 2321 914 2396; x_wconf 89' lang='lat' dir='ltr'><strong>iniquus</strong></span> <span class='ocrx_word' id='word_1_151' title='bbox 934 2321 1044 2396; x_wconf 90' lang='lat' dir='ltr'><strong>aliquis</strong></span> <span class='ocrx_word' id='word_1_152' title='bbox 1066 2332 1128 2394; x_wconf 88' lang='lat' dir='ltr'><strong>est,</strong></span> <span class='ocrx_word' id='word_1_153' title='bbox 1161 2331 1225 2380; x_wconf 86' lang='lat' dir='ltr'><strong>tota</strong></span> <span class='ocrx_word' id='word_1_154' title='bbox 1245 2321 1327 2380; x_wconf 87' lang='lat' dir='ltr'><strong>vitae</strong></span> <span class='ocrx_word' id='word_1_155' title='bbox 1351 2342 1402 2381; x_wconf 89' lang='lat' dir='ltr'><strong>ra-</strong></span> 
     </span>
     <span class='ocr_line' id='line_1_19' title="bbox 316 2406 1400 2484; baseline -0.001 -19"><span class='ocrx_word' id='word_1_156' title='bbox 316 2407 398 2466; x_wconf 88' lang='lat' dir='ltr'><strong>tione</strong></span> <span class='ocrx_word' id='word_1_157' title='bbox 430 2409 554 2464; x_wconf 84' lang='lat' dir='ltr'><strong>iniustus.</strong></span> <span class='ocrx_word' id='word_1_158' title='bbox 602 2408 704 2482; x_wconf 87' lang='lat' dir='ltr'><strong>Atque</strong></span> <span class='ocrx_word' id='word_1_159' title='bbox 736 2425 792 2483; x_wconf 88' lang='lat' dir='ltr'><strong>ego</strong></span> <span class='ocrx_word' id='word_1_160' title='bbox 824 2425 946 2483; x_wconf 90' lang='lat' dir='ltr'><strong>prorsus</strong></span> <span class='ocrx_word' id='word_1_161' title='bbox 972 2415 1045 2482; x_wconf 87' lang='lat' dir='ltr'><strong>puto</strong></span> <span class='ocrx_word' id='word_1_162' title='bbox 1077 2406 1107 2464; x_wconf 92' lang='lat' dir='ltr'><strong>in</strong></span> <span class='ocrx_word' id='word_1_163' title='bbox 1140 2407 1302 2484; x_wconf 84' lang='lat' dir='ltr'><strong>archetypo</strong></span> <span class='ocrx_word' id='word_1_164' title='bbox 1331 2409 1400 2466; x_wconf 90' lang='lat' dir='ltr'><strong>cod.</strong></span> 
     </span>
    </p>

    <p class='ocr_par' dir='ltr' id='par_1_6' title="bbox 251 2491 1403 2822">
     <span class='ocr_line' id='line_1_20' title="bbox 251 2491 1401 2567; baseline -0.001 -16"><span class='ocrx_word' id='word_1_165' title='bbox 251 2531 261 2542; x_wconf 85' lang='lat'>-</span> <span class='ocrx_word' id='word_1_166' title='bbox 317 2492 409 2551; x_wconf 81' lang='lat' dir='ltr'><strong>fuisse</strong></span> <span class='ocrx_word' id='word_1_167' title='bbox 426 2495 535 2567; x_wconf 80' lang='lat' dir='ltr'><strong>iniquas</strong></span> <span class='ocrx_word' id='word_1_168' title='bbox 556 2495 658 2563; x_wconf 83' lang='lat' dir='ltr'><strong>inatres,</strong></span> <span class='ocrx_word' id='word_1_169' title='bbox 691 2491 722 2548; x_wconf 89' lang='lat' dir='ltr'><strong>id</strong></span> <span class='ocrx_word' id='word_1_170' title='bbox 741 2499 841 2549; x_wconf 86' lang='lat' dir='ltr'><strong>autem</strong></span> <span class='ocrx_word' id='word_1_171' title='bbox 861 2509 961 2549; x_wconf 84' lang='lat' dir='ltr'><strong>errore</strong></span> <span class='ocrx_word' id='word_1_172' title='bbox 989 2499 1085 2550; x_wconf 88' lang='lat' dir='ltr'><strong>ortum</strong></span> <span class='ocrx_word' id='word_1_173' title='bbox 1113 2510 1177 2550; x_wconf 85' lang='lat' dir='ltr'><strong>esse</strong></span> <span class='ocrx_word' id='word_1_174' title='bbox 1204 2510 1243 2549; x_wconf 86' lang='lat' dir='ltr'><strong>ex</strong></span> <span class='ocrx_word' id='word_1_175' title='bbox 1269 2495 1401 2556; x_wconf 70' lang='lat' dir='ltr'><strong>missure,</strong></span> 
     </span>
     <span class='ocr_line' id='line_1_21' title="bbox 319 2577 1401 2653; baseline 0.001 -19"><span class='ocrx_word' id='word_1_176' title='bbox 319 2577 577 2652; x_wconf 86' lang='lat' dir='ltr'><strong>scribendumque:</strong></span> <span class='ocrx_word' id='word_1_177' title='bbox 610 2595 668 2634; x_wconf 84' lang='lat' dir='ltr'><strong>esse</strong></span> <span class='ocrx_word' id='word_1_178' title='bbox 694 2579 763 2634; x_wconf 83' lang='lat' dir='ltr'><strong>enim</strong></span> <span class='ocrx_word' id='word_1_179' title='bbox 788 2595 872 2652; x_wconf 83' lang='lat' dir='ltr'><strong>quam</strong></span> <span class='ocrx_word' id='word_1_180' title='bbox 899 2577 976 2634; x_wconf 85' lang='lat' dir='ltr'><strong>uellet</strong></span> <span class='ocrx_word' id='word_1_181' title='bbox 1001 2579 1116 2634; x_wconf 73' lang='lat' dir='ltr'><strong>duratus</strong></span> <span class='ocrx_word' id='word_1_182' title='bbox 1138 2587 1246 2652; x_wconf 81' lang='lat' dir='ltr'><strong>poterat</strong></span> <span class='ocrx_word' id='word_1_183' title='bbox 1273 2581 1401 2653; x_wconf 78' lang='lat' dir='ltr'><strong>impane3</strong></span> 
     </span>
     <span class='ocr_line' id='line_1_22' title="bbox 318 2660 1403 2737; baseline 0 -17"><span class='ocrx_word' id='word_1_184' title='bbox 318 2672 407 2737; x_wconf 89' lang='lat' dir='ltr'><strong>atque</strong></span> <span class='ocrx_word' id='word_1_185' title='bbox 430 2661 518 2719; x_wconf 88' lang='lat' dir='ltr'><strong>etiem</strong></span> <span class='ocrx_word' id='word_1_186' title='bbox 540 2660 732 2719; x_wconf 85' lang='lat' dir='ltr'><strong>Manutiuse</strong></span> <span class='ocrx_word' id='word_1_187' title='bbox 760 2679 814 2718; x_wconf 87' lang='lat' dir='ltr'><strong>suo</strong></span> <span class='ocrx_word' id='word_1_188' title='bbox 842 2661 906 2718; x_wconf 90' lang='lat' dir='ltr'><strong>cod.</strong></span> <span class='ocrx_word' id='word_1_189' title='bbox 933 2661 1057 2737; x_wconf 86' lang='lat' dir='ltr'><strong>protulit</strong></span> <span class='ocrx_word' id='word_1_190' title='bbox 1089 2662 1300 2737; x_wconf 84' lang='lat' dir='ltr'><strong>probavitque:</strong></span> <span class='ocrx_word' id='word_1_191' title='bbox 1342 2683 1403 2721; x_wconf 83' lang='lat' dir='ltr'><strong>esse</strong></span> 
     </span>
     <span class='ocr_line' id='line_1_23' title="bbox 319 2748 930 2822; baseline -0.003 -18"><span class='ocrx_word' id='word_1_192' title='bbox 319 2751 387 2804; x_wconf 82' lang='lat' dir='ltr'><strong>euim</strong></span> <span class='ocrx_word' id='word_1_193' title='bbox 409 2749 533 2820; x_wconf 80' lang='lat' dir='ltr'><strong>quamvis</strong></span> <span class='ocrx_word' id='word_1_194' title='bbox 555 2749 669 2805; x_wconf 71' lang='lat' dir='ltr'><strong>intrabas</strong></span> <span class='ocrx_word' id='word_1_195' title='bbox 686 2755 796 2822; x_wconf 85' lang='lat' dir='ltr'><strong>poterat</strong></span> <span class='ocrx_word' id='word_1_196' title='bbox 816 2748 930 2822; x_wconf 81' lang='lat' dir='ltr'><strong>impune.</strong></span> 
     </span>
    </p>

    <p class='ocr_par' dir='ltr' id='par_1_7' title="bbox 320 2829 1404 3077">
     <span class='ocr_line' id='line_1_24' title="bbox 405 2829 1402 2908; baseline 0.005 -22"><span class='ocrx_word' id='word_1_197' title='bbox 405 2829 609 2907; x_wconf 74' lang='lat' dir='ltr'><strong>reprehendere)</strong></span> <span class='ocrx_word' id='word_1_198' title='bbox 643 2831 853 2906; x_wconf 74' lang='lat' dir='ltr'><strong>Deprebealere</strong></span> <span class='ocrx_word' id='word_1_199' title='bbox 873 2830 1004 2888; x_wconf 84' lang='lat' dir='ltr'><strong>malebat</strong></span> <span class='ocrx_word' id='word_1_200' title='bbox 1025 2831 1176 2889; x_wconf 84' lang='lat' dir='ltr'><strong>Davisius.</strong></span> <span class='ocrx_word' id='word_1_201' title='bbox 1210 2831 1294 2890; x_wconf 89' lang='lat' dir='ltr'><strong>Nihil</strong></span> <span class='ocrx_word' id='word_1_202' title='bbox 1305 2849 1402 2908; x_wconf 88' lang='lat' dir='ltr'><strong>opus;</strong></span> 
     </span>
     <span class='ocr_line' id='line_1_25' title="bbox 320 2915 1404 2992; baseline 0 -18"><span class='ocrx_word' id='word_1_203' title='bbox 320 2934 395 2991; x_wconf 86' lang='lat' dir='ltr'><strong>quae</strong></span> <span class='ocrx_word' id='word_1_204' title='bbox 407 2916 485 2974; x_wconf 86' lang='lat' dir='ltr'><strong>anim</strong></span> <span class='ocrx_word' id='word_1_205' title='bbox 496 2916 607 2974; x_wconf 90' lang='lat' dir='ltr'><strong>nemini</strong></span> <span class='ocrx_word' id='word_1_206' title='bbox 617 2925 688 2974; x_wconf 83' lang='lat' dir='ltr'><strong>nota</strong></span> <span class='ocrx_word' id='word_1_207' title='bbox 698 2935 763 2974; x_wconf 88' lang='lat' dir='ltr'><strong>esse</strong></span> <span class='ocrx_word' id='word_1_208' title='bbox 774 2925 907 2992; x_wconf 84' lang='lat' dir='ltr'><strong>possunt,</strong></span> <span class='ocrx_word' id='word_1_209' title='bbox 924 2915 1089 2974; x_wconf 89' lang='lat' dir='ltr'><strong>cuiusmodi</strong></span> <span class='ocrx_word' id='word_1_210' title='bbox 1100 2916 1237 2992; x_wconf 85' lang='lat' dir='ltr'><strong>exempla</strong></span> <span class='ocrx_word' id='word_1_211' title='bbox 1248 2915 1404 2975; x_wconf 76' lang='lat' dir='ltr'><strong>subiciun-</strong></span> 
     </span>
     <span class='ocr_line' id='line_1_26' title="bbox 320 3001 1273 3077; baseline -0.001 -19"><span class='ocrx_word' id='word_1_212' title='bbox 320 3011 382 3073; x_wconf 87' lang='lat' dir='ltr'><strong>tur,</strong></span> <span class='ocrx_word' id='word_1_213' title='bbox 405 3020 424 3058; x_wconf 87' lang='lat' dir='ltr'><strong>a</strong></span> <span class='ocrx_word' id='word_1_214' title='bbox 444 3001 527 3058; x_wconf 91' lang='lat' dir='ltr'><strong>nullo</strong></span> <span class='ocrx_word' id='word_1_215' title='bbox 548 3001 817 3077; x_wconf 89' lang='lat' dir='ltr'><strong>reprehenduntur,</strong></span> <span class='ocrx_word' id='word_1_216' title='bbox 839 3001 896 3058; x_wconf 86' lang='lat' dir='ltr'><strong>etsi</strong></span> <span class='ocrx_word' id='word_1_217' title='bbox 917 3001 1094 3076; x_wconf 86' lang='lat' dir='ltr'><strong>reprehendi</strong></span> <span class='ocrx_word' id='word_1_218' title='bbox 1116 3011 1273 3059; x_wconf 87' lang='lat' dir='ltr'><strong>merentur.</strong></span> 
     </span>
    </p>

    <p class='ocr_par' dir='ltr' id='par_1_8' title="bbox 321 3083 1407 3586">
     <span class='ocr_line' id='line_1_27' title="bbox 407 3083 1404 3162; baseline 0.001 -19"><span class='ocrx_word' id='word_1_219' title='bbox 407 3087 456 3144; x_wconf 82' lang='lat'><strong>58.</strong></span> <span class='ocrx_word' id='word_1_220' title='bbox 479 3087 660 3162; x_wconf 76' lang='lat' dir='ltr'><strong>qaidsaer&#39;esi</strong></span> <span class='ocrx_word' id='word_1_221' title='bbox 671 3119 712 3128; x_wconf 92' lang='lat'>-</span> <span class='ocrx_word' id='word_1_222' title='bbox 724 3085 835 3162; x_wconf 79' lang='lat' dir='ltr'><strong>reddes)</strong></span> <span class='ocrx_word' id='word_1_223' title='bbox 858 3083 991 3145; x_wconf 82' lang='lat' dir='ltr'><strong>Offendit</strong></span> <span class='ocrx_word' id='word_1_224' title='bbox 1001 3086 1158 3144; x_wconf 88' lang='lat' dir='ltr'><strong>Davisiunr</strong></span> <span class='ocrx_word' id='word_1_225' title='bbox 1180 3095 1211 3144; x_wconf 87' lang='lat' dir='ltr'><strong>et</strong></span> <span class='ocrx_word' id='word_1_226' title='bbox 1226 3087 1404 3146; x_wconf 86' lang='lat' dir='ltr'><strong>Ernestium</strong></span> 
     </span>
     <span class='ocr_line' id='line_1_28' title="bbox 322 3170 1403 3246; baseline 0 -16"><span class='ocrx_word' id='word_1_227' title='bbox 322 3171 490 3246; x_wconf 83' lang='lat' dir='ltr'><strong>exemplum</strong></span> <span class='ocrx_word' id='word_1_228' title='bbox 524 3171 567 3228; x_wconf 88' lang='lat' dir='ltr'><strong>sic</strong></span> <span class='ocrx_word' id='word_1_229' title='bbox 599 3170 742 3246; x_wconf 86' lang='lat' dir='ltr'><strong>positum,</strong></span> <span class='ocrx_word' id='word_1_230' title='bbox 776 3179 926 3246; x_wconf 62' lang='lat' dir='ltr'><strong>umquam</strong></span> <span class='ocrx_word' id='word_1_231' title='bbox 954 3171 1099 3229; x_wconf 91' lang='lat' dir='ltr'><strong>eiusmodi</strong></span> <span class='ocrx_word' id='word_1_232' title='bbox 1121 3171 1234 3246; x_wconf 84' lang='lat' dir='ltr'><strong>aliquid</strong></span> <span class='ocrx_word' id='word_1_233' title='bbox 1255 3171 1319 3229; x_wconf 87' lang='lat' dir='ltr'><strong>fieri</strong></span> <span class='ocrx_word' id='word_1_234' title='bbox 1345 3173 1403 3230; x_wconf 79' lang='lat' dir='ltr'><strong>ali-</strong></span> 
     </span>
     <span class='ocr_line' id='line_1_29' title="bbox 322 3255 1404 3332; baseline 0 -18"><span class='ocrx_word' id='word_1_235' title='bbox 322 3257 440 3331; x_wconf 87' lang='lat' dir='ltr'><strong>quando</strong></span> <span class='ocrx_word' id='word_1_236' title='bbox 462 3255 565 3332; x_wconf 87' lang='lat' dir='ltr'><strong>possit.</strong></span> <span class='ocrx_word' id='word_1_237' title='bbox 609 3257 715 3330; x_wconf 86' lang='lat' dir='ltr'><strong>Itaque</strong></span> <span class='ocrx_word' id='word_1_238' title='bbox 738 3256 938 3332; x_wconf 84' lang='lat' dir='ltr'><strong>corrigebant:</strong></span> <span class='ocrx_word' id='word_1_239' title='bbox 959 3257 1070 3330; x_wconf 82' lang='lat' dir='ltr'><strong>faceres</strong></span> <span class='ocrx_word' id='word_1_240' title='bbox 1091 3289 1133 3298; x_wconf 98' lang='lat'><em>-</em></span> <span class='ocrx_word' id='word_1_241' title='bbox 1155 3257 1291 3314; x_wconf 81' lang='lat' dir='ltr'><strong>redderes.</strong></span> <span class='ocrx_word' id='word_1_242' title='bbox 1338 3257 1404 3315; x_wconf 90' lang='lat' dir='ltr'><strong>De·</strong></span> 
     </span>
     <span class='ocr_line' id='line_1_30' title="bbox 323 3341 1407 3417; baseline 0.001 -19"><span class='ocrx_word' id='word_1_243' title='bbox 323 3341 433 3398; x_wconf 82' lang='lat' dir='ltr'><strong>hebent</strong></span> <span class='ocrx_word' id='word_1_244' title='bbox 453 3341 553 3417; x_wconf 86' lang='lat' dir='ltr'><strong>igitur,</strong></span> <span class='ocrx_word' id='word_1_245' title='bbox 577 3351 610 3398; x_wconf 90' lang='lat' dir='ltr'><strong>ut</strong></span> <span class='ocrx_word' id='word_1_246' title='bbox 631 3341 767 3398; x_wconf 91' lang='lat' dir='ltr'><strong>Bremius</strong></span> <span class='ocrx_word' id='word_1_247' title='bbox 789 3341 873 3410; x_wconf 90' lang='lat' dir='ltr'><strong>vidit,</strong></span> <span class='ocrx_word' id='word_1_248' title='bbox 896 3351 965 3398; x_wconf 87' lang='lat' dir='ltr'><strong>anta</strong></span> <span class='ocrx_word' id='word_1_249' title='bbox 987 3341 1116 3398; x_wconf 86' lang='lat' dir='ltr'><strong>scribere</strong></span> <span class='ocrx_word' id='word_1_250' title='bbox 1138 3359 1197 3398; x_wconf 90' lang='lat' dir='ltr'><strong>non</strong></span> <span class='ocrx_word' id='word_1_251' title='bbox 1225 3341 1338 3399; x_wconf 84' lang='lat' dir='ltr'><strong>solum:</strong></span> <span class='ocrx_word' id='word_1_252' title='bbox 1376 3355 1407 3400; x_wconf 84' lang='lat' dir='ltr'><strong>at</strong></span> 
     </span>
     <span class='ocr_line' id='line_1_31' title="bbox 321 3424 1407 3502; baseline 0.003 -20"><span class='ocrx_word' id='word_1_253' title='bbox 321 3459 362 3468; x_wconf 89' lang='lat'><strong>—-</strong></span> <span class='ocrx_word' id='word_1_254' title='bbox 384 3427 511 3484; x_wconf 86' lang='lat' dir='ltr'><strong>redderes</strong></span> <span class='ocrx_word' id='word_1_255' title='bbox 533 3425 626 3502; x_wconf 88' lang='lat' dir='ltr'><strong>(quod</strong></span> <span class='ocrx_word' id='word_1_256' title='bbox 647 3424 956 3501; x_wconf 85' lang='lat' dir='ltr'><strong>volebatErnestius),</strong></span> <span class='ocrx_word' id='word_1_257' title='bbox 980 3425 1041 3497; x_wconf 87' lang='lat' dir='ltr'><strong>sed,</strong></span> <span class='ocrx_word' id='word_1_258' title='bbox 1064 3425 1127 3484; x_wconf 89' lang='lat' dir='ltr'><strong>sine</strong></span> <span class='ocrx_word' id='word_1_259' title='bbox 1143 3443 1202 3501; x_wconf 91' lang='lat' dir='ltr'><strong>quo</strong></span> <span class='ocrx_word' id='word_1_260' title='bbox 1225 3425 1281 3484; x_wconf 91' lang='lat' dir='ltr'><strong>hoc</strong></span> <span class='ocrx_word' id='word_1_261' title='bbox 1302 3427 1407 3486; x_wconf 88' lang='lat' dir='ltr'><strong>soloe·</strong></span> 
     </span>
     <span class='ocr_line' id='line_1_32' title="bbox 321 3513 1048 3586; baseline 0 -18"><span class='ocrx_word' id='word_1_262' title='bbox 321 3529 388 3568; x_wconf 92' lang='lat' dir='ltr'><strong>cum</strong></span> <span class='ocrx_word' id='word_1_263' title='bbox 410 3520 464 3582; x_wconf 88' lang='lat' dir='ltr'><strong>est,</strong></span> <span class='ocrx_word' id='word_1_264' title='bbox 487 3521 606 3584; x_wconf 83' lang='lat' dir='ltr'><strong>roqoeset</strong></span> <span class='ocrx_word' id='word_1_265' title='bbox 627 3545 669 3554; x_wconf 83' lang='lat'>-</span> <span class='ocrx_word' id='word_1_266' title='bbox 691 3513 843 3586; x_wconf 69' lang='lat' dir='ltr'><strong>smipsmet</strong></span> <span class='ocrx_word' id='word_1_267' title='bbox 864 3543 905 3553; x_wconf 94' lang='lat'>-</span> <span class='ocrx_word' id='word_1_268' title='bbox 927 3513 1048 3568; x_wconf 57' lang='lat' dir='ltr'><strong>demeret.</strong></span> 
     </span>
    </p>

    <p class='ocr_par' dir='ltr' id='par_1_9' title="bbox 323 3593 1407 4013">
     <span class='ocr_line' id='line_1_33' title="bbox 410 3593 1406 3672; baseline 0.002 -19"><span class='ocrx_word' id='word_1_269' title='bbox 410 3595 474 3653; x_wconf 77' lang='lat' dir='ltr'><strong>Ser.</strong></span> <span class='ocrx_word' id='word_1_270' title='bbox 497 3593 670 3670; x_wconf 82' lang='lat' dir='ltr'><strong>Peducaeus)</strong></span> <span class='ocrx_word' id='word_1_271' title='bbox 709 3596 749 3666; x_wconf 90' lang='lat' dir='ltr'><strong>is,</strong></span> <span class='ocrx_word' id='word_1_272' title='bbox 789 3614 876 3670; x_wconf 90' lang='lat' dir='ltr'><strong>quem</strong></span> <span class='ocrx_word' id='word_1_273' title='bbox 909 3605 1076 3672; x_wconf 84' lang='lat' dir='ltr'><strong>praetorem</strong></span> <span class='ocrx_word' id='word_1_274' title='bbox 1103 3595 1209 3656; x_wconf 84' lang='lat' dir='ltr'><strong>Cicero</strong></span> <span class='ocrx_word' id='word_1_275' title='bbox 1236 3595 1345 3654; x_wconf 84' lang='lat' dir='ltr'><strong>hebuit</strong></span> <span class='ocrx_word' id='word_1_276' title='bbox 1374 3597 1406 3655; x_wconf 90' lang='lat' dir='ltr'><strong>iu</strong></span> 
     </span>
     <span class='ocr_line' id='line_1_34' title="bbox 323 3679 1407 3755; baseline 0.002 -19"><span class='ocrx_word' id='word_1_277' title='bbox 323 3689 483 3755; x_wconf 85' lang='lat' dir='ltr'><strong>quaestura</strong></span> <span class='ocrx_word' id='word_1_278' title='bbox 517 3679 674 3740; x_wconf 87' lang='lat' dir='ltr'><strong>Siciliensi.</strong></span> <span class='ocrx_word' id='word_1_279' title='bbox 728 3681 838 3738; x_wconf 83' lang='lat' dir='ltr'><strong>Filium</strong></span> <span class='ocrx_word' id='word_1_280' title='bbox 872 3698 937 3738; x_wconf 90' lang='lat' dir='ltr'><strong>cum</strong></span> <span class='ocrx_word' id='word_1_281' title='bbox 962 3681 1064 3739; x_wconf 78' lang='lat' dir='ltr'><strong>Attico</strong></span> <span class='ocrx_word' id='word_1_282' title='bbox 1094 3690 1125 3738; x_wconf 89' lang='lat' dir='ltr'><strong>et</strong></span> <span class='ocrx_word' id='word_1_283' title='bbox 1152 3680 1296 3740; x_wconf 85' lang='lat' dir='ltr'><strong>Cicerone</strong></span> <span class='ocrx_word' id='word_1_284' title='bbox 1331 3699 1407 3740; x_wconf 86' lang='lat' dir='ltr'><strong>con·</strong></span> 
     </span>
     <span class='ocr_line' id='line_1_35' title="bbox 325 3763 1407 3843; baseline 0.001 -20"><span class='ocrx_word' id='word_1_285' title='bbox 325 3764 540 3823; x_wconf 88' lang='lat' dir='ltr'><strong>iunctissimuru</strong></span> <span class='ocrx_word' id='word_1_286' title='bbox 562 3763 664 3836; x_wconf 81' lang='lat' dir='ltr'><strong>fuisse,</strong></span> <span class='ocrx_word' id='word_1_287' title='bbox 687 3774 813 3843; x_wconf 86' lang='lat' dir='ltr'><strong>apparet</strong></span> <span class='ocrx_word' id='word_1_288' title='bbox 834 3783 872 3822; x_wconf 88' lang='lat' dir='ltr'><strong>ex</strong></span> <span class='ocrx_word' id='word_1_289' title='bbox 894 3766 947 3838; x_wconf 86' lang='lat' dir='ltr'><strong>eis,</strong></span> <span class='ocrx_word' id='word_1_290' title='bbox 971 3783 1046 3840; x_wconf 89' lang='lat' dir='ltr'><strong>quae</strong></span> <span class='ocrx_word' id='word_1_291' title='bbox 1069 3765 1100 3822; x_wconf 93' lang='lat' dir='ltr'><strong>iu</strong></span> <span class='ocrx_word' id='word_1_292' title='bbox 1117 3765 1300 3824; x_wconf 89' lang='lat' dir='ltr'><strong>onomastico</strong></span> <span class='ocrx_word' id='word_1_293' title='bbox 1312 3764 1407 3824; x_wconf 84' lang='lat' dir='ltr'><strong>Orel-</strong></span> 
     </span>
     <span class='ocr_line' id='line_1_36' title="bbox 323 3850 1407 3921; baseline 0.001 -14"><span class='ocrx_word' id='word_1_294' title='bbox 323 3850 402 3908; x_wconf 90' lang='lat' dir='ltr'><strong>liano</strong></span> <span class='ocrx_word' id='word_1_295' title='bbox 425 3850 550 3908; x_wconf 88' lang='lat' dir='ltr'><strong>collecta</strong></span> <span class='ocrx_word' id='word_1_296' title='bbox 571 3859 648 3908; x_wconf 91' lang='lat' dir='ltr'><strong>sunt.</strong></span> <span class='ocrx_word' id='word_1_297' title='bbox 682 3851 754 3908; x_wconf 89' lang='lat' dir='ltr'><strong>Mox</strong></span> <span class='ocrx_word' id='word_1_298' title='bbox 777 3861 833 3908; x_wconf 83' lang='lat' dir='ltr'><strong>lum</strong></span> <span class='ocrx_word' id='word_1_299' title='bbox 854 3853 948 3908; x_wconf 80' lang='lat' dir='ltr'><strong>doctas</strong></span> <span class='ocrx_word' id='word_1_300' title='bbox 976 3855 1083 3909; x_wconf 77' lang='lat' dir='ltr'><strong>omnes</strong></span> <span class='ocrx_word' id='word_1_301' title='bbox 1105 3850 1262 3921; x_wconf 88' lang='lat' dir='ltr'><strong>editiones,</strong></span> <span class='ocrx_word' id='word_1_302' title='bbox 1285 3869 1344 3908; x_wconf 88' lang='lat' dir='ltr'><strong>nec</strong></span> <span class='ocrx_word' id='word_1_303' title='bbox 1369 3851 1407 3908; x_wconf 87' lang='lat' dir='ltr'><strong>de</strong></span> 
     </span>
     <span class='ocr_line' id='line_1_37' title="bbox 324 3933 1374 4013; baseline 0 -21"><span class='ocrx_word' id='word_1_304' title='bbox 324 3934 408 3993; x_wconf 90' lang='lat' dir='ltr'><strong>codd.</strong></span> <span class='ocrx_word' id='word_1_305' title='bbox 430 3934 590 4010; x_wconf 90' lang='lat' dir='ltr'><strong>quidquam</strong></span> <span class='ocrx_word' id='word_1_306' title='bbox 618 3945 761 3992; x_wconf 84' lang='lat' dir='ltr'><strong>notatum.</strong></span> <span class='ocrx_word' id='word_1_307' title='bbox 807 3933 881 4012; x_wconf 89' lang='lat' dir='ltr'><strong>[Sed</strong></span> <span class='ocrx_word' id='word_1_308' title='bbox 909 3955 968 3994; x_wconf 82' lang='lat' dir='ltr'><strong>eurr</strong></span> <span class='ocrx_word' id='word_1_309' title='bbox 989 3934 1071 4013; x_wconf 80' lang='lat' dir='ltr'>AB.]</span> <span class='ocrx_word' id='word_1_310' title='bbox 1115 3935 1185 3993; x_wconf 85' lang='lat' dir='ltr'><strong>vid.</strong></span> <span class='ocrx_word' id='word_1_311' title='bbox 1208 3935 1245 3992; x_wconf 91' lang='lat' dir='ltr'><strong>ad</strong></span> <span class='ocrx_word' id='word_1_312' title='bbox 1266 3935 1293 4006; x_wconf 92' lang='lat'><strong>1,</strong></span> <span class='ocrx_word' id='word_1_313' title='bbox 1317 3935 1374 3993; x_wconf 85' lang='lat'><strong>34.</strong></span> 
     </span>
    </p>

    <p class='ocr_par' dir='ltr' id='par_1_10' title="bbox 324 4018 1412 4438">
     <span class='ocr_line' id='line_1_38' title="bbox 411 4018 1409 4096; baseline 0.002 -20"><span class='ocrx_word' id='word_1_314' title='bbox 411 4039 495 4078; x_wconf 82' lang='lat' dir='ltr'><strong>nonne</strong></span> <span class='ocrx_word' id='word_1_315' title='bbox 515 4018 665 4095; x_wconf 81' lang='lat' dir='ltr'><strong>intellepos)</strong></span> <span class='ocrx_word' id='word_1_316' title='bbox 688 4020 826 4078; x_wconf 83' lang='lat' dir='ltr'><strong>Aliorum</strong></span> <span class='ocrx_word' id='word_1_317' title='bbox 849 4039 965 4096; x_wconf 88' lang='lat' dir='ltr'><strong>quoque</strong></span> <span class='ocrx_word' id='word_1_318' title='bbox 988 4020 1149 4078; x_wconf 87' lang='lat' dir='ltr'><strong>deteriores</strong></span> <span class='ocrx_word' id='word_1_319' title='bbox 1171 4019 1286 4094; x_wconf 87' lang='lat' dir='ltr'><strong>aliquot</strong></span> <span class='ocrx_word' id='word_1_320' title='bbox 1306 4019 1409 4096; x_wconf 86' lang='lat' dir='ltr'><strong>(apud</strong></span> 
     </span>
     <span class='ocr_line' id='line_1_39' title="bbox 325 4103 1408 4181; baseline 0.004 -21"><span class='ocrx_word' id='word_1_321' title='bbox 325 4103 480 4161; x_wconf 80' lang='lat' dir='ltr'><strong>Davisium</strong></span> <span class='ocrx_word' id='word_1_322' title='bbox 492 4121 555 4175; x_wconf 85' lang='lat' dir='ltr'><strong>sex,</strong></span> <span class='ocrx_word' id='word_1_323' title='bbox 578 4104 657 4163; x_wconf 86' lang='lat' dir='ltr'>Oxx.</span> <span class='ocrx_word' id='word_1_324' title='bbox 677 4104 765 4181; x_wconf 80' lang='grc' dir='ltr'>Πχψ)</span> <span class='ocrx_word' id='word_1_325' title='bbox 788 4107 929 4180; x_wconf 80' lang='lat' dir='ltr'><strong>intelleqis,</strong></span> <span class='ocrx_word' id='word_1_326' title='bbox 951 4105 1031 4179; x_wconf 91' lang='lat' dir='ltr'><strong>quod</strong></span> <span class='ocrx_word' id='word_1_327' title='bbox 1043 4105 1137 4162; x_wconf 87' lang='lat' dir='ltr'><strong>secuti</strong></span> <span class='ocrx_word' id='word_1_328' title='bbox 1157 4113 1228 4162; x_wconf 86' lang='lat' dir='ltr'><strong>sunt</strong></span> <span class='ocrx_word' id='word_1_329' title='bbox 1238 4105 1408 4178; x_wconf 87' lang='lat' dir='ltr'><strong>Manutius,</strong></span> 
     </span>
     <span class='ocr_line' id='line_1_40' title="bbox 324 4188 1411 4267; baseline 0.003 -22"><span class='ocrx_word' id='word_1_330' title='bbox 324 4188 496 4259; x_wconf 84' lang='lat' dir='ltr'><strong>Lambinus,</strong></span> <span class='ocrx_word' id='word_1_331' title='bbox 530 4189 681 4261; x_wconf 84' lang='lat' dir='ltr'><strong>Davisius,</strong></span> <span class='ocrx_word' id='word_1_332' title='bbox 709 4189 880 4260; x_wconf 87' lang='lat' dir='ltr'><strong>Ernestius,</strong></span> <span class='ocrx_word' id='word_1_333' title='bbox 911 4191 1062 4262; x_wconf 87' lang='lat' dir='ltr'><strong>Bremius,</strong></span> <span class='ocrx_word' id='word_1_334' title='bbox 1096 4189 1147 4265; x_wconf 89' lang='lat' dir='ltr'><strong>qui</strong></span> <span class='ocrx_word' id='word_1_335' title='bbox 1169 4189 1257 4247; x_wconf 86' lang='lat' dir='ltr'><strong>etiarn</strong></span> <span class='ocrx_word' id='word_1_336' title='bbox 1280 4201 1411 4267; x_wconf 89' lang='lat' dir='ltr'><strong>propter</strong></span> 
     </span>
     <span class='ocr_line' id='line_1_41' title="bbox 326 4273 1412 4351; baseline 0.004 -21"><span class='ocrx_word' id='word_1_337' title='bbox 326 4274 501 4331; x_wconf 88' lang='lat' dir='ltr'><strong>sententiam</strong></span> <span class='ocrx_word' id='word_1_338' title='bbox 523 4275 700 4350; x_wconf 85' lang='lat' dir='ltr'><strong>pendentem</strong></span> <span class='ocrx_word' id='word_1_339' title='bbox 721 4294 810 4331; x_wconf 79' lang='lat' dir='ltr'><strong>naraon</strong></span> <span class='ocrx_word' id='word_1_340' title='bbox 831 4275 902 4351; x_wconf 92' lang='lat' dir='ltr'><strong>poni</strong></span> <span class='ocrx_word' id='word_1_341' title='bbox 919 4275 1047 4334; x_wconf 87' lang='lat' dir='ltr'><strong>volebat.</strong></span> <span class='ocrx_word' id='word_1_342' title='bbox 1080 4277 1191 4345; x_wconf 86' lang='lat' dir='ltr'><strong>Locos,</strong></span> <span class='ocrx_word' id='word_1_343' title='bbox 1214 4273 1265 4332; x_wconf 90' lang='lat' dir='ltr'><strong>ubi</strong></span> <span class='ocrx_word' id='word_1_344' title='bbox 1287 4274 1412 4334; x_wconf 84' lang='lat' dir='ltr'><strong>dicatur</strong></span> 
     </span>
     <span class='ocr_line' id='line_1_42' title="bbox 327 4358 1411 4438; baseline 0.006 -24"><span class='ocrx_word' id='word_1_345' title='bbox 327 4376 441 4432; x_wconf 65' lang='lat' dir='ltr'><strong>quomo,</strong></span> <span class='ocrx_word' id='word_1_346' title='bbox 464 4377 560 4430; x_wconf 84' lang='lat' dir='ltr'><strong>nonne,</strong></span> <span class='ocrx_word' id='word_1_347' title='bbox 588 4359 667 4417; x_wconf 90' lang='lat' dir='ltr'><strong>malo</strong></span> <span class='ocrx_word' id='word_1_348' title='bbox 689 4378 708 4417; x_wconf 91' lang='lat' dir='ltr'><strong>a</strong></span> <span class='ocrx_word' id='word_1_349' title='bbox 730 4358 880 4418; x_wconf 89' lang='lat' dir='ltr'><strong>Schellero</strong></span> <span class='ocrx_word' id='word_1_350' title='bbox 904 4359 945 4438; x_wconf 88' lang='lat' dir='ltr'><strong>(v.</strong></span> <span class='ocrx_word' id='word_1_351' title='bbox 968 4360 1065 4438; x_wconf 83' lang='lat' dir='ltr'><strong>noane)</strong></span> <span class='ocrx_word' id='word_1_352' title='bbox 1093 4359 1155 4437; x_wconf 89' lang='lat' dir='ltr'><strong>peti</strong></span> <span class='ocrx_word' id='word_1_353' title='bbox 1184 4377 1272 4436; x_wconf 88' lang='lat' dir='ltr'><strong>quam</strong></span> <span class='ocrx_word' id='word_1_354' title='bbox 1294 4379 1335 4418; x_wconf 82' lang='lat' dir='ltr'><strong>ex</strong></span> <span class='ocrx_word' id='word_1_355' title='bbox 1360 4361 1411 4420; x_wconf 89' lang='lat' dir='ltr'><strong>his</strong></span> 
     </span>
    </p>
   </div>
   <div class='ocr_carea' id='block_1_6' title="bbox 0 0 1502 5028">
    <p class='ocr_par' dir='ltr' id='par_1_11' title="bbox 0 0 1502 5028">
     <span class='ocr_line' id='line_1_43' title="bbox 0 0 1502 5028; baseline 0 0"><span class='ocrx_word' id='word_1_356' title='bbox 0 0 1502 5028; x_wconf 95' lang='lat' dir='ltr'><strong> </strong></span> 
     </span>
    </p>
   </div>
  </div>
 </body>
</html>
