2928 5012
319 431 393 495 LVI
769 451 965 499 runnnnnm.

321 619 348 684 si
374 620 449 702 quid
472 621 512 684 ad
535 621 592 684 hos
614 620 710 684 libres
732 627 916 686 annotatum
939 621 1077 700 haberet
1099 640 1217 686 mecum
1234 621 1409 685 eommuni-

321 736 416 807 earet,
440 739 608 810 postquam
631 729 871 809 demumrediit
893 748 964 808 uon,
987 747 1066 811 quae
1078 729 1141 793 iam
1151 728 1289 807 haberet,
1312 728 1411 807 misit,

325 837 382 902 sed
405 855 473 902 mea
495 855 591 902 causa
612 837 657 901 ita
679 856 713 902 se
742 839 873 902 contulit
900 840 941 903 ad
963 837 1021 902 hos
1042 837 1138 902 libras
1160 837 1279 901 intento
1301 837 1410 900 anime

323 945 550 1024 retractandos,
573 951 608 1009 ut
630 945 706 1011 nihil
728 946 796 1010 iere
818 946 1020 1028 relinqueret,
1048 945 1087 1010 de
1109 963 1171 1026 quo
1193 963 1255 1008 non
1278 953 1410 1009 senten-

324 1052 400 1116 tiam
422 1061 513 1117 acute
535 1059 567 1117 at
588 1055 761 1134 prudenter
783 1053 911 1132 diceret,
935 1060 1119 1135 argumenta
1130 1053 1250 1117 erudite
1262 1062 1294 1117 et
1303 1052 1411 1117 seien-

321 1168 371 1225 ter
396 1161 601 1242 conquireret,
625 1181 724 1244 eaque
746 1162 851 1226 emnia
873 1161 997 1240 sensim,
1019 1162 1409 1242 mesopereprncedente,

323 1268 601 1348 mihisictradidit
625 1275 669 1347 ut,
692 1269 981 1351 quomodovellem
1004 1277 1118 1334 uterer.
1152 1271 1198 1334 Ac
1214 1287 1411 1351 quamquam

321 1385 396 1441 neta
419 1377 494 1442 mihi
515 1387 584 1442 erat
605 1378 695 1443 amici
717 1387 864 1442 accurata
886 1377 1029 1442 doctrina
1050 1383 1082 1442 et
1104 1383 1223 1441 rectum
1244 1377 1412 1442 danastra

321 1493 391 1550 arte
412 1485 572 1565 iudicium,
596 1486 768 1551 admiratus
791 1493 895 1550 tamen
918 1505 1001 1565 sum,
1034 1503 1129 1567 quam
1157 1503 1252 1566 saepe
1278 1485 1310 1549 in
1337 1493 1411 1550 tam

323 1594 434 1676 exiguo
456 1593 641 1675 praesertim
665 1601 821 1674 apparatu
844 1595 929 1674 (nam
953 1613 992 1658 ne
1015 1593 1187 1658 Gruterum
1209 1594 1333 1674 quidem
1347 1595 1410 1659 ha·

322 1701 427 1782 bebat)
456 1711 512 1766 aut
539 1720 646 1765 verum
679 1702 784 1783 ipsum
813 1701 988 1767 felicissime
1014 1701 1184 1767 invenisset
1210 1709 1265 1766 aut
1286 1711 1411 1766 rectam

322 1810 404 1874 uam
432 1810 499 1874 eins
526 1810 703 1875 inveniendi
730 1810 896 1876 institisset
927 1829 1090 1891 meamque
1117 1810 1302 1875 sententiam
1329 1828 1411 1874 cen-

322 1936 416 1982 sensu
439 1916 652 1997 confirmaret,
675 1917 831 1983 interdum
854 1919 946 1983 etiam
965 1919 1009 1983 ad
1032 1937 1070 1983 ea
1092 1917 1289 1995 attendisset,
1322 1937 1411 1999 quae

321 2044 371 2090 me
392 1997 568 2106 mgissene
602 2027 705 2107 Atque
726 2025 812 2104 haec,
833 2026 865 2090 in
888 2026 999 2107 quibus
1022 2033 1096 2090 sunt
1111 2025 1214 2105 etiam,
1237 2045 1318 2106 quae
1341 2046 1409 2092 non

322 2135 364 2199 ad
386 2133 443 2198 lms
467 2133 551 2198 solos
574 2133 670 2198 libros
691 2133 879 2215 pertineant,
901 2139 937 2198 nt
953 2153 1012 2214 par
1024 2139 1100 2213 erat,
1121 2133 1278 2198 inventori
1294 2134 1409 2214 tribui;

321 2242 376 2306 ubi
398 2241 428 2304 iu
441 2242 559 2320 eadem,
581 2249 755 2323 atquaego,
778 2243 938 2322 inciderat
961 2242 1124 2306 tautumin
1137 2242 1230 2307 rebus
1252 2241 1410 2323 insignie-

322 2348 418 2427 ribus,
442 2357 474 2413 et
495 2347 738 2414 continuationis
751 2368 846 2414 causa
868 2357 900 2414 et
915 2351 1268 2432 quodiueundumerat
1291 2369 1409 2414 nomen

322 2457 388 2522 eins
411 2456 557 2538 ascripsi,
586 2475 700 2537 neque,
734 2458 760 2521 si
783 2459 908 2538 quando
931 2458 1057 2538 aliquod
1079 2458 1253 2539 exenrplum
1275 2476 1314 2522 ex
1337 2459 1411 2523 eius

323 2564 421 2645 copiis
454 2564 580 2629 adiunxi
613 2564 704 2643 meis,
740 2565 825 2647 qnod
854 2585 915 2630 non
943 2583 1016 2630 raro
1043 2565 1159 2630 iactum
1187 2572 1250 2644 est,
1283 2566 1410 2646 menui3

322 2690 424 2754 neque
446 2672 528 2736 enim
549 2672 602 2736 illa
623 2672 692 2753 lege
704 2673 844 2738 rivirum.
879 2675 983 2755 Atque
1000 2674 1093 2740 etiam
1115 2674 1167 2738 ubi
1190 2691 1209 2738 a
1230 2691 1281 2737 me
1302 2675 1410 2738 disce-

323 2779 425 2859 debat,
448 2780 580 2844 maxime
601 2781 685 2860 qued
707 2780 846 2844 codicum
857 2781 1020 2846 meliorum
1031 2782 1208 2846 testimonia
1224 2800 1285 2845 nen
1302 2787 1412 2861 norat

322 2906 475 2970 perquam
497 2907 592 2970 saepe
614 2887 690 2953 utile
713 2887 787 2951 mihi
810 2887 869 2952 fuit
891 2889 1006 2969 videre,
1028 2890 1102 2972 quid
1126 2889 1274 2971 prudenti
1288 2887 1411 2953 homini

323 2995 355 3059 in
377 3003 511 3060 mentem
534 2995 662 3060 veniret.
719 2995 780 3060 Sed
809 2995 883 3060 mihi
910 2997 942 3061 in
970 3003 1035 3062 tnta
1063 2997 1122 3062 hac
1149 3015 1184 3061 re
1212 2996 1270 3060 etsi
1298 3002 1412 3062 cetera

323 3104 448 3186 egregie
469 3103 643 3184 placebant,
664 3109 769 3168 tamen
792 3103 869 3168 illud
891 3104 983 3186 lenge
994 3105 1205 3187 gratissimum
1221 3103 1288 3182 fine
1310 3106 1411 3185 quod,

323 3229 385 3291 quo
408 3217 548 3292 tempore
570 3229 640 3275 cum
661 3211 868 3292 perversitate
891 3213 1086 3293 quorundam
1109 3211 1308 3277 conflictabar
1326 3214 1411 3276 etin

322 3337 437 3399 genere
459 3318 612 3383 scribendi
634 3337 735 3400 paene
758 3337 882 3384 moroso
905 3318 1111 3400 defetigabar‚
1144 3320 1257 3385 licebat
1277 3320 1308 3384 in
1333 3337 1411 3384 sva·

323 3424 448 3490 vissimo
471 3425 624 3490 amicitiae
645 3427 759 3491 affectu
780 3427 986 3507 acquiescere.

408 3533 496 3598 Haec
518 3532 620 3611 habui,
643 3535 785 3615 quaeda
807 3535 884 3599 meis
896 3535 1031 3600 consiliis
1048 3535 1260 3618 institutisque
1273 3535 1412 3601 dicenda

323 3641 513 3706 viderentur.
547 3640 680 3722 Reliqua
696 3641 757 3704 iam
770 3643 871 3706 oratio
893 3643 1033 3725 deipsis
1057 3643 1214 3708 Ciceronis
1236 3643 1324 3708 libris
1337 3645 1410 3710 erit

835 3915 882 3987 ll.

409 4069 427 4149 ξ
453 4069 479 4132 l.
525 4066 637 4132 Libros
660 4067 700 4132 de
717 4065 831 4132 finibus
845 4067 952 4132 Cicero
975 4067 1101 4149 scripsit
1118 4068 1309 4134 CaesareIV
1333 4087 1410 4134 con-

323 4175 391 4240 sule
413 4175 518 4255 priore
540 4185 632 4255 parte
654 4175 766 4239 annia.
779 4175 851 4240 Chr.
868 4177 953 4239 ulf)
975 4173 1141 4256 postliliae
1157 4181 1288 4240 martem
1311 4177 1410 4243 abso-

322 4282 481 4362 lutamque
494 4281 754 4361 consolationem,
765 4283 874 4347 eedem
886 4281 951 4346 iere
962 4288 1111 4362 tempore,
1134 4302 1196 4365 quo
1207 4284 1410 4366 Academica,

323 4391 469 4466 Asturae,
492 4389 544 4454 ubi
566 4389 671 4453 villam
694 4389 841 4467 habebat,
864 4388 1047 4454 brevissimo
1070 4391 1172 4471 spatio
1195 4397 1227 4456 et
1248 4390 1409 4472 celeriter;
