2938 5020
301 387 362 453 188
691 403 737 450 ns
759 401 891 450 rmrsus
913 401 986 449 uos.

299 581 502 637 consumeret
547 573 645 648 Quem
666 571 798 636 libenter
819 587 948 636 cenasse
969 588 1058 634 nemo
1070 575 1172 650 negat
1207 567 1379 650 Curigitm

300 693 362 738 non
385 675 482 740 benet
521 673 616 752 Quia,
645 673 729 753 quod
751 673 842 750 bene,
863 672 897 736 id
918 678 1018 750 recte,
1040 669 1211 753 tergoter,
1233 671 1379 748 boneste3

354 899 372 941 1.
394 893 458 957 qnod
476 901 566 943 samem
585 895 644 958 (pro
660 893 860 958 contamermtlli
896 897 920 945 2.
942 891 1009 960 [qnia
1027 891 1086 956 quati
1103 889 1149 958 At]
1188 890 1314 958 [sopolder
1333 889 1379 958 Αἱ]

299 1127 351 1174 aut
362 1118 414 1188 ibi,
431 1118 482 1176 ubi
493 1118 630 1194 negative
641 1119 830 1175 continuatur
840 1116 935 1176 oratio
957 1117 1004 1193 (nt
1015 1116 1142 1173 innescio
1152 1115 1242 1173 Tusc.
1253 1117 1292 1187 V,
1308 1117 1381 1185 116,

298 1221 357 1277 quo
379 1204 444 1260 loco
472 1203 608 1260 Klotzius
635 1203 788 1260 revocavit
819 1201 939 1260 foedum
972 1201 1206 1258 additamentum
1233 1202 1381 1276 Epicur-02¹3

298 1287 383 1363 quasi
406 1287 498 1346 Stoici
520 1298 550 1344 et
572 1287 764 1364 Peripatetici
786 1288 880 1363 magis
902 1286 1008 1344 Latine
1030 1286 1171 1343 sciverint
1197 1305 1284 1360 quarn
1308 1286 1383 1362 Epi·

298 1372 378 1430 curei
400 1381 452 1430 eut
473 1373 687 1449 Epicureorum
710 1383 895 1448 contemptus
924 1372 1030 1428 artium
1058 1371 1096 1428 ad
1124 1371 1267 1428 sermonis
1296 1391 1382 1447 pere·

297 1458 375 1535 grini
396 1459 532 1534 peritiam
555 1457 731 1533 pertinuerit
752 1467 803 1514 aut
825 1457 887 1514 ulla
907 1457 984 1514 ratio
1006 1457 1045 1514 sit
1066 1457 1109 1514 ibi
1130 1457 1267 1532 exemplo
1284 1456 1383 1531 philo·

298 1543 457 1619 sophornm
469 1553 567 1600 certae
579 1542 752 1618 disciplinae
765 1540 890 1617 utendi),
913 1550 965 1598 aut
986 1542 1037 1598 nbi
1059 1541 1245 1600 adversative
1257 1559 1383 1598 conver·

297 1629 384 1698 titur3
407 1628 508 1685 durius
531 1628 620 1704 igitur
642 1629 675 1685 fit
697 1628 752 1686 hoo
775 1628 902 1699 schema,
925 1627 976 1684 ubi
998 1627 1093 1684 oratio
1110 1645 1168 1685 non
1187 1627 1383 1696 convertitur,

300 1713 351 1771 sed
375 1713 565 1770 continuatur
586 1731 640 1787 per
661 1723 759 1785 aretem,
782 1723 816 1770 ut
838 1731 927 1788 supra
948 1713 974 1783 Ι,
993 1713 1043 1783 61,
1066 1711 1313 1787 autubipertitio
1326 1723 1383 1783 est,

298 1807 333 1856 ut
356 1796 504 1856 intrate:
526 1799 616 1855 Alteri
636 1809 735 1873 negant
755 1801 905 1872 quidquam
926 1817 983 1854 cese
1005 1798 1112 1868 lemma
1130 1800 1186 1868 nisi
1205 1799 1279 1871 quod
1302 1798 1384 1854 horre·

298 1893 370 1942 stam
392 1886 442 1955 eit,
475 1885 555 1940 altere
570 1885 719 1958 plurimam
741 1904 770 1941 ee
796 1894 821 1941 et
848 1886 923 1956 longe
945 1885 1071 1956 longeque
1088 1885 1235 1958 plurimam
1265 1882 1385 1940 tribuere

299 1969 430 2026 dorestate
450 1978 505 2026 etc.
549 1968 627 2025 Nam
651 1969 692 2027 ibi
715 1987 831 2044 quoque
854 1987 913 2024 vox
935 1969 1015 2024 alteri
1035 1967 1112 2024 idem
1134 1968 1257 2024 verbum
1280 1968 1383 2026 animo

299 2053 397 2110 obicit.
441 2054 488 2111 Ne
511 2053 585 2110 illud
607 2054 726 2129 quidem
750 2053 852 2123 molle,
887 2053 965 2128 quod
993 2052 1023 2109 in
1052 2051 1282 2128 interrogatione
1311 2071 1383 2109 con-

298 2139 412 2196 tinuata
433 2139 542 2214 legitur
558 2140 614 2210 IV,
640 2141 694 2196 22:
717 2141 887 2196 Potrouneae
908 2156 1007 2194 caloae
1030 2170 1071 2178 —
1093 2148 1201 2210 negaret
1211 2155 1269 2194 esse
1280 2140 1383 2194 reolum

299 2225 417 2292 erilium,
436 2225 643 2298 publicationem
666 2226 811 2281 bonorum?
833 2225 897 2280 lroee
915 2224 1049 2279 reiciendo
1066 2241 1137 2292 eree,
1159 2241 1211 2278 noa
1226 2225 1384 2296 sopiendo?

298 2306 367 2386 [aut
393 2309 471 2382 quod
493 2308 555 2381 IV,
585 2311 624 2365 69
652 2309 683 2365 in
711 2308 882 2366 condicione
916 2316 1029 2364 mutata
1058 2325 1095 2364 ex
1123 2317 1197 2381 neget
1228 2307 1266 2362 ad
1300 2309 1385 2364 ‚attilo

299 2395 384 2467 arogis
407 2392 532 2450 sumitur
554 2392 650 2472 dicat]
695 2395 810 2450 Durum
833 2393 931 2463 etiam,
955 2393 1033 2467 quod
1057 2394 1094 2462 V,
1121 2393 1161 2450 88
1184 2393 1214 2449 in
1232 2392 1382 2468 particula

299 2488 386 2534 tomen
408 2478 530 2535 accidit:
564 2480 615 2535 Ille
642 2481 745 2536 Metelli
770 2482 852 2536 mlum
879 2488 958 2552 nepot
985 2477 1125 2534 beatiorem
1153 2497 1235 2552 quom
1264 2479 1382 2552 Reguli,-

295 2565 518 2640 praeponendam
540 2573 635 2634 tomen,
658 2583 704 2620 nec
727 2573 782 2620 etc.
825 2563 935 2620 Nullus
957 2572 1055 2619 tamen
1077 2562 1236 2631 locushoc,
1259 2563 1297 2620 de
1321 2583 1382 2638 quo

300 2647 424 2724 agimus,
448 2648 558 2718 durior,
581 2657 614 2705 ut
636 2657 794 2706 excusetur
815 2648 987 2717 Lambinus,
1011 2647 1062 2721 qui
1084 2658 1153 2704 recte
1168 2650 1233 2704 dicit
1244 2647 1381 2723 scripsit3

298 2733 418 2808 probari
441 2752 500 2789 non
522 2733 617 2790 debet
663 2735 708 2790 De
730 2734 796 2809 ipso
808 2733 946 2790 universo
958 2751 1065 2808 genere
1077 2732 1152 2789 nihil
1162 2743 1208 2789 est
1219 2751 1271 2788 cur
1283 2733 1381 2790 dicam

299 2827 367 2893 post
390 2836 450 2889 eos,
474 2835 548 2892 quos
570 2818 674 2875 citavit
696 2817 801 2877 Stallb.
824 2818 862 2875 ad
881 2817 1017 2875 Ruddim.
1040 2818 1081 2888 II,
1105 2836 1133 2892 p.
1158 2817 1229 2888 361,
1252 2836 1381 2892 quorum

298 2902 467 2959 nominibus
488 2901 576 2960 facile
599 2914 662 2960 erat
683 2923 774 2960 unum
797 2911 827 2959 et
848 2903 972 2959 alterum
995 2903 1152 2974 ascribere,
1174 2911 1208 2959 ut
1218 2903 1321 2960 Beieri
1344 2903 1382 2959 ad

298 2987 380 3044 Lael.
404 2989 453 3044 59.

384 3091 443 3130 cum
461 3076 623 3148 praesertim
644 3075 671 3128 in
693 3093 722 3129 eo
744 3071 813 3148 etc.)
835 3071 1017 3148 Intellegunt
1038 3072 1101 3128 sine
1123 3071 1213 3129 dubio
1229 3071 1382 3146 plerique:

298 3177 327 3214 eo
349 3160 457 3232 quidem
484 3161 570 3232 magis
592 3162 730 3223 miserum,
759 3159 833 3232 qaod
855 3166 909 3213 etc.
953 3157 1029 3214 Mihi
1052 3158 1107 3214 hoc
1129 3175 1233 3232 parurn
1255 3157 1294 3213 ad
1317 3176 1380 3214 reru

298 3243 446 3318 pertinere
468 3243 593 3315 videtur,
617 3262 676 3300 non
698 3241 790 3300 fuisse
812 3251 926 3298 tantum
949 3241 1077 3298 studium
1100 3243 1183 3299 ineo
1200 3242 1381 3318 ponendum,

298 3346 352 3385 nec
374 3328 471 3399 video,
494 3347 546 3384 cur
569 3348 604 3387 eo
627 3328 762 3385 miserior
783 3327 881 3384 fuerit.
925 3327 1030 3400 Itaque
1053 3327 1227 3385 Ciceronem
1254 3327 1319 3398 bic,
1349 3336 1383 3384 ut

298 3413 380 3484 alibi,
403 3413 445 3470 sic
468 3413 534 3470 illas
546 3413 706 3490 particulas
729 3413 863 3490 posuisse
885 3422 966 3488 puto,
990 3423 1023 3468 nt
1045 3413 1244 3488 significarent
1254 3417 1382 3485 quamuis

224 3563 226 3568 y
298 3499 370 3575 (aad
391 3501 452 3570 des,
476 3498 616 3575 obplev'eb).
660 3498 738 3556 Nom
762 3517 827 3556 cum
845 3501 1007 3573 praesertim
1019 3498 1173 3574 significet,
1196 3497 1320 3574 adiungi
1343 3498 1382 3554 ed
1453 3567 1454 3570 Ἴ

298 3583 337 3655 id,
362 3583 442 3658 quod
452 3584 619 3658 generalius
632 3583 741 3640 dietum
754 3584 801 3654 sit,
824 3582 937 3658 aliquid
949 3583 1082 3658 proprie,
1113 3602 1171 3657 quo
1183 3582 1213 3639 id
1224 3593 1382 3658 augeatur,

298 3669 363 3740 hoc,
386 3669 467 3743 quod
477 3669 656 3745 adiungitur,
669 3669 747 3744 apud
758 3668 891 3740 Latinos,
904 3668 1032 3725 maxime
1043 3667 1226 3740 Ciceronem,
1239 3685 1332 3744 saepe
1344 3688 1380 3726 ex

298 3753 446 3811 contrario
469 3773 576 3829 genere
599 3763 652 3823 est,
675 3763 709 3810 ut
730 3753 796 3810 ideo
819 3754 913 3810 maius
935 3771 1000 3810 esse
1021 3752 1158 3810 videatur
1174 3753 1214 3822 id,
1237 3753 1318 3827 quod
1339 3755 1383 3811 di-

298 3847 390 3910 catur,
415 3839 494 3913 quod
516 3849 614 3896 tamen
627 3839 734 3915 (nihilo
751 3837 862 3914 minus)
884 3839 937 3896 fiat
958 3849 1010 3895 aut
1031 3839 1078 3896 sit.
1106 3841 1207 3912 Atque
1224 3838 1271 3894 hic
1284 3849 1382 3896 trans·

297 3923 356 3981 itus
385 3924 422 3980 ad
450 3925 672 4000 significandam
699 3943 761 3980 rem
786 3943 821 3981 eo
844 3924 1079 3994 memorabilem,
1111 3924 1190 3998 quod
1217 3923 1299 3981 aliud
1328 3944 1382 3980 ex-

298 4017 441 4084 pectetur,
464 4009 577 4066 filiam
601 4009 630 4066 in
654 4009 780 4084 simplici
803 4009 958 4084 particula,
981 4019 1015 4066 nt
1035 4010 1068 4067 11
1090 4009 1127 4066 de
1150 4009 1219 4066 Div.
1235 4009 1311 4065 142:
1335 4028 1382 4066 esec

298 4105 353 4151 tom
375 4097 488 4152 maltum
509 4097 643 4152 dormiens
665 4097 719 4150 allo
741 4098 922 4151 scrumosum
943 4098 1103 4164 admonitus,
1126 4098 1209 4151 tantis
1218 4097 1383 4169 praescr-trin

298 4180 332 4236 de
354 4180 441 4251 rebus,
464 4179 571 4252 idest,
594 4180 730 4255 quamvis
752 4189 852 4236 tentae
875 4191 973 4237 essent
994 4199 1055 4251 res,
1089 4189 1122 4236 ut
1149 4181 1197 4236 vel
1219 4180 1383 4255 praecipue

298 4263 450 4321 admoneri
472 4265 632 4322 debuerim.
666 4263 727 4324 Sed
749 4265 920 4339 saepissime
942 4283 1002 4322 cum
1008 4269 1170 4340 praetem
1181 4275 1211 4321 et
1218 4269 1383 4340 presseram
1453 4287 1454 4310 t

298 4368 357 4407 cum
380 4349 490 4425 (nullo,
519 4351 598 4424 quod
619 4349 889 4418 animadverterim,
911 4348 1094 4425 discrimine)
1117 4359 1147 4407 et
1163 4353 1383 4425 qaipmewtt'm
