3000 5044
320 395 383 460 548
712 413 756 458 nn
778 411 910 460 surmus
932 413 1003 460 non.

316 591 450 661 tantem,
473 601 492 647 a
514 600 590 663 quo,
613 600 693 664 quae
714 589 821 647 essent
841 581 994 663 principia
1016 589 1155 662 naturae,
1178 591 1347 662 acceperat
1371 602 1391 646 a

316 684 528 750 communibus
549 684 643 750 initiis
666 684 914 766 progredientem
937 684 1057 763 videre,
1086 684 1139 748 ubi
1160 685 1295 766 primum
1314 685 1391 750 insi-

317 792 414 852 steret
436 793 467 852 et
487 788 570 852 unde
592 805 687 852 causa
708 787 1140 866 controversieenasoeretur‚
1163 805 1234 866 nou,
1257 793 1391 851 stantem

316 908 385 954 cum
407 889 459 969 iis,
492 890 545 971 qui
573 908 612 954 ne
634 889 773 954 dicerent
794 889 919 970 quidem
950 907 1007 954 sua
1035 887 1260 954 summobono
1282 907 1349 954 esse
1371 909 1391 954 a

278 995 429 1058 bnoturn
450 1011 508 1073 pro
510 990 598 1072 fecta,
620 992 667 1056 uti
687 991 797 1056 usdem
808 991 1009 1072 argumentis
1030 991 1143 1073 quibus
1164 991 1391 1071 illiuterenttu,

315 1094 484 1176 iisdemque
506 1093 676 1160 sententie.

400 1197 499 1270 XVII.
523 1199 573 1262 46.
607 1196 733 1261 Minime
755 1214 829 1260 vero
850 1197 927 1261 illud
949 1153 1056 1278 probo,
1079 1197 1170 1277 quod,
1193 1215 1263 1261 cum
1284 1197 1391 1261 domu-

315 1299 381 1378 stis,
403 1305 440 1363 ut
460 1298 547 1364 vobis
569 1298 728 1378 uidemini,
751 1299 851 1363 solum
873 1299 987 1364 bonnm
1009 1317 1092 1377 esse,
1122 1300 1206 1380 quod
1227 1298 1392 1362 honestum

316 1402 365 1482 sit,
387 1408 453 1465 tum
476 1419 599 1466 rursum
621 1400 732 1480 dicim,
754 1401 843 1466 initia
863 1400 999 1482 proponi
1021 1419 1148 1466 necesse
1170 1420 1240 1466 esse
1261 1408 1338 1482 apta
1360 1408 1393 1464 et¹

259 1507 300 1572 10
317 1504 547 1568 accommodata
569 1509 715 1584 naturae,
748 1521 880 1586 quormn
908 1521 946 1567 ex
973 1503 1138 1568 selectione
1164 1503 1263 1568 virtus
1290 1502 1393 1584 possit

387 1723 587 1779 succederem
624 1723 922 1778 nostrornm?
959 1725 1267 1790 tm(prontc)omnes
1307 1726 1394 1774 sto-

315 1811 368 1844 num
385 1793 500 1844 solnmli
537 1799 559 1842 9.
577 1810 660 1843 rnrsns
677 1793 746 1844 LPR
783 1793 874 1843 estEL
913 1791 980 1860 [acta
990 1792 1039 1862 Eh]
1081 1799 1119 1846 lo
1138 1811 1167 1843 ex
1184 1792 1393 1844 electioneomnes

314 1864 438 1912 uimns-
457 1861 584 1913 selectione
601 1878 651 1916 om
670 1863 691 1911 L

314 2070 346 2128 id
369 2089 432 2128 esse
455 2071 549 2129 solnm
572 2071 696 2142 bonnm,
725 2079 754 2128 et
782 2070 812 2126 id
835 2088 870 2127 eo
893 2069 1060 2139 confirmat,
1088 2070 1168 2144 qnod
1188 2070 1275 2127 aliter
1296 2069 1394 2128 virtus

315 2157 454 2215 constitui
476 2155 626 2232 nequeat).
671 2155 852 2216 Sententiam
876 2155 994 2213 minime
1017 2155 1186 2226 obscuram,
1210 2174 1298 2230 quam
1316 2157 1394 2213 Ker-

315 2242 382 2299 nins
404 2250 483 2299 recte
506 2242 666 2317 expressit,
700 2242 848 2299 declaravi
878 2249 999 2317 propter
1020 2240 1228 2299 nonnullorum
1250 2260 1393 2312 errorem,

316 2327 367 2402 qni
390 2337 523 2384 extrema
544 2328 635 2384 verbe
664 2326 718 2404 (nti
744 2329 837 2384 it'sdem
864 2329 1041 2400 arpenn-entis,
1075 2329 1172 2401 qnibns
1195 2329 1235 2384 illi
1256 2325 1327 2404 cet)
1350 2327 1423 2384 sic·

316 2413 540 2470 intellexerunt:
568 2423 655 2470 tamen
677 2415 717 2470 nti
737 2415 871 2470 sententiis
893 2422 918 2469 et
938 2415 1101 2486 orqnmentc's
1123 2413 1346 2470 Academicorum
1370 2423 1394 2470 et

317 2499 563 2574 Peripateticorum.
603 2497 779 2575 Cogitamus
800 2498 835 2555 de
858 2517 955 2555 rernm
977 2499 1055 2554 inter
1077 2496 1193 2556 Stoicos
1216 2507 1246 2554 et
1267 2498 1395 2574 Peripa·

316 2584 421 2641 teticos
444 2584 658 2641 convenientia.
702 2586 814 2642 Verum
842 2583 898 2640 boo
925 2583 990 2640 loco
1019 2583 1049 2640 id
1072 2583 1168 2658 ipsum
1192 2582 1296 2643 Cicero
1321 2603 1394 2658 qne-

316 2669 400 2740 ritur,
424 2670 501 2744 quod
514 2670 594 2728 Zeno
617 2688 681 2726 eam
695 2669 845 2727 occultans
857 2669 1037 2745 argumentis
1049 2669 1261 2744 sententiisque
1272 2669 1395 2726 aliunde

316 2755 417 2812 escitis
439 2763 547 2812 utatur.
591 2755 655 2812 Nec
683 2757 723 2812 oe
749 2755 787 2811 ad
816 2773 906 2811 unum
933 2754 1125 2812 Polemonem
1153 2754 1258 2812 referri
1285 2764 1395 2830 potest

316 2841 380 2897 Iam
403 2840 475 2914 quid
497 2841 532 2898 de
554 2839 631 2899 Gzio
653 2840 757 2910 dicam,
781 2840 832 2914 qui
854 2841 896 2898 sie
918 2841 1010 2897 verba
1031 2839 1162 2897 ordinat:
1184 2843 1297 2915 aequius
1320 2843 1395 2898 oide-

317 2927 397 2983 eamr
418 2928 507 2983 videre
529 2929 661 2984 Zenonem
688 2945 747 2983 cnm
769 2927 910 2982 Polemone
932 2928 1122 3000 disceptantem
1150 2935 1180 2982 et
1205 2925 1237 2983 id
1259 2935 1395 2983 enarrat:

318 3012 443 3082 „horum
465 3011 625 3069 sententias
647 3012 678 3068 in
695 3011 832 3070 conflictu
849 3029 958 3087 ponere
971 3008 1018 3090 (l),
1042 3027 1213 3088 comparere
1231 3011 1308 3068 inter
1320 3019 1390 3069 se.
1359 3009 1396 3050 ἰ

316 3097 452 3171 Itoque'
443 3116 474 3154 ιιι
496 3098 591 3154 altera
611 3107 696 3173 parte
718 3096 880 3155 sententiae
902 3094 1092 3174 (nonstantem
1115 3094 1184 3175 cet)
1205 3097 1395 3154 retinetcnm

317 3183 453 3240 omnibns
467 3193 535 3240 ante
548 3183 715 3241 Manutium
727 3191 757 3240 et
768 3183 945 3240 Lambinum
963 3190 993 3239 et
1010 3200 1075 3239 cnm
1094 3181 1224 3241 Grutero
1236 3183 1397 3240 ridiculum

317 3269 451 3326 codicum
458 3266 561 3349 [etiem
568 3265 608 3348 B]
617 3269 767 3326 mendum:
778 3278 808 3324 nt
818 3269 912 3324 iisdem
923 3272 1093 3342 anqnmentis,
1106 3287 1143 3325 ne
1155 3268 1396 3326 animadvertens

317 3355 445 3430 quidem,
469 3354 547 3430 apud
569 3354 725 3411 Davisium
748 3363 779 3411 et
799 3354 969 3411 Ernestinm
981 3354 1068 3410 aliter
1079 3353 1176 3425 scribi,
1200 3373 1256 3411 nec
1277 3353 1313 3410 de
1328 3373 1395 3410 sen·

317 3440 410 3497 tentia
432 3449 484 3496 aut
506 3441 639 3497 oratione
661 3439 782 3496 verbum
806 3439 899 3496 ullum
922 3439 1012 3496 addit
1056 3440 1116 3496 Pro
1139 3450 1326 3496 monstrantem
1345 3439 1396 3498 Ci-

317 3543 385 3582 cero
403 3533 520 3601 potarat
537 3525 665 3582 scribere
682 3543 765 3599 qnam
776 3535 898 3593 stentem,
921 3533 955 3581 ut
971 3524 1008 3581 ed
1019 3524 1150 3602 regulam
1163 3525 1397 3600 comparationis

317 3609 413 3668 forma
424 3618 529 3668 exacta
540 3619 631 3680 esset3
644 3629 721 3667 nunc
733 3610 964 3685 comparativum
977 3607 1103 3688 (aequius
1114 3609 1267 3685 videbatur)
1279 3610 1397 3668 rettulit

317 3696 355 3753 ad
377 3695 458 3753 illins
469 3696 601 3766 rationis,
625 3715 712 3770 quam
725 3691 806 3753 Zeno
818 3705 934 3753 secutus
952 3704 1039 3768 esset,
1062 3696 1306 3773 significationem
1317 3715 1396 3762 earn,

217 3851 220 3859 „
317 3799 393 3857 qnae
415 3781 474 3839 inm
496 3781 527 3838 in
550 3781 750 3857 superioribus
772 3781 882 3851 inerat;
905 3781 1010 3838 deinde
1032 3800 1097 3839 eam
1119 3791 1220 3859 aperte
1243 3790 1397 3855 tamquam

317 3876 415 3924 rectae
438 3875 468 3924 et
490 3885 600 3942 aequae
624 3867 799 3924 contrariam
822 3867 967 3925 adiunxit
1010 3867 1037 3923 A
1059 3875 1127 3924 ente
1149 3877 1250 3924 natura
1277 3867 1398 3925 omitte·

317 3953 390 4010 bant
414 3962 493 4022 „tres
514 3953 638 4029 optimi“
663 3952 741 4025 Gaii,
764 3951 805 4030 [B
805 3950 829 4029 ].

403 4037 476 4115 Cap.
487 4039 591 4096 XVII.
615 4040 665 4096 46.
687 4059 720 4095 en
742 4037 889 4112 selectione)
913 4037 963 4097 Sic
975 4036 1116 4096 Davlsrus
1133 4057 1171 4095 ex
1188 4038 1317 4096 editione
1328 4039 1397 4096 Ma

317 4124 393 4180 nntii
421 4133 452 4181 et
475 4123 642 4198 „aliquibus
670 4123 840 4181 codicibus“
870 4132 900 4181 et
926 4124 1064 4199 deinceps
1092 4124 1284 4193 recentiores,
1307 4133 1398 4182 antea
1496 4147 1497 4160 ι

318 4219 384 4266 erat
404 4229 438 4267 en
459 4211 594 4280 ebetionm
629 4209 680 4266 sed
708 4227 823 4285 semper
849 4209 923 4266 haec
951 4211 1053 4266 selectio
1074 4209 1241 4286 appellatur
1263 4209 1319 4287 (II,
1344 4211 1398 4280 43,

320 4293 378 4367 III,
395 4296 442 4366 12,
458 4296 508 4366 20,
522 4293 589 4374 31),
613 4303 643 4352 et
663 4295 693 4352 id
716 4313 822 4352 nomen
845 4295 986 4370 sequitur.
1029 4296 1065 4352 In
1088 4295 1227 4366 continue
1248 4295 1398 4371 scriptura

319 4381 376 4437 hoc
394 4381 547 4438 EXSEL.
566 4380 710 4438 transibat
728 4381 895 4438 necessario
912 4381 943 4437 in
954 4381 1084 4438 EXEL.
1101 4381 1131 4437 in
1143 4380 1180 4438 iis
1192 4379 1353 4452 codicibus,
1367 4383 1399 4438 in
