3034 5030
462 405 505 452 nr
528 405 609 452 usn.
632 405 694 452 nm.
716 403 753 452 1n
775 403 847 452 cnr.
868 409 891 452 s.
1127 387 1190 453 369

127 581 180 654 cst,
201 574 337 656 partium
360 574 501 656 corporis
522 573 584 638 alia
604 573 748 640 ridentur
768 579 900 656 propter
926 589 1034 638 eorum
1060 591 1150 638 usum
1172 591 1192 639 a

9 733 11 774 ³
128 683 237 742 natura
247 677 452 754 essedonata,
474 683 510 740 ut
519 694 639 754 manus
660 694 762 756 crura,
779 676 884 757 pedes,
906 683 999 756 ntes,
1021 693 1102 758 qnae
1119 681 1193 742 sunt

9 777 14 826 ·'
125 778 205 844 intus
224 778 258 843 in
280 795 421 859 corpore,
442 796 574 860 quorum
595 777 713 844 utilitas
724 783 841 860 quanta
862 777 911 857 sit,
931 778 1088 844 amcdicis
1100 779 1192 843 etiam

126 880 310 962 disputatum
333 879 393 945 ulia
413 887 517 945 autam
539 877 654 946 nullom
676 881 715 946 ob
737 879 899 946 utilitatem
921 881 1013 962 quasi
1032 881 1073 946 sd
1094 895 1192 962 quen·

126 983 360 1062 dsmornaturm,
384 982 662 1064 utcaudaparoni,
686 982 810 1064 plumae
821 981 1024 1048 versicolores
1035 983 1191 1061 columbis,
1210 983 1234 1050 5

126 1084 197 1150 viris
230 1101 382 1149 mammae
412 1089 508 1165 atque
534 1083 639 1150 barba
685 1087 734 1150 19.
764 1085 851 1150 Haec
882 1085 1028 1150 dictmtur
1060 1083 1194 1150 iortesse

128 1187 270 1266 ieiunius;
299 1191 373 1252 sunt
399 1185 480 1250 enim
502 1186 592 1268 quasi
613 1187 716 1267 prima
738 1186 890 1252 elementa
910 1193 1054 1266 nonnae,
1083 1185 1193 1268 quibus

128 1288 251 1354 ubertas
284 1287 432 1354 orationis
462 1287 602 1354 atibiberi
634 1289 684 1354 vix
715 1295 833 1370 potest;
866 1305 923 1354 nec
955 1287 1097 1370 equidem
1125 1305 1194 1353 eam
1284 1338 1287 1344 .

129 1389 225 1471 cogito
247 1389 434 1468 wnsoemrn
457 1408 565 1455 verum
587 1396 689 1456 tamen
711 1408 780 1456 cum
801 1391 841 1456 de
863 1390 955 1455 rebus
977 1389 1193 1472 grandioribus

9 1525 10 1528 ¹
128 1491 217 1572 dicas,
239 1491 328 1573 ipsse
349 1511 400 1556 res
427 1491 523 1558 verba
549 1493 690 1573 rapiunt;
722 1492 767 1558 its
793 1491 830 1558 fit
861 1510 930 1558 cum
957 1492 1096 1574 grauiora
1127 1499 1193 1556 tum
1212 1495 1253 1560 10

129 1593 216 1658 etism
238 1593 430 1675 splendidior
451 1593 558 1658 oratio.
592 1593 658 1673 Est,
681 1601 718 1658 ut
738 1593 823 1672 (licie,
845 1594 985 1676 inqtmm3
1014 1595 1069 1660 scd
1091 1601 1192 1658 temen

130 1713 223 1774 omne,
245 1697 330 1778 quod
351 1697 391 1761 de
412 1715 447 1762 re
468 1696 547 1760 bons
571 1695 704 1761 dilucide
714 1695 834 1774 dicitur,
857 1693 930 1760 mihi
952 1695 1113 1778 praeclare
1135 1695 1194 1760 dici

131 1797 256 1862 ridetur.
301 1797 479 1864 Istiusmodi
506 1803 610 1862 sutem
636 1817 688 1864 res
716 1798 819 1863 dicere
841 1804 949 1864 ornate
971 1798 1049 1863 velle
1075 1797 1194 1879 puerile

195 2017 344 2068 letecE
405 2017 651 2069 secadboaiss
711 2019 900 2071 ll.atom.li
967 2017 1196 2074 mmihi-dici

130 2084 215 2138 omn
269 2088 566 2155 1³,rdtprcatdern)E
618 2087 764 2140 resom.C
800 2086 947 2156 [pnndiA]

129 2309 365 2384 idqceDevisius
386 2321 417 2369 et
437 2311 590 2370 Ernestius
612 2313 705 2370 secuti
727 2321 804 2384 sunt,
828 2311 906 2387 qnod
918 2321 1005 2369 antec
1022 2311 1097 2371 Ceto
1119 2311 1195 2369 dixit

130 2397 291 2454 arbitratur
307 2408 337 2454 et
356 2407 498 2472 putassem
520 2415 574 2455 nec
585 2396 664 2456 Oxx.
686 2399 855 2455 arbitrantur
875 2395 1028 2474 proferunt
1045 2397 1101 2454 nisi
1113 2417 1129 2454 e
1140 2409 1193 2473 χψ,

131 2491 162 2538 ut
180 2483 211 2538 in
232 2477 275 2552 Εξ
296 2483 421 2558 alterum
442 2481 533 2541 fuisse
555 2484 699 2541 rideatur.
743 2483 803 2543 Sed
819 2483 903 2553 Cato,
926 2501 992 2540 cure
1014 2501 1062 2540 nos
1084 2483 1119 2540 de
1143 2483 1195 2540 hc-

131 2567 237 2624 misum
269 2582 377 2644 genere
409 2569 556 2642 posuisset
584 2587 677 2643 eoque
704 2587 736 2626 se
763 2568 1047 2645 comprehendisset,
1078 2567 1194 2628 Stoicos

130 2653 213 2710 tertia
233 2671 359 2728 persom
370 2653 555 2730 significarit,
576 2663 610 2711 ut
631 2673 720 2730 saepe
737 2652 825 2726 inire,
837 2653 945 2724 velut§
959 2653 998 2712 62
1012 2651 1196 2734 (ordinantur

132 2769 171 2778 -
188 2737 403 2814 persequimur),
439 2741 488 2810 64,
513 2741 563 2810 68,
588 2739 626 2796 69
650 2748 705 2797 oet.
749 2739 811 2797 Sint
832 2757 886 2815 pro
907 2749 970 2796 sant
991 2757 1029 2796 ex
1051 2757 1110 2796 uno
1132 2738 1194 2796 Erl.

131 2817 212 2902 [Ab]
233 2823 310 2895 dedi,
333 2824 438 2882 ceteris
459 2825 632 2882 tacentibus.
665 2825 738 2882 Mox
760 2825 797 2882 de
819 2823 930 2882 verbis:
958 2826 988 2881 id
1008 2835 1055 2884 est.
1075 2828 1194 2900 partirem

130 2912 253 2984 conponi,
276 2927 353 2984 quae
374 2909 507 2967 nonnulli
529 2909 646 2968 sublata
667 2910 832 2982 voluerunt,
855 2909 914 2966 vid.
937 2909 974 2966 ed
995 2911 1037 2981 Π,
1058 2912 1084 2966 6.
1119 2909 1194 2988 [Pro

130 2995 194 3064 iam,
222 2995 301 3068 quod
323 2987 402 3052 recte
424 2995 453 3052 in
474 3013 632 3072 progressu
654 2995 795 3054 orationis
807 2994 934 3071 ponitur,
957 2992 1015 3053 fuit
1036 2996 1086 3069 qui
1103 3013 1194 3072 prave

131 3097 190 3136 narn
211 3079 300 3137 scribi
321 3078 435 3158 vellet]

210 3175 241 3222 at
266 3185 313 3236 cn,
347 3183 418 3240 qaae
443 3175 506 3222 sunt
531 3168 603 3222 istus
630 3169 657 3222 in
685 3163 810 3244 corpore)
844 3165 943 3222 Minus
977 3166 1049 3222 haec
1077 3165 1195 3242 proprie

129 3248 251 3308 subiecit
282 3250 478 3308 membrorum
505 3251 615 3326 generi.
664 3251 761 3326 Magis
788 3259 885 3308 tannen
913 3250 985 3306 haec
1012 3270 1031 3307 a
1052 3250 1195 3325 proximis

130 3345 314 3410 separentur,
348 3335 474 3412 repetita
500 3335 646 3412 particula
673 3345 717 3407 nt,
751 3354 838 3410 quam
866 3336 891 3392 si
918 3345 943 3392 et
969 3353 1035 3393 cum
1057 3335 1118 3392 Erl.
1141 3331 1194 3416 [B]

129 3419 287 3496 scripseris,
300 3429 333 3478 nt
343 3420 632 3478 ieceruntMcnutius
644 3431 675 3479 et
681 3420 850 3479 Lambinus.
873 3421 946 3478 Mox
957 3420 1108 3497 aequalior
1118 3429 1196 3478 esset

130 3506 230 3578 oratio,
253 3507 278 3564 si
296 3507 448 3582 pavonibus
469 3506 654 3567 scriberetur.
676 3515 711 3564 ut
732 3505 856 3564 Darisio
877 3504 993 3582 placuit
1011 3506 1196 3585 (636116666-

130 3593 170 3648 nis
190 3589 317 3670 errorc);
340 3591 506 3649 necessarie
517 3592 660 3650 correctio
671 3610 729 3650 non
742 3601 796 3662 est,
819 3591 849 3648 in
860 3591 907 3648 his
919 3592 1091 3668 praesertim
1103 3592 1193 3650 libris.

130 3675 272 3752 Exempla
293 3677 358 3734 sine
380 3677 470 3734 dubio
491 3676 595 3736 Cicero
624 3678 749 3754 sumpsit
770 3696 788 3734 e
810 3676 991 3776 Chrysippo,
1025 3678 1076 3753 qui
1104 3677 1195 3734 mults

129 3760 164 3818 de
186 3761 365 3838 singularum
388 3780 593 3837 rerumquae
615 3781 645 3820 m
657 3763 766 3820 mundo
776 3771 884 3834 essent,
908 3762 995 3820 etism
1007 3763 1194 3833 minutarum,

130 3847 249 3905 consilio
277 3857 307 3905 ct
334 3846 531 3923 descriptione
559 3856 590 3904 ct
618 3846 713 3906 forms
736 3848 859 3904 dixerat
903 3848 1053 3905 Pavonem
1077 3847 1195 3941 quidem

12 3925 13 3948 ¹
130 3931 215 3990 etiarn
238 3933 349 3990 caudes
370 3950 460 3990 cansa
481 3941 574 3990 totum
597 3941 698 3991 netum
721 3933 867 3990 dixerat
858 3952 888 3990 ιη
900 3934 975 3990 bbro
986 3951 1053 4010 περι
1064 3950 1196 4007 qvoemc

129 4015 207 4076 Plnt.
229 4019 265 4076 de
288 4017 380 4078 stote.
401 4037 523 4094 repugn.
547 4019 583 4075 21
608 4037 637 4094 p.
664 4017 800 4078 10440.

215 4104 295 4160 19.“
284 4123 361 4179 ipsae
382 4123 425 4160 res
446 4105 525 4160 6666
547 4099 669 4184 replum)
697 4103 728 4161 id
750 4113 804 4176 est,
827 4121 925 4161 secum
948 4102 1098 4180 abripiunt
1113 4111 1143 4160 et
1158 4103 1196 4160 sd

128 4187 311 4262 grandiorem
344 4187 489 4263 quandam
524 4189 664 4247 orationis
696 4187 822 4248 formam
854 4190 982 4246 trahunt.
1031 4187 1198 4248 Obscursnt

129 4275 312 4345 sententiam,
335 4275 386 4348 qui
403 4277 517 4350 perium
538 4274 626 4332 scribi
650 4276 771 4332 malunt
803 4275 876 4333 Mox
898 4276 1048 4332 istiusmodi
1063 4285 1092 4331 ut
1109 4275 1195 4332 etism

130 4355 221 4434 Spin,
254 4373 313 4417 non
340 4357 518 4434 infrequenti
545 4359 576 4417 in
598 4360 644 4418 his
666 4359 816 4420 codicibus
839 4361 959 4429 mend0;
992 4377 1060 4416 nam
1087 4360 1125 4416 ab
1153 4379 1196 4430 eo,

960 4476 995 4530 24
