2944 5040
330 388 393 452 794
595 449 608 458 ,
748 403 926 454 excussus
948 406 969 451 1.

329 598 366 635 ne
381 579 489 652 sidem
509 579 640 652 quidem
663 579 792 652 iuteqram
804 597 918 648 matrem,
936 579 1146 651 ulritnaqne'tado
1157 588 1314 652 quaestuum
1325 596 1394 653 eper-

331 675 407 720 tetur.
452 663 621 721 Absurdum
645 663 795 732 0100500ος
824 662 974 738 aptissime
997 663 1096 720 statim
1119 663 1313 738 significatur,
1341 682 1393 719 non

329 767 419 806 unum
442 767 505 806 csse
527 749 751 806 incommodum.
780 747 863 826 [Non
885 747 1186 824 recteNipperdeins,
1209 747 1265 806 loci
1289 748 1392 804 elibro

329 835 424 910 primo
447 834 534 909 positi
556 834 717 891 immemor.
761 835 915 908 Quomodo
938 834 1074 892 Handins
1092 835 1177 908 tvp.
1194 835 1251 890 108
1274 845 1303 890 et
1328 834 1391 890 109.

329 939 366 976 ne
388 919 481 976 libero
503 919 644 976 orationis
672 919 764 979 motui
792 918 904 994 aliquid
938 920 1111 977 concederet
1139 937 1213 975 nave
1236 920 1391 976 obtrectare

330 1005 484 1077 desineret,
507 1005 588 1063 locos
610 1005 647 1061 ad
669 1005 745 1062 hanc
768 1005 894 1080 speciem
906 1005 1086 1080 pertinentes
1102 1004 1321 1080 interpretando
1332 1023 1392 1080 per·

328 1090 458 1147 verterit.
481 1090 617 1166 persequi
640 1091 757 1160 omitt03
781 1109 866 1147 nemo
889 1091 967 1147 enim
989 1109 1066 1148 nunc
1089 1087 1275 1167 decipietur]

414 1177 471 1232 III.
505 1175 608 1233 Tertia
628 1176 722 1251 figura
749 1175 842 1232 oritur
869 1175 899 1232 in
929 1175 1109 1233 diiunctione
1136 1186 1166 1231 et
1187 1175 1329 1250 particula
1348 1185 1392 1230 nat

328 1261 484 1337 geminata.
529 1263 626 1318 Huius
648 1261 839 1319 connexionis
861 1261 903 1318 sic
925 1262 1094 1332 dissolutae,
1118 1271 1150 1317 ut
1172 1261 1297 1318 alterum
1310 1279 1390 1316 mern-

329 1347 413 1404 brum
436 1346 523 1404 aliem
546 1346 671 1404 formam
694 1347 806 1416 subeat,
830 1347 966 1423 exempla
977 1347 1075 1418 habet,
1099 1355 1131 1403 ut
1147 1347 1220 1416 dixi,
1244 1355 1309 1422 post
1324 1345 1389 1402 alios

328 1432 464 1490 Handius
486 1433 516 1489 in
540 1433 666 1489 llusell.
678 1433 694 1489 1
705 1452 732 1508 p.
747 1433 807 1490 546
821 1431 918 1509 (Brut
932 1433 982 1500 53,
1006 1431 1089 1490 Orat.
1103 1433 1174 1491 229.
1198 1431 1284 1488 huius
1301 1431 1388 1506 operis

329 1519 385 1580 Il',
399 1520 416 1575 7
421 1520 448 1588 7,
471 1518 521 1574 ubi
544 1518 662 1588 Cicero,
686 1536 750 1574 cum
773 1526 841 1593 post
862 1523 944 1592 qimai
964 1517 1124 1575 diiunctive
1147 1518 1310 1574 orationem
1330 1535 1388 1592 par-

330 1603 379 1660 tiri
401 1603 593 1674 instituisset,
627 1623 681 1680 pro
708 1604 802 1660 altero
829 1615 892 1674 aut,
916 1603 1000 1678 quasi
1027 1602 1162 1678 superius
1185 1613 1297 1660 tantum
1318 1603 1390 1676 quasi

328 1689 484 1765 posuisset,
503 1689 627 1746 subiecit
638 1699 663 1746 et
674 1687 777 1766 quasi).
811 1689 870 1748 Sed
881 1688 963 1746 locus
974 1698 1130 1764 corruptus
1141 1707 1196 1764 pro
1209 1687 1322 1746 Cluent
1336 1687 1386 1742 127

328 1775 386 1830 huc
407 1793 465 1832 non
489 1775 623 1850 pertinet,
646 1775 696 1831 ubi
718 1774 800 1831 nulla
821 1774 1052 1850 potestcogitari
1065 1774 1207 1831 diiunctio
1219 1771 1388 1830 condicionis

328 1860 505 1917 adversariis
527 1861 706 1936 propositae,
729 1879 783 1918 nec
805 1861 950 1917 sententia
971 1879 989 1916 a
1010 1879 1073 1916 nam
1089 1859 1244 1934 incipiens,
1267 1877 1344 1932 quaa,
1365 1857 1387 1912 si

329 1945 380 2003 illa
402 1945 496 2022 figura
518 1957 604 2017 essct,
627 1945 718 2022 priori
741 1946 872 2003 membro
893 1946 1068 2002 adhaereret
1089 1955 1118 2001 et
1134 1944 1386 2002 orationeminter-

329 2040 488 2106 rumperet,
510 2031 575 2106 ipsa
596 2031 721 2089 alterum
744 2031 905 2088 membrum
929 2031 1078 2088 continere
1100 2041 1209 2105 posset.
1238 2028 1386 2088 Addendus

225 2127 230 2140 ¹
330 2127 375 2173 est
396 2116 494 2191 potius
516 2116 598 2174 locus
620 2137 656 2174 ex
680 2118 696 2174 I
718 2117 753 2173 de
765 2115 823 2175 Off.
837 2119 864 2188 9,
888 2135 975 2190 quem
996 2116 1112 2173 codices
1135 2115 1240 2191 optimi
1262 2125 1335 2172 recte
1350 2113 1386 2169 air

330 2202 470 2278 scriptum
493 2202 615 2259 hebent:
643 2203 752 2278 Triplex
773 2205 855 2276 iqitar
873 2212 913 2259 est
925 2235 965 2244 -
976 2203 1079 2260 canalii
1099 2203 1224 2276 capieruli
1237 2202 1386 2258 deliberatio.

330 2287 404 2344 num
425 2297 483 2344 eat
501 2288 669 2344 detrectamus
683 2291 764 2362 ⁸t'ncta
786 2293 820 2346 eit
841 2307 877 2344 an
894 2297 971 2363 torpe
992 2288 1115 2344 dubitant
1136 2289 1180 2358 id,
1214 2288 1289 2362 qaod
1304 2290 1328 2342 ia
1348 2285 1385 2340 de

329 2374 506 2429 liberationem
528 2376 615 2444 cadit,
643 2379 670 2431 in
694 2393 747 2448 qao
769 2375 961 2430 considerando
982 2392 1061 2448 saepe
1087 2375 1171 2428 animi
1196 2376 1224 2428 ia
1251 2373 1387 2429 000500·ιῖαο

326 2467 420 2533 partes
447 2459 643 2514 distrahuntur.
697 2460 774 2515 Tem
798 2470 905 2516 aetem
934 2467 981 2516 aut
1007 2461 1155 2532 anquirunt
1181 2467 1229 2514 out
1251 2458 1387 2515 connatam

329 2553 384 2600 cet.
406 2544 432 2600 T
434 2545 501 2600 erti
505 2563 553 2600 aare
566 2545 707 2602 (100520ηά1
714 2565 798 2619 qenes
809 2555 849 2602 eet
859 2555 913 2602 cet.
930 2543 1029 2620 Vulgo
1040 2543 1186 2600 omittitur
1196 2553 1245 2600 aut
1260 2553 1324 2620 post
1335 2560 1386 2597 raon

331 2625 467 2706 (ciuili
489 2649 551 2685 nom
573 2627 626 2706 et);
648 2630 748 2704 itaque
764 2631 879 2701 vitiose,
902 2648 966 2686 cnm
991 2628 1099 2704 triplex
1123 2637 1346 2686 commemorata
1356 2625 1385 2682 sit

329 2713 484 2784 dubitatio,
508 2733 566 2771 una
587 2715 705 2773 videtur
726 2715 865 2792 proponi3
888 2715 1013 2772 debebat
1036 2715 1139 2771 saltem
1162 2713 1235 2770 dici:
1258 2713 1386 2788 01100000·-

327 2819 399 2857 mum
422 2809 476 2856 cet.
520 2798 634 2878 [Paene
656 2801 794 2872 adducor,
818 2800 855 2858 ad
877 2801 998 2858 eandem
1021 2799 1145 2857 formam
1163 2799 1236 2856 dure
1248 2798 1386 2874 scripsisse

329 2885 500 2944 Ciceronem
524 2885 560 2942 de
571 2886 691 2943 natos:
719 2885 793 2954 Quid
809 2897 895 2944 aemm
918 2905 1053 2959 rrmqnmn,
1075 2895 1123 2942 out
1145 2887 1308 2958 aaesroqem
1323 2886 1386 2939 illm

328 2979 392 3042 cet,
415 2979 448 3027 ut
470 2971 537 3028 huic
559 2972 749 3047 respondeat:
771 2992 802 3029 ne
822 2973 927 3029 hecale
954 2972 1044 3028 Icadii
1052 2973 1159 3045 quidem
1182 2967 1253 3050 cet]
1274 2972 1308 3028 ln
1319 2969 1386 3025 idem

327 3075 420 3132 genus
442 3055 545 3113 incidit
566 3064 663 3132 poeta,
685 3058 737 3115 sed
749 3057 892 3115 eiusmodi
903 3064 1000 3133 podte,
1023 3055 1106 3112 cuius
1118 3056 1213 3113 omnis
1230 3055 1292 3112 fere
1303 3053 1386 3112 oratio

327 3141 357 3198 in
380 3143 610 3218 argumentando
633 3150 662 3198 et
688 3144 852 3201 rationibus
876 3142 1059 3217 explicandis
1071 3152 1268 3212 consumatur,
1291 3141 1386 3198 Lucre·

328 3228 386 3284 tius
408 3228 464 3298 VI,
479 3229 539 3285 714
552 3246 615 3303 sqq.
659 3227 811 3302 Quaerens
834 3229 911 3286 enim
935 3227 970 3284 de
993 3227 1055 3284 Nili
1078 3227 1267 3284 incrementis
1278 3222 1385 3282 aestivis

327 3313 370 3370 sic
392 3312 518 3370 orditur:
542 3315 571 3369 10
593 3315 823 3389 eiqatAeqqptam
845 3316 959 3370 medium
967 3332 1019 3388 per
1030 3332 1109 3387 saepe
1120 3314 1243 3379 calorem,
1266 3310 1382 3384 Aetqm'a

328 3409 390 3455 seret
410 3408 512 3456 aestate
522 3401 659 3473 aquilones
681 3403 867 3469 ostentantem
890 3409 960 3468 tum,
983 3407 1140 3474 postquam
1152 3398 1188 3454 de
1200 3397 1301 3454 horum
1313 3392 1383 3468 aqui·

328 3483 428 3540 lonum
451 3482 556 3540 effectu
579 3483 664 3559 plura
679 3485 764 3556 dixit,
788 3503 853 3542 cum
877 3503 935 3542 non
958 3493 1057 3559 posset
1079 3483 1273 3558 interruptam
1289 3479 1384 3540 oratio·

328 3587 393 3625 nem
417 3569 459 3626 sic
480 3569 666 3626 continuare:
698 3581 747 3627 ont
773 3573 837 3644 qaia
864 3581 933 3639 cet,
967 3569 1090 3625 alteram
1119 3569 1314 3625 coniecturam
1335 3563 1383 3621 alio

329 3654 415 3711 modo
433 3653 546 3710 inducit
557 3655 588 3730 (7
594 3655 662 3724 tn:
686 3656 740 3712 Est
751 3675 864 3730 qaoque,
887 3659 927 3712 uti
943 3657 1031 3730 possit
1052 3663 1107 3710 cet.
1130 3651 1248 3732 [Livius
1260 3654 1301 3713 Π,
1313 3649 1382 3720 iti

328 3759 382 3814 pro
404 3759 450 3797 nec
469 3750 518 3796 ant
540 3773 580 3781 -
602 3751 649 3797 aet
671 3741 747 3797 dixit
768 3761 814 3798 nec
831 3751 879 3798 aat
901 3773 942 3782 -
964 3735 1070 3818 nequa]

412 3826 467 3882 lv.
500 3825 643 3882 Proxima
665 3837 709 3882 est
730 3825 881 3897 diiunctio,
905 3843 979 3900 quae
1002 3825 1035 3880 fit
1056 3823 1166 3899 duplici
1189 3823 1330 3900 particule
1344 3819 1383 3876 cel.

328 3911 403 3967 Eam
425 3911 579 3968 Ernestius
601 3911 775 3969 dissolutam
797 3930 860 3968 esse
883 3911 957 3968 vidit
979 3911 1009 3967 in
1032 3911 1082 3967 111
1103 3911 1139 3966 de
1152 3909 1235 3968 Orat
1250 3912 1287 3966 65
1301 3918 1326 3965 et
1339 3905 1384 3962 66:

329 3997 386 4054 Sed
407 4007 588 4071 utramque
610 4007 648 4054 eet
669 4000 697 4053 ia
719 3998 769 4068 leis,
793 3999 867 4072 qaod
885 3998 919 4054 ab
937 3997 993 4066 loc,
1016 3999 1270 4070 qneminstraimee,
1293 4001 1383 4051 cratere

327 4084 407 4138 valde
416 4083 568 4153 abhorrent,
588 4085 639 4138 vel
660 4085 734 4157 qaod
744 4103 841 4152 omnes,
854 4085 903 4156 qui
912 4073 1044 4157 sapientes
1056 4063 1106 4138 eda
1119 4085 1181 4151 arat,
1199 4099 1296 4138 servos.
1313 4081 1381 4135 atre

327 4185 382 4234 nes,
401 4169 497 4234 hostes,
509 4171 618 4224 insanos
629 4187 685 4224 esse
696 4170 796 4236 dicum,
809 4187 892 4242 neque
903 4178 989 4224 tornea
1002 4186 1160 4241 quenquam
1172 4185 1230 4224 esee
1246 4167 1380 4240 animem.

328 4251 404 4308 Tum
428 4252 566 4322 Crassus,
601 4270 687 4328 quam
716 4253 874 4310 absurdum
896 4253 952 4309 hoc
980 4252 1069 4309 sitin
1092 4261 1223 4322 oratore,
1257 4246 1381 4308 ostendit:

328 4337 433 4394 deinde
454 4339 492 4396 ad
513 4339 637 4396 alterum
660 4339 811 4407 eduobus,
835 4357 910 4412 quas
922 4339 1080 4396 abhorrere
1092 4338 1129 4393 ab
1146 4348 1262 4394 oratore
1274 4335 1381 4396 dixerat,
