2928 5012
353 407 412 470 XX
793 425 987 470 rnaana'rm.

352 596 396 660 sic
405 594 498 675 posui
509 592 572 674 (P),
583 593 695 660 silentii
707 593 914 660 testimouium
927 593 1111 676 significans,
1125 613 1181 660 nec
1192 605 1296 660 tamen
1310 613 1431 675 sempe

352 703 410 767 hoc
432 701 490 766 feci
516 702 548 765 iu
570 701 675 766 codice
696 702 883 784 perexiguae
905 702 1113 782 auctoritatis,
1147 723 1215 768 cum
1243 704 1431 785 praesertin

352 809 593 874 consentientem
612 828 680 874 cum
701 829 770 875 meo
782 819 928 874 contextu
939 811 1061 875 silentio
1079 810 1214 876 fortasse
1242 831 1306 876 nou
1337 811 1430 891 magi

351 917 414 983 iido
436 927 546 983 notare
568 937 628 982 uon
652 937 784 999 possem.
829 920 939 1000 ltaque
961 919 1070 983 melior
1092 919 1248 984 interdum
1270 919 1323 984 hic
1338 920 1431 982 codo:

353 1025 475 1090 videtur
497 1044 588 1107 quam
611 1045 680 1090 esse
703 1028 810 1104 credc;
833 1028 992 1106 ut111‚3o
1014 1046 1077 1092 uon
1100 1046 1175 1092 sane
1197 1027 1431 1092 babuitcaieui

351 1133 441 1196 rrwdi.
474 1133 521 1197 Ex
533 1134 637 1198 multis
659 1135 778 1200 iudiciis
801 1135 977 1216 srrspicatus
1001 1155 1079 1215 sum,
1102 1135 1184 1200 huuc
1206 1137 1343 1200 eundem
1357 1154 1431 1198 esse

352 1259 443 1323 quem
455 1242 621 1306 Walkerus
633 1249 665 1306 et
677 1241 821 1306 Davisius
832 1243 1040 1308 Parisieusem
1061 1246 1075 1307 l
1090 1243 1291 1324 appellarunt
1305 1243 1383 1320 (ΠΙ,
1400 1245 1431 1306 l(

351 1367 411 1412 asse
431 1349 457 1412 si
478 1347 600 1428 debera
622 1352 661 1414 41
687 1350 782 1414 aceti-i
803 1371 866 1413 non
888 1351 969 1432 qaod
991 1351 1200 1415 aestimatione
1222 1350 1364 1427 alanino,
1395 1353 1431 1414 425

352 1457 430 1520 borco
451 1477 526 1537 vere,
548 1461 589 1524 68
611 1456 682 1520 celle
704 1458 771 1524 sine
788 1478 958 1538 procreare,
982 1458 1348 1539 ldetproficiscoodam).
1374 1459 1431 1522 Sei

352 1567 379 1630 si
401 1566 445 1630 ita
467 1576 525 1645 est,
547 1566 766 1631 incredibiliter
788 1566 933 1631 Davisius
956 1567 1128 1648 scripturas
1151 1567 1366 1648 perturbavit,
1402 1585 1431 1628 u'

351 1676 383 1740 iu
405 1674 589 1738 Eliensibus.

437 1781 579 1848 Codicem
591 1779 773 1856 Lederaeerm
797 1782 848 1864 qui
864 1783 947 1847 inter
959 1783 1131 1849 Vossianus
1148 1783 1265 1848 formae
1276 1782 1431 1847 maximae

351 1897 482 1972 quartus
505 1889 641 1954 decimus
664 1899 721 1968 est
739 1891 777 1954 V.
792 1890 834 1954 Cl.
847 1891 1071 1956 lanusBalrius
1094 1890 1351 1972 perdiscipnlum
1375 1890 1431 1954 ali-

351 2017 443 2080 quem
466 2016 556 2061 suurn
578 2016 647 2061 cum
670 1998 811 2078 exemplo
834 1999 991 2065 Orelliauo
1014 1999 1249 2080 diligentissime
1267 1997 1431 2062 conferen-

351 2107 424 2171 dum
447 2105 568 2169 curavit
589 2113 808 2188 enotatamque
818 2107 1002 2172 varietatem
1012 2107 1087 2172 mibi
1099 2107 1336 2188 perbmnauiter
1346 2106 1431 2170 douo

351 2214 442 2292 misit
465 2213 646 2294 addiditque
667 2213 699 2277 in
710 2214 831 2292 litteris
853 2215 998 2292 codicem,
1022 2215 1074 2296 qui
1091 2215 1183 2295 plura
1196 2214 1339 2279 Tulliana
1355 2231 1431 2278 cou-

351 2323 437 2398 tiuet,
460 2339 530 2386 esse
552 2321 834 2399 membranaceum,
857 2321 953 2387 nitide
975 2323 1125 2402 scriptum
1148 2323 1284 2400 scendo,
1313 2327 1349 2385 nt
1371 2321 1431 2386 sibi

352 2429 519 2507 videretur,
542 2429 595 2492 XI.
640 2430 676 2493 ln
694 2429 813 2509 primae
835 2429 968 2511 paginae
990 2430 1053 2494 ima
1074 2439 1165 2510 parte
1183 2430 1430 2511 scriptumerat:

353 2539 418 2610 „En
440 2536 621 2602 bibliotheca
643 2537 687 2600 lo.
700 2537 822 2600 Huralti
845 2537 1044 2624 Boissallerii.
1089 2537 1157 2602 Emi
1175 2538 1336 2602 aCamillo
1349 2539 1430 2602 Cru-

349 2647 396 2711 cio
418 2647 439 2709 4
463 2645 572 2708 Coro*
608 2644 787 2726 (Huraltino
810 2645 913 2709 codice
936 2646 1260 2717 usnsestliambinus,
1283 2646 1338 2709 sed
1355 2645 1430 2722 alic,

350 2753 512 2834 siquidem
533 2751 561 2816 is
574 2751 611 2827 V,
624 2753 665 2814 89
688 2751 1067 2832 babuitdoclietimlocti.)
1092 2753 1137 2816 De
1149 2759 1251 2816 aetate
1262 2753 1311 2816 vix
1323 2753 1428 2830 credo,

350 2860 495 2942 quoniam
516 2859 715 2939 interpolatio
739 2859 906 2936 eiusmodi,
940 2860 1063 2941 qualem
1090 2860 1120 2923 in
1149 2860 1207 2924 boc
1229 2860 1332 2924 codice
1355 2877 1427 2924 esse

349 2969 443 3049 paulo
465 2980 538 3049 pest
558 2967 669 3044 dicam,
693 2967 724 3030 in
737 2966 813 3030 illud
826 2975 947 3047 tempus
961 2987 1020 3030 non
1033 2967 1156 3031 videtur
1164 2967 1284 3030 cadere
1308 2967 1427 3042 (Codex

350 3077 374 3140 l.
387 3077 436 3140 ir.
450 3074 609 3150 Gronovii
632 3091 726 3155 quem
744 3092 761 3138 c
778 3075 919 3155 catalogo
936 3075 1019 3138 edito
1037 3093 1237 3154 speraveram
1254 3075 1334 3138 bunc
1346 3093 1425 3141 esse.

349 3183 494 3264 Lugduni
517 3182 707 3247 Batavorum
730 3201 791 3246 uon
814 3185 883 3257 est)

436 3290 558 3355 Codicis
569 3288 764 3352 llloaacensrs
786 3309 887 3370 neque
909 3307 1070 3354 numerum
1094 3288 1197 3353 dicere
1220 3307 1317 3370 neque
1333 3289 1423 3368 quid-

348 3416 443 3479 quam
465 3399 505 3462 de
527 3417 564 3461 eo
586 3398 703 3462 addere
724 3415 867 3478 possmu,
895 3397 978 3478 quod
1002 3416 1063 3461 uon
1082 3415 1099 3460 e
1122 3397 1285 3477 scripturis
1307 3403 1421 3476 pateat,

349 3511 480 3587 propter
501 3502 678 3569 huiusmodi
700 3521 834 3568 causam.
879 3503 956 3567 Cum
976 3523 1017 3568 ex
1039 3505 1090 3567 Fr.
1103 3503 1284 3568 Tbierschio
1297 3523 1350 3584 per
1369 3504 1421 3567 lit·

349 3622 434 3677 teras
456 3611 648 3694 quaesissem
670 3620 702 3675 et
723 3612 762 3675 de
785 3611 1078 3675 codiceMouaceusi
1096 3631 1126 3675 u.
1139 3612 1211 3688 328,
1235 3611 1420 3693 eqquoc-

349 3720 472 3784 reuzius
493 3736 610 3799 paucas
633 3718 804 3798 scripturas
821 3716 994 3782 aWeriero
1016 3727 1179 3798 excerptas
1202 3727 1357 3799 posuerat,
1387 3733 1420 3784 et

350 3827 389 3892 de
411 3827 458 3906 iis,
481 3844 562 3908 quae
584 3825 734 3906 opinabar
756 3825 849 3889 etiam
871 3827 912 3889 ad
933 3824 991 3889 hos
1012 3825 1106 3890 libros
1128 3825 1334 3890 aP.Victori0
1348 3827 1416 3891 olim

349 3934 477 3998 collecta
499 3933 653 3997 llonaclrii
676 3933 803 4010 servari,
825 3932 852 3996 is
874 3931 948 3996 milri
970 3931 1202 4012 perhtuuuniter
1224 3942 1256 3997 et
1272 3935 1415 4014 specimen

350 4041 477 4122 aliquod
499 4041 673 4120 scripturae
695 4039 809 4102 codicis
832 4059 849 4102 e
871 4038 950 4102 libro
962 4039 1062 4120 primo
1080 4049 1110 4103 et
1122 4059 1239 4120 eorum,
1262 4042 1415 4122 quaelic-

350 4148 450 4213 toriua
478 4147 509 4212 iu
531 4147 671 4228 margine
699 4146 830 4226 exempli
853 4147 1034 4211 Ascensiaui
1057 4165 1084 4210 a.
1104 4149 1184 4212 15:21
1209 4157 1241 4212 ct
1262 4149 1366 4212 lundui
1387 4171 1413 4216 a.

352 4257 435 4320 leae
458 4259 632 4332 annotarat
657 4253 740 4317 misit
762 4261 794 4316 et
815 4254 979 4318 certiorem
1001 4273 1050 4318 me
1072 4253 1152 4334 fecit
1186 4255 1295 4336 quibus
1314 4259 1408 4321 condi·

350 4362 489 4428 ciorubus
511 4362 606 4426 codex
628 4359 762 4426 conferri
781 4361 952 4425 etVictorii
973 4371 1122 4426 annotata
1144 4363 1276 4428 describi
1285 4377 1411 4444 possent.
