3000 5044
385 441 429 488 nn
452 440 532 488 usn
549 440 612 487 ms.
628 440 663 488 ιν
685 439 757 488 cnr.
778 443 871 487 o-ro.
1096 419 1158 486 517

90 616 153 688 set,
176 626 331 691 nusquam
352 609 471 690 posuit,
506 628 567 674 non
589 627 658 675 esse
679 608 795 674 mulum
815 607 969 686 dolorem,
1004 609 1060 672 sed
1086 608 1161 689 quid

90 717 179 777 esset
198 719 230 776 et
251 711 351 793 quale,
373 717 586 794 quantumque
607 711 639 776 in
663 729 699 776 eo
716 717 801 776 esset
815 709 916 789 alieni,
939 709 1059 790 deinde,
1080 727 1162 792 quae

89 814 171 878 ratio
193 819 277 879 osset
297 811 487 895 perferendi;
516 814 603 879 onius
625 813 762 896 quidem,
785 812 930 895 quoniam
952 811 1073 877 Stoicus
1094 810 1161 891 iant,

89 916 245 981 sententia
277 916 480 981 condemnata
506 914 579 980 mihi
600 915 723 981 ndetm
750 933 819 980 esse
839 914 974 979 inanitas
1000 914 1062 979 ista
1090 932 1160 980 ver-

90 1018 208 1083 borum.
1178 1016 1200 1082 5

174 1121 213 1184 ll
236 1121 286 1185 24.
320 1119 381 1185 Sed
403 1127 439 1184 ut
459 1119 590 1201 propius
612 1119 653 1184 ad
675 1137 721 1199 ea
743 1119 829 1199 Cato,
852 1121 1010 1199 accedam,
1040 1137 1120 1201 quae
1142 1138 1162 1185 a

89 1229 122 1288 te
143 1223 335 1302 dictasunt,
362 1221 503 1303 pressius
529 1239 659 1303 agamus
686 1239 798 1304 eaque,
832 1239 914 1304 quae
934 1222 1026 1286 modo
1048 1221 1162 1302 musti,

89 1343 160 1390 eum
181 1325 220 1390 iis
242 1322 446 1401 conferamus,
468 1341 549 1406 qnae
570 1324 633 1388 tuis
655 1333 819 1405 antepono.
864 1323 951 1401 Quae
973 1329 1046 1388 snut
1066 1323 1162 1406 igitur

88 1427 265 1493 eommunia
285 1426 373 1490 vobis
395 1443 465 1490 oum
481 1426 625 1508 antiquis,
646 1426 684 1491 iis
702 1413 1161 1507 sioutannurquasieono'essis3

88 1547 171 1610 quae
192 1529 224 1593 in
247 1527 489 1593 controversiam
511 1527 647 1608 venium,
669 1528 768 1608 deiis,
791 1528 817 1593 si
828 1528 940 1609 placet
962 1527 1159 1593 disseramus.
1180 1529 1221 1594 10

88 1631 167 1696 Mihi
189 1649 273 1710 vero,
294 1630 408 1712 inquit,
441 1629 545 1712 placet
570 1631 620 1712 agi
649 1629 791 1696 subtilius
818 1637 862 1710 et,
896 1636 932 1695 ut
957 1629 1026 1710 ipse
1047 1629 1162 1710 dixisti,

88 1734 239 1815 pressius.
284 1732 371 1810 Quae
393 1732 475 1796 enim
496 1732 600 1797 adhue
619 1732 785 1814 protulisti,
808 1731 972 1814 popularia
994 1739 1080 1810 suut;
1103 1749 1161 1812 ego

87 1842 194 1900 autem
216 1853 236 1900 a
257 1841 289 1900 te
310 1833 501 1916 degantiora
522 1834 675 1900 desidero.
708 1836 842 1899 Amene
862 1835 920 1900 tu?
941 1834 1081 1915 iuquam3
1105 1833 1162 1898 sed

87 1941 194 2002 tamen
217 1936 327 2016 enitar,
349 1944 390 2016 et,
412 1935 561 2000 siminus
582 1935 946 2014 multamihioccurrent,
969 1953 1030 2000 nou
1047 1934 1163 2017 ingiam

161 2129 183 2172 l.
202 2139 327 2188 numquam
344 2123 435 2175 LPcs
474 2128 497 2174 2
515 2132 537 2174 et
555 2124 646 2177 omli
698 2124 783 2174 interd
797 2122 908 2174 LPliOr.
949 2128 972 2172 8.
987 2122 1162 2188 perferendall

87 2209 157 2258 quem
175 2191 272 2244 &omar
290 2193 313 2242 Ε
348 2198 372 2241 4.
390 2191 524 2242 manuarias
542 2191 673 2244 LPCROr.
711 2197 733 2244 o.
744 2201 817 2242 amen
834 2195 891 2257 (pro
909 2211 926 2242 a
944 2192 977 2257 te)
996 2191 1018 2241 E
1036 2191 1171 2242 adoro.

87 2267 113 2312 8.
131 2261 169 2310 lis
188 2260 253 2312 cor.
303 2265 325 2312 9.
345 2261 415 2310 dmm
433 2260 683 2326 <praesumentium
722 2261 788 2311 nobrio
807 2275 892 2311 omnes
947 2260 984 2309 lis
1001 2260 1036 2310 n'c
1053 2259 1162 2311 EPCOr.

90 2336 128 2380 18.
149 2339 207 2380 ate
223 2330 311 2380 omli
363 2346 399 2379 me
416 2331 473 2394 (pre
490 2330 604 2394 manetis
642 2335 679 2379 14.
698 2329 842 2379 mimalia
860 2328 995 2380 LPCROr.

87 2525 249 2596 ιιιιπιᾳιιαιη)
272 2520 421 2577 hebebant
443 2539 500 2597 mg.
520 2520 610 2591 Crat,
633 2519 680 2578 Et
702 2517 828 2600 (uteri),
863 2516 1017 2601 Spir.[B],
1040 2519 1119 2578 Gud.
1132 2521 1161 2592 l,

87 2607 221 2665 restituit
241 2605 313 2663 Ern.
340 2606 414 2664 Mox
430 2616 498 2663 esset
508 2625 562 2682 pro
574 2609 669 2664 inesset
684 2614 744 2664 tres
766 2605 836 2666 Gaii
857 2603 928 2684 [B];
950 2605 1009 2663 vid.
1031 2605 1069 2662 ad
1094 2607 1142 2663 17.

176 2694 379 2764 inerrantium)
402 2687 542 2772 [Secutus
564 2709 641 2748 nuuc
664 2709 729 2748 oum
746 2692 867 2750 Baitero
889 2691 1026 2749 meliores
1048 2691 1164 2748 codices

87 2797 165 2850 surn,
187 2777 250 2834 Erl.
273 2787 303 2834 et
325 2775 402 2852 Spir.
426 2774 494 2854 (B);
516 2777 618 2836 Ursini
630 2777 705 2834 liber
716 2776 863 2834 numerari
875 2795 934 2834 nou
956 2785 1062 2854 potest.
1085 2776 1164 2834 Nam

88 2881 167 2939 quae
201 2863 281 2919 dieta
310 2873 393 2933 sunt,
431 2881 490 2920 non
523 2874 582 2919 tam
610 2863 648 2919 ad
675 2863 886 2921 immanitatem
913 2862 1072 2920 notandam
1099 2880 1166 2937 per-

88 2950 187 3007 tinent
215 2947 299 3022 quasi
321 2947 468 3004 hominem
491 2965 528 3004 ex
551 2948 668 3005 homine
691 2958 846 3006 exuentem
875 2948 1035 3026 (quomodo
1062 2949 1166 3004 darino

87 3037 215 3092 hnmana
236 3034 355 3108 ponitur
376 3033 406 3090 in
424 3033 542 3090 Pertitt.
555 3031 636 3092 Orat.
662 3034 699 3091 81
724 3043 754 3090 et
775 3034 864 3092 Tuae.
884 3035 942 3104 ΠΙ,
963 3035 1000 3091 12
1013 3035 1165 3090 immanitas

87 3124 114 3178 iu
137 3123 235 3182 meno.
258 3129 352 3194 rumor
372 3121 400 3175 in
421 3137 531 3195 corpore
552 3119 758 3190 indolentiam,
781 3109 834 3194 τὴν
856 3109 1050 3194 ἀναλγησίαν,
1081 3118 1164 3193 sequi

87 3205 213 3279 dicitnr)
246 3223 333 3279 quarn
361 3204 398 3260 ad
425 3204 541 3260 inanem
569 3204 726 3262 verborum
757 3203 1017 3280 magnificentiam,
1057 3204 1164 3278 quibus

87 3311 135 3348 res
158 3290 259 3348 nullae
281 3285 419 3370 subsint]
1075 3321 1079 3330 .

178 3375 251 3451 Cap.
273 3376 314 3446 X,
339 3375 388 3432 24.
410 3395 428 3432 u
450 3385 475 3432 te
496 3377 570 3432 diota
592 3375 667 3450 aunt)
691 3373 784 3433 Gziua
806 3374 894 3431 etiarn
918 3393 933 3431 e
957 3373 1034 3450 Spir.
1047 3371 1166 3452 [B]un·

88 3473 131 3520 ton
153 3456 222 3542 (Εξ,
246 3460 325 3520 Gud.
337 3471 459 3536 uterque
480 3462 520 3518 od
540 3455 595 3541 en).
639 3461 763 3518 Praeter
784 3460 828 3530 id,
852 3459 930 3535 quod
952 3459 990 3516 ad
1012 3464 1026 3530 ξ
1051 3460 1069 3517 3
1092 3459 1164 3532 dixi,

87 3547 204 3605 accedit
226 3547 282 3615 hio,
305 3557 347 3617 ut,
371 3546 396 3603 si
417 3557 496 3603 anteo
517 3545 641 3622 legatur,
660 3546 842 3621 ineptemox
857 3545 983 3603 addatur
993 3547 1078 3612 modo,
1102 3545 1165 3602 ina·

87 3634 168 3690 niter
189 3632 279 3690 etiam
301 3641 481 3689 commutate
501 3649 583 3689 voce.
624 3631 718 3689 Paulo
741 3641 809 3706 post
829 3649 917 3689 voees
939 3651 957 3686 α
979 3641 1003 3688 te
1024 3639 1092 3688 ante
1115 3631 1165 3688 ele-

86 3721 213 3792 pantr'oro
225 3718 349 3775 aberant
365 3717 452 3774 etiam
470 3736 488 3773 a
500 3717 577 3792 Spir.
589 3713 645 3794 [Β]
657 3725 688 3774 et
699 3715 778 3776 Gud.
791 3717 818 3774 2.
846 3716 974 3775 Prorsus
984 3717 1166 3775 necessarias

89 3824 154 3862 esse
178 3813 208 3861 et
230 3804 344 3879 pondus
367 3803 509 3860 orationis
531 3803 691 3874 continere,
714 3803 895 3880 intellegitur
908 3803 996 3859 etiam
1015 3821 1053 3859 ex
1063 3803 1165 3878 proxi·

88 3891 160 3948 mis:
184 3893 210 3946 A
233 3908 306 3946 mene
327 3887 391 3966 (qui
414 3889 487 3945 haee
509 3888 697 3946 mediocriter
719 3887 794 3966 seio)
817 3899 845 3945 tu
867 3885 932 3966 (qui
954 3897 1037 3945 tenes
1058 3896 1165 3962 otper-

89 3974 261 4052 traotaeti)!
282 3970 419 4054 [Poterat
440 3974 549 4031 omisso
571 3985 659 4049 uatem
681 3974 769 4031 scribi
797 3993 844 4048 eqo
865 3993 883 4030 a
906 3984 930 4030 te
951 3970 1030 4051 alep]
1074 3974 1166 4030 liudo

90 4073 200 4132 autern,
223 4061 253 4118 iu
266 4079 325 4134 qno
336 4060 480 4117 vocabulo
492 4059 626 4116 nonnulli
637 4059 804 4131 haeserunt,
827 4058 1005 4117 adieetivum
1022 4057 1166 4116 eiusmodi

90 4148 291 4221 requirentes,
320 4146 398 4219 quod
420 4145 505 4203 alteri
528 4142 701 4223 (populana)
723 4145 902 4202 eontrarium
926 4153 1017 4214 esset,
1050 4143 1166 4201 intelle·

90 4242 200 4309 guntur
222 4251 260 4289 ex
283 4250 317 4288 eo
339 4250 461 4308 genere,
485 4230 563 4305 quod
586 4228 661 4288 Coto
683 4249 714 4288 se
736 4230 886 4304 requirere
908 4240 937 4287 et
959 4229 1038 4304 quod
1060 4229 1165 4288 Cicero

91 4337 121 4375 ae
144 4327 178 4375 ut
200 4326 430 4390 consequeretur
443 4317 600 4374 enisurum
623 4315 748 4373 dixerat.
791 4315 838 4374 Ne
865 4335 986 4392 prorsus
1013 4313 1086 4372 nihil
1109 4315 1165 4372 sibi

91 4423 128 4460 ex
150 4423 187 4461 eo
208 4421 316 4481 genere
339 4413 514 4474 occurreret,
536 4419 596 4458 non
616 4409 733 4477 poterat
754 4402 858 4460 vereri.
