2948 5024
300 397 330 442 nn
347 397 409 442 mu
434 397 495 442 mn.
519 398 539 442 v
562 363 635 442 iun.
655 401 763 444 nn-ns.
981 382 1042 446 751

103 563 185 642 husu,
203 575 228 629 ut
244 565 333 646 sapiens
349 565 436 643 fuerit,
459 585 560 631 nonne
582 566 700 632 beatior
721 585 824 648 quum,
847 577 882 632 ut
902 567 974 632 icem
992 587 1044 632 se-

103 671 147 730 cus
163 666 239 746 sueni,
255 668 295 749 qni
310 668 333 732 in
350 673 493 749 potestate
515 669 649 733 hostium
672 668 783 750 vigiliis
811 676 843 734 et
864 670 968 735 inedia
990 689 1043 736 ne·

105 778 141 832 ms
158 775 200 847 est,
217 770 337 852 Reginus?
496 829 499 842 ,

135 873 246 936 XXVIII,
272 874 310 937 83.
333 873 398 950 Quid
419 891 468 937 me
489 873 583 950 istud,
611 873 750 955 inquam,
775 879 889 954 rogas?
924 875 1043 940 Stoicus

102 993 130 1050 m.
166 974 228 1052 Quid
245 975 328 1054 igitur,
345 974 448 1060 iuquit,
475 995 529 1040 ecs
552 994 760 1056 responsuros
783 983 896 1056 putas?
940 963 1042 1042 Nihilo
1061 985 1083 1046 ἴ)

102 1078 190 1140 ‚tionem
209 1095 263 1142 esse
280 1077 411 1142 Metellum
428 1097 520 1160 quam
533 1077 694 1158 Regulum.
724 1079 801 1142 Inde
810 1079 913 1159 igitur,
935 1079 1043 1160 inque,

102 1180 199 1243 iendum
218 1189 262 1244 est.
300 1180 394 1244 Tamen
422 1199 442 1244 u
468 1181 644 1262 proposito,
677 1181 815 1260 iuquam,
853 1183 1042 1245 aberremus.

102 1407 103 1412 ,
122 1367 172 1416 Post
186 1366 323 1432 triumphasset
336 1368 385 1421 cdd.
403 1367 471 1417 modo
489 1367 510 1416 L
529 1383 562 1416 ex
580 1368 736 1418 correctione
776 1373 798 1417 2
816 1369 914 1418 ionium
933 1383 980 1418 om.
1001 1369 1044 1420 PC

102 1437 236 1554 ζῖἦωιίιᾳὸῗέη
253 1436 364 1487 uncum.
398 1442 418 1486 5.
439 1436 513 1501 eisqui!
531 1437 618 1486 om.C
656 1440 677 1484 7¹·
688 1436 829 1487 audiendum
847 1446 881 1487 est
895 1437 1043 1496 omncs‚0r.

102 1626 121 1704 i]
140 1629 207 1684 cisne
226 1637 344 1686 euocetur
363 1627 429 1703 (nisi
452 1629 530 1703 quod
552 1630 576 1687 is
594 1627 649 1707 [B]
672 1647 737 1686 cum
758 1639 784 1698 ψ
807 1649 906 1696 censor,
929 1629 1045 1704 consul),

102 1725 109 1768 t
122 1713 190 1771 (nst.
202 1723 228 1770 et
238 1714 306 1772 Vici.
317 1715 393 1784 exli,
416 1715 552 1788 idemque
564 1716 642 1772 Dav.
653 1733 669 1770 e
682 1715 750 1771 Par.
767 1715 780 1767 1
795 1723 930 1772 annotat:
953 1735 1046 1772 censor

102 1819 176 1870 zuqur
188 1802 279 1873 suisset
298 1802 491 1876 tm'umpiasset;
515 1801 612 1858 Mead.
635 1802 816 1858 censoretzcm
837 1811 904 1858 esset
927 1821 953 1857 u.
969 1804 1044 1875 suss-

118 1885 206 1942 Cetem'
225 1885 372 1942 deteriores
393 1881 523 1963 (Εξχψ);
545 1905 638 1944 censor
653 1889 731 1942 etiam
742 1905 831 1960 auqur
840 1889 941 1961 suisset
952 1889 1045 1943 mnne·

102 1981 117 2033 ἒ,
140 1990 154 2026 e
176 1989 228 2045 quo
249 1970 338 2028 Aldus
359 1972 436 2029 Mun.
459 1970 543 2028 fecit:
576 1992 669 2029 censor
689 1974 768 2028 cuum
789 1991 930 2046 auumque
944 1974 1046 2046 suisset

106 2057 178 2129 qnod
198 2067 295 2132 postca
314 2065 454 2114 retentum
478 2067 531 2114 est.
565 2057 609 2128 ld,
633 2057 711 2131 quod
734 2058 927 2128 nunceditur‚
952 2056 1045 2116 Gzius

103 2142 158 2198 Eri.
181 2152 208 2198 et
229 2141 302 2217 Spin.
324 2143 480 2218 sumpsisse
503 2142 579 2200 falso
603 2151 716 2212 uurrst3
739 2143 790 2199 sed
807 2153 904 2200 tumen
927 2163 943 2200 e
966 2143 1045 2201 codi-

103 2227 219 2284 eiicrum
241 2228 368 2304 vestigiis
390 2229 446 2286 hoc
457 2228 597 2298 officiium
620 2239 687 2286 esset
698 2228 773 2286 enim
792 2248 829 2284 ex
834 2231 934 2303 suisset
946 2229 1045 2286 nescio

106 2332 121 2368 ο
144 2323 236 2370 ortum
260 2314 381 2372 videtur.
417 2314 448 2373 Si
465 2314 592 2371 Hertelii
609 2314 726 2372 silentio
739 2314 845 2372 confidi
856 2323 963 2390 potest7
986 2314 1046 2370 iuni

112 2399 155 2454 itu
176 2399 301 2474 scripsit.
345 2399 380 2458 In
403 2399 449 2456 his
471 2399 569 2456 verbis
597 2410 626 2457 ut
652 2402 758 2474 sapiens
774 2402 874 2474 sueni,
899 2399 1046 2475 quomodo

102 2503 146 2540 nm
171 2485 218 2554 sit,
242 2479 421 2542 dictumest
442 2485 479 2541 ad
502 2486 543 2556 11,
557 2487 605 2542 71.
651 2481 770 2565 [Coepit
796 2485 867 2544 Piso
890 2487 931 2543 sic
954 2483 1047 2564 (Erqo

103 2569 144 2626 esi
166 2571 355 2628 subiecturus
379 2573 470 2628 esset:
492 2573 574 2628 nemu
596 2572 829 2628 beatiorm'decur!
851 2571 956 2628 deinde
978 2571 1046 2646 plu-

102 2656 250 2730 :erpositis
273 2656 311 2712 de
334 2657 458 2714 Metello
480 2657 567 2714 aliter
588 2655 804 2734 interrogavit]

103 2771 113 2796 κ.
138 2741 300 2812 XXVIII,
326 2743 379 2798 83.
412 2745 575 2799 untdiendum
597 2741 648 2820 est)
677 2739 741 2822 [Sic
754 2737 918 2821 edebatur]
941 2741 1045 2800 Cicero

108 2829 277 2884 ordsendum
302 2837 352 2884 est.
400 2827 554 2903 Significat
576 2828 652 2885 enim
676 2827 762 2899 Piso,
785 2847 879 2886 novae
902 2828 958 2884 sibi
981 2846 1045 2884 orn·

104 2913 180 2968 tium
200 2913 241 2969 ab
266 2932 304 2970 eo
318 2913 508 2988 capiendum,
530 2914 561 2970 iu
573 2933 631 2988 qno
644 2913 792 2970 dissensus
804 2923 834 2970 et
844 2913 1047 2971 controversis

126 2997 183 3054 cfr.
198 2999 299 3075 chg.
319 3000 346 3068 Ι,
363 2999 420 3056 21:
448 3019 510 3056 num
532 3003 558 3056 si
578 3000 626 3055 leue
648 3019 699 3054 non
718 3000 834 3073 probus,
864 3000 899 3055 ab
921 3019 950 3056 co
972 3000 1046 3056 scobis

104 3086 183 3139 cndu
208 3095 253 3140 est
271 3087 453 3160 potissimum
477 3084 522 3162 [et
549 3103 637 3160 supra
664 3085 721 3151 ΙΙΙ,
751 3085 802 3142 16:
831 3086 891 3141 kuic
918 3087 985 3140 enim
1008 3093 1046 3141 est

103 3165 116 3246 J
166 3171 426 3245 Aggredicntem
449 3170 540 3246 igitur
570 3171 783 3240 demonstrare,
812 3169 965 3228 Metellum
988 3170 1046 3227 Re-

103 3274 193 3311 urem
222 3274 314 3326 csse,
343 3255 463 3313 inhibet
485 3255 604 3326 Cicer0‚
638 3275 695 3313 non
724 3256 753 3312 id
782 3256 829 3332 agi
857 3256 965 3314 dicens.
1009 3257 1044 3312 In

106 3341 277 3414 criptura,
320 3341 349 3398 si
390 3342 513 3398 similem
548 3341 722 3398 senteutiam
751 3341 866 3398 efficere
895 3360 1045 3410 conamur,

103 3429 177 3481 u'tur
204 3435 239 3483 et
267 3425 440 3485 Ciceronis
462 3446 633 3503 responsum
657 3427 802 3503 postulat,
836 3428 962 3502 primum
985 3429 1046 3485 inde

127 3512 353 3588 significatu,
393 3521 426 3568 ut
449 3513 488 3570 sit
509 3513 670 3570 orationem
694 3512 761 3569 inde
783 3513 971 3588 incipientem
987 3511 1045 3570 'nu-

102 3617 153 3654 nus
182 3597 358 3654 inusitate
388 3599 508 3668 dicitur3
542 3599 661 3670 deinde,
696 3598 720 3656 si
748 3617 778 3656 se
807 3599 951 3656 dicturum
974 3600 1046 3657 Piso

121 3683 254 3740 saltem
286 3685 378 3740 vobis
403 3684 537 3753 adderem
561 3703 642 3751 nanu,
666 3685 720 3741 hoc
743 3683 868 3754 omiss05
895 3685 949 3742 sibi
973 3685 1047 3742 ulios

103 3769 282 3844 ignificat.
342 3769 549 3844 Relinquitur,
572 3779 605 3826 nt
627 3789 658 3826 sc
680 3770 766 3826 huius
790 3770 907 3829 Stoicae
931 3783 1047 3828 senten-

102 3873 206 3910 )mem
238 3855 374 3911 audire
402 3855 477 3912 velle
501 3855 595 3924 dicut3
618 3856 700 3930 atqui
723 3865 783 3912 tum
808 3864 837 3912 et
853 3859 914 3912 iude
926 3873 1046 3931 prorsus

107 3938 264 4014 (itaque
294 3941 450 3998 Kos-nius
472 3937 729 4020 verticularum),
762 3959 857 4015 neque
883 3943 1046 3998 usediendum

102 4045 116 4080 3
150 4025 230 4081 diei
263 4036 396 4100 potest
418 4028 456 4083 ab
468 4047 512 4096 eo,
536 4027 586 4101 qui
603 4026 713 4101 aliquid
731 4027 832 4082 audire
851 4028 939 4102 cupit,
952 4046 1047 4100 neque
1104 4092 1106 4102 ,

120 4111 266 4166 audire
301 4112 407 4169 velit.
452 4113 483 4172 Si
507 4113 573 4186 quis
595 4123 692 4169 cutem
715 4106 795 4192 (num
819 4113 917 4170 omnia
939 4111 1048 4187 effugia

127 4195 267 4274 puio),
303 4197 340 4254 si
372 4198 443 4272 quis
466 4197 556 4274 igitur
578 4201 639 4254 inde
660 4198 813 4274 intelleget
834 4218 852 4254 a
874 4199 985 4267 Stoicis,
1014 4209 1045 4254 ui

106 4283 232 4338 ndum
267 4282 397 4340 fuisse
420 4287 497 4340 istinc
519 4285 569 4361 (ex
592 4283 638 4355 iis,
662 4303 735 4358 quos
759 4293 788 4340 tu
812 4303 889 4340 nunc
901 4285 972 4342 mihi
984 4285 1047 4341 obi·

144 4369 329 4425 obscure
363 4379 401 4425 et
423 4369 534 4427 infinite
557 4369 604 4426 hic
627 4388 742 4444 quoque
755 4369 985 4430 diciuudiendum
998 4381 1046 4428 est.
