3018 5052
333 423 401 490 454
729 441 774 487 nn
796 439 927 488 marsus
950 441 1022 488 aon.

337 617 503 692 utmanus,
527 610 572 676 sic
582 609 731 676 immanes
744 610 897 692 quaedam
908 609 1026 676 bestiae
1036 609 1095 676 sibi
1106 611 1205 674 solurn
1223 615 1314 676 natae
1330 616 1406 683 sunt,

335 721 370 779 at
390 713 452 792 illa,
474 731 554 795 quae
575 712 608 777 in
630 713 746 778 concha
757 713 866 794 patula
882 712 956 794 pina
972 713 1093 791 dioitm,
1114 711 1212 793 isque,
1235 712 1288 793 qui
1305 717 1406 776 enate

336 816 463 894 concha,
480 815 541 897 qui,
558 816 641 896 quod
658 833 727 880 eam
738 814 882 894 custodit,
899 815 1057 897 pinoteres
1069 821 1207 892 vocatur,
1224 813 1256 878 in
1267 813 1407 878 eandem·

335 936 398 1000 que
409 937 478 984 curn
486 936 522 982 se
532 916 657 998 recepit,
668 917 844 996 includitur,
857 926 892 982 ut
902 916 1046 982 udeamr
1056 915 1224 994 monuisse,
1235 923 1270 980 ut
1280 920 1406 991 caveret,

408 1127 429 1172 l.
452 1119 531 1190 [harde
549 1121 649 1186 madata
671 1120 719 1172 aaa·
732 1120 807 1173 rolant
824 1121 871 1171 arbi
886 1129 946 1172 nata
963 1121 1013 1188 Eh]
1067 1125 1090 1174 2.
1113 1137 1180 1186 puero
1199 1123 1255 1186 (pro
1269 1137 1331 1184 qaae
1340 1117 1406 1178 balli

337 1191 461 1258 [maacha
478 1207 502 1240 v.
520 1190 629 1241 incendio
647 1189 682 1257 A]
725 1199 767 1240 act
785 1191 804 1242 C
848 1195 873 1245 ³.
892 1189 976 1256 quique
994 1207 1046 1240 earn
1064 1190 1117 1239 MR
1134 1189 1226 1254 quidem
1244 1189 1308 1254 qaod
1324 1205 1373 1238 m
1392 1188 1406 1234 L

336 1260 400 1326 qood
416 1277 476 1318 cara,
495 1275 544 1310 orn.
560 1259 608 1324 qai,
626 1259 647 1311 C
674 1259 791 1310 misadai
809 1259 830 1311 C
867 1259 1007 1328 [pantheras
1021 1255 1056 1327 Δ]
1086 1257 1276 1308 vocatarumh
1315 1273 1406 1320 compre

343 1327 557 1397 [marmoreos
594 1335 617 1380 4.
636 1327 717 1395 recipit
737 1326 908 1397 [A]ELPMR

336 1511 456 1561 notatur
477 1503 598 1581 partitio
621 1511 652 1560 et
672 1503 798 1560 alterum
821 1502 983 1560 membrum
1001 1501 1182 1578 praecipitur
1193 1496 1406 1575 expectatione)

221 1619 222 1622 ι
337 1622 378 1630 -
400 1591 509 1664 aliquis.
553 1590 590 1646 In
612 1589 701 1646 Tusc.
724 1587 779 1661 1v,
804 1589 844 1646 60
867 1588 1055 1665 perspicuum
1078 1587 1135 1644 erit
1152 1585 1331 1662 inspicienti,
1353 1602 1406 1641 non

337 1673 475 1732 distribui
496 1693 589 1751 genus
611 1674 642 1730 in
664 1693 733 1732 suaa
754 1681 870 1750 partes,
895 1673 947 1731 sed
970 1671 1139 1748 exemplum
1161 1690 1252 1728 anum
1275 1689 1290 1728 e
1314 1669 1407 1728 multis

337 1760 408 1836 poni
430 1761 650 1839 (Patatalt'qatb,
673 1762 901 1836 essevolaptotam
915 1757 1033 1834 honam),
1057 1756 1256 1814 deindealiud
1278 1753 1406 1832 adiungi;

337 1854 367 1902 et
387 1854 526 1921 poterant
553 1845 645 1902 multo
672 1845 768 1922 plura.
811 1845 858 1904 De
881 1843 939 1904 off.
961 1845 992 1916 1,
1019 1843 1077 1902 112
1101 1841 1244 1919 quidquid
1266 1851 1313 1899 est
1335 1839 1407 1898 codi-

337 1949 404 1990 cum
426 1950 484 1988 non
507 1932 602 1989 solnm
625 1931 784 2002 bonorum,
818 1929 869 1988 sed
892 1929 964 1988 setis
986 1931 1145 2000 bonorum,
1168 1945 1204 1985 ac
1225 1925 1288 1986 fere
1311 1943 1406 1985 omnes

336 2016 465 2074 retinent
486 2019 557 2074 oltra
578 2017 687 2085 debeam
721 2015 815 2074 Gaius
841 2015 949 2074 Beiero
976 2014 1137 2092 persuasit,
1171 2023 1205 2070 ut
1231 2032 1269 2070 ex
1300 2011 1408 2069 dnobus

338 2101 406 2162 Gaii
429 2102 589 2173 codicibus,
612 2102 719 2176 quibus
741 2103 857 2160 accedit
879 2101 1097 2160 Orellianorum
1119 2099 1280 2176 pessimus,
1316 2097 1408 2155 ederet

337 2191 446 2263 aliqar's,
470 2188 553 2245 cuius
575 2187 674 2245 mendi
695 2188 839 2264 originem
862 2187 992 2246 Orellins
1014 2185 1164 2244 indicavit.
1197 2186 1234 2242 In
1251 2183 1348 2241 Acad.
1363 2183 1407 2238 de·

337 2274 427 2348 nique
448 2273 490 2346 11,
515 2273 565 2340 30,
588 2274 639 2330 ubi
661 2272 772 2330 aditur:
794 2275 850 2330 olio
872 2276 932 2329 visa
954 2275 992 2330 aic
1014 2275 1122 2347 ambit,
1145 2281 1174 2328 ut
1195 2272 1332 2327 iiaatotr‘m
1354 2277 1407 2324 nto·

338 2369 391 2430 tar,
413 2361 508 2433 aliqua
530 2361 656 2424 recondit,
679 2378 693 2414 e
704 2360 802 2433 quihus
813 2361 938 2416 memorab
951 2361 1045 2428 oritur,
1069 2357 1185 2414 codices
1197 2355 1308 2412 habent
1320 2356 1407 2428 aliquo

338 2447 377 2502 sic
398 2447 531 2516 recondit,
560 2463 576 2502 e
604 2463 663 2520 quo
685 2445 839 2502 verissime
861 2445 896 2502 P.
918 2445 1017 2500 Faber
1038 2440 1152 2500 effecit:
1184 2442 1241 2498 olio
1269 2442 1353 2516 qnasi
1371 2457 1407 2494 re·

337 2531 436 2588 condit.
480 2528 606 2608 [Recepi
627 2549 705 2588 nuno
726 2533 782 2588 atio
810 2549 876 2588 oum
898 2511 1044 2606 Bieitero]
1088 2529 1160 2586 Mox
1185 2527 1221 2585 de
1243 2529 1328 2583 solam
1351 2522 1410 2604 (sibi

337 2617 424 2674 solum
445 2615 538 2692 name)
561 2635 588 2672 v.
611 2616 648 2674 ad
670 2617 759 2688 1,44.

424 2719 494 2777 qaae
516 2705 542 2758 ia
564 2703 664 2759 concha
681 2704 780 2779 patula
797 2704 866 2778 pina
888 2696 1001 2770 dicitur)
1024 2698 1301 2757 Hanasocietetem.
1328 2712 1408 2771 quam

338 2787 409 2863 pins
437 2795 466 2844 et
487 2787 636 2862 pinoteres
657 2784 796 2870 (squillae
818 2805 911 2864 genus
939 2785 997 2864 est)
1025 2785 1099 2842 inire
1127 2784 1324 2860 putabantur,
1358 2797 1409 2838 non

339 2880 414 2943 tam,
438 2881 471 2930 ut
493 2873 540 2929 hic
563 2873 684 2946 dicitur,
713 2874 751 2930 ad
773 2873 935 2930 cavendum
960 2890 1048 2947 quarn
1071 2869 1270 2944 adpraedam
1294 2876 1409 2944 captan-

338 2958 406 3015 dam
428 2959 479 3036 (de
501 2958 540 3015 N.
563 2959 601 3016 D.
624 2959 665 3030 11,
692 2959 761 3030 123,
784 2958 864 3016 Plin.
887 2957 925 3015 H.
937 2957 976 3015 N.
999 2957 1056 3027 IX,
1073 2951 1161 3036 142),
1186 2953 1269 3012 multi
1288 2969 1409 3012 comme·

339 3052 538 3115 moraverunt,
562 3062 627 3102 cnm
639 3045 800 3103 sollertiam
812 3054 935 3101 naturae
946 3043 977 3100 in
989 3042 1077 3099 rebus
1093 3040 1239 3116 fingendis
1250 3039 1409 3105 laudarent,

339 3147 413 3204 qnos
435 3129 576 3188 Davisius
599 3139 752 3188 enumerat
773 3130 811 3188 ad
833 3131 866 3187 11
889 3129 926 3187 Ν.
944 3129 982 3186 D.
1011 3147 1035 3184 c.
1059 3127 1109 3184 48.
1154 3126 1190 3183 Ιιι
1219 3125 1338 3182 scholas
1364 3140 1410 3179 ax·

340 3215 469 3290 amplam
480 3215 639 3274 induxerat
650 3216 834 3292 Chrysippus
847 3213 914 3293 (cir.
926 3214 965 3271 ad
976 3218 991 3284 §
1008 3209 1070 3292 18),
1083 3211 1167 3270 cuius
1178 3212 1271 3268 verba
1282 3223 1410 3286 exspers

338 3289 406 3378 arpi
424 3296 480 3357 τοῦ
500 3297 594 3358 καλοῦ
616 3291 665 3358 καὶ
692 3299 744 3377 τῆς
767 3293 872 3377 ἡδονῆς
889 3300 1020 3358 servavit
1031 3297 1205 3356 Athenaeus
1222 3297 1272 3355 111
1282 3316 1310 3372 p.
1328 3293 1410 3354 891).

340 3384 414 3442 Rem
448 3403 506 3442 non
536 3385 579 3442 ita
606 3405 637 3444 se
665 3387 774 3444 habere
807 3395 837 3442 ct
864 3385 1003 3461 squillam
1040 3384 1123 3441 illam
1156 3382 1354 3440 errabundam
1384 3379 1410 3434 in

339 3470 427 3546 pinea
448 3471 570 3528 barbam
592 3471 722 3529 incidere
744 3481 774 3530 et
790 3490 826 3528 ea
843 3471 999 3547 implicari,
1021 3467 1164 3527 historiae
1175 3468 1321 3526 naturalis
1332 3461 1410 3544 periti

340 3574 418 3614 nunc
440 3556 554 3614 docent
592 3558 629 3616 In
652 3555 720 3616 Gaii
743 3558 833 3615 etiarn
856 3556 1007 3615 codicibus
1029 3555 1166 3613 omnihus
1189 3554 1332 3631 scripturn
1354 3557 1411 3608 erat

335 3644 404 3718 pirro
426 3651 457 3699 et
473 3645 608 3717 pinoteres
635 3639 828 3725 (pinotheras),
862 3651 896 3699 ut
923 3641 1020 3699 editur
1047 3641 1083 3698 de
1106 3641 1144 3698 N.
1173 3639 1212 3696 D.
1256 3636 1349 3720 [Nam
1370 3633 1412 3692 hio

340 3726 450 3803 duplex
473 3738 600 3786 nautea
623 3738 687 3786 erat
708 3739 810 3786 contra
833 3724 931 3808 codd]
975 3727 1010 3784 ln
1034 3725 1217 3786 Graecorum
1242 3725 1411 3800 scriptorum

340 3811 518 3872 editionibus
545 3812 608 3873 fere
641 3814 781 3872 scribitur
809 3808 903 3888 πίννη.
953 3812 1057 3872 Oratio
1084 3811 1261 3869 brevitatem
1289 3811 1411 3884 aliquam
1494 3817 1495 3852 l

340 3897 439 3972 habet,
463 3899 588 3957 conflata
610 3900 737 3958 nominis
759 3899 910 3957 notatione
933 3909 963 3955 et
984 3897 1176 3955 habitationis
1193 3895 1411 3973 significatione,

341 3983 444 4042 eadem
465 3985 612 4043 sententia
634 4005 668 4043 ac
691 3985 716 4043 si
728 3985 822 4043 dicas:
846 4004 916 4059 quoa
932 3987 958 4041 air
975 3985 1076 4042 concha
1087 3985 1187 4059 parata
1204 3983 1310 4040 habitat
1320 3981 1412 4055 alpina

341 4071 454 4142 dirimam
481 4073 509 4128 io
520 4073 619 4129 concha
630 4079 728 4129 autem
746 4070 922 4128 econtrario
932 4069 1093 4146 respondet
1113 4067 1151 4139 oi,
1175 4067 1254 4142 quod
1271 4065 1413 4142 seqnitur:
1494 4062 1495 4112 Ὗ

342 4157 481 4226 aconcha3
503 4154 571 4234 [eir.
583 4157 678 4216 Emm.
690 4156 775 4215 Livv.
789 4176 816 4233 p.
832 4152 917 4236 367}
940 4157 1014 4214 Mox
1025 4155 1160 4213 custodibi
1176 4172 1213 4210 ex
1231 4153 1301 4210 edit
1320 4171 1363 4228 pr.
1375 4145 1414 4226 (el

343 4241 418 4299 Ven.
434 4241 529 4322 1480)
557 4243 686 4301 Manutii
701 4251 740 4315 et,
759 4250 884 4318 excepto
896 4241 1030 4311 Davisio,
1049 4239 1138 4298 ceteri
1155 4249 1224 4296 ante
1236 4237 1355 4308 Gaium,
1368 4229 1414 4309 qui

341 4327 456 4384 mastodtt
478 4346 515 4384 ex
538 4328 673 4386 omnibus
696 4328 757 4386 suis
779 4327 917 4385 restituit.
946 4325 1025 4385 Oxx.
1036 4325 1067 4384 id
1079 4345 1116 4383 ex
1138 4344 1197 4384 uno
1220 4323 1247 4381 E
1268 4327 1414 4380 annotant·
1494 4349 1495 4394 ι

428 4417 454 4470 r'n
476 4416 638 4489 candentque
659 4433 718 4472 cram
741 4434 770 4471 aa
787 4416 893 4489 recepit,
916 4410 1078 4490 includitur)
1102 4411 1134 4467 In
1151 4411 1316 4485 aridamque
1338 4409 1415 4483 (com
1494 4397 1495 4470 i
