2948 5024
360 393 388 438 m
409 391 488 438 nan.
505 391 568 438 nm.
586 394 608 439 v
631 391 703 439 cnr.
727 395 768 439 aa.
1022 375 1081 439 731

145 561 185 628 dis
199 561 254 639 sols,
272 561 301 626 sio
314 560 367 626 istae
380 560 404 623 in
428 560 578 624 nautum
600 560 766 641 splendore
778 581 816 626 ne
836 568 1003 627 cernantur
1014 562 1083 643 qui·

141 664 194 728 den
225 665 256 727 n.
275 665 343 744 Atque
357 662 397 728 huc
417 671 452 728 ut
473 681 546 728 vere
567 662 693 741 dicitur,
721 682 820 744 parva
842 683 912 728 esse
934 664 974 729 ad
996 665 1085 729 beate

137 765 248 830 urendum
270 773 374 830 noneste
394 773 452 830 rste
478 765 619 845 corporis
646 766 890 845 commodorum,
924 767 967 831 sic
995 766 1084 830 nimis

131 867 246 932 uolentum
262 877 296 932 est
307 867 365 931 ndla
376 886 437 933 esse
453 866 571 946 dicere;
594 867 647 948 qui
658 867 739 932 enim
752 868 794 931 sic
806 868 976 949 disputant,
999 867 1085 932 obliti

126 969 295 1048 nibudmtur,
311 988 367 1051 quae
379 969 431 1050 ipsi
443 967 573 1033 fecerint
594 969 746 1051 principia
757 979 896 1036 naturae.
931 970 1084 1035 Tribuen-
1101 973 1122 1036 5

167 1195 183 1238 2.
198 1191 241 1240 tau
253 1190 286 1241 [Β
331 1196 348 1238 t.
362 1192 398 1240 icto
414 1189 520 1254 eorpron's
538 1189 707 1240 coseeurodorum
726 1207 775 1240 om.
795 1192 814 1238 1.
885 1197 907 1242 4.
927 1190 994 1240 nulla
1013 1200 1047 1242 eat
1066 1193 1084 1240 F.

111 1264 128 1306 5,
144 1259 210 1323 eqertbt
223 1274 292 1318 omues,
307 1259 338 1309 Or.
353 1275 396 1308 cum
413 1271 474 1309 nota
492 1260 575 1308 mendi

98 1451 166 1508 radio
186 1450 265 1507 stellae
290 1451 461 1508 obscurantur.
512 1447 633 1530 [Ortum
661 1449 798 1508 mendum
825 1450 998 1526 corrigendo
1028 1469 1083 1508 ex:

93 1532 263 1615 elucescunt]
300 1537 441 1594 Pronomen
475 1539 555 1606 istoc,
590 1536 645 1593 etsi
674 1536 735 1606 hic,
772 1535 843 1610 quia
864 1535 1023 1594 intervenit
1045 1539 1083 1594 ito.

87 1641 176 1696 paruae
192 1633 247 1690 suut,
266 1633 289 1679 ut
306 1633 357 1693 cet,
375 1622 467 1679 minus
487 1621 682 1679 redundantia
697 1621 950 1692 animadvertitur,
975 1631 1083 1692 umen,

85 1707 199 1781 quoniam
209 1725 278 1764 nemo
288 1708 322 1765 sic
332 1707 403 1765 dicit:
424 1711 492 1764 istae
513 1710 675 1765 accessiones
697 1709 735 1764 ita
753 1727 858 1782 paruae
869 1718 944 1778 suut,
967 1717 996 1764 ut
1017 1711 1084 1766 istoc

85 1826 114 1833 —
133 1812 161 1848 nc
177 1804 295 1850 cernantur
312 1795 410 1868 quidem,
432 1792 564 1850 additum
586 1801 632 1850 est
642 1803 710 1869 post
731 1795 769 1850 ric
785 1791 822 1848 ad
835 1793 1082 1868 comparationem

85 1879 207 1935 rotandum
227 1879 311 1936 eodem
331 1879 414 1949 modo,
438 1897 496 1952 quo
513 1879 586 1934 haec
608 1878 744 1935 dicuntur
761 1877 863 1954 (Tusa.
876 1879 931 1949 lv,
945 1877 1014 1957 32):
1037 1880 1082 1935 Iu-

85 1967 160 2032 nu'osr',
181 1974 205 2020 ut
222 1983 262 2022 oea
284 1965 428 2022 Consctbt'um
450 1968 476 2020 iu
499 1967 658 2037 octuplum,
681 1965 720 2020 sie
741 1966 817 2020 ttttiu
834 1965 952 2020 morbum
964 1965 1084 2022 ittciduut

86 2051 162 2119 rorice,
175 2049 218 2106 nbi
228 2049 279 2106 alia
287 2050 473 2107 demonstrant
484 2059 678 2106 enarratores.
701 2046 762 2130 [De
774 2048 857 2107 Orat.
869 2050 910 2118 Π,
927 2049 995 2120 130,
1010 2051 1082 2118 257,

85 2131 136 2213 tlt]
174 2135 257 2192 Extra
276 2135 510 2211 comparationem
538 2134 674 2192 similitor
700 2143 768 2210 post
790 2135 993 2210 interpositam
1017 2154 1083 2194 sen-

86 2221 159 2277 nium
179 2221 348 2296 praecedenti
368 2221 532 2296 pronomini
554 2221 679 2278 relativo
701 2221 739 2277 ad
754 2239 911 2295 personam
924 2221 1082 2278 notandam

86 2306 245 2364 teradditum
267 2309 355 2364 estittt
363 2325 414 2382 pro
427 2305 503 2366 Sest.
517 2307 555 2364 69
575 2303 648 2384 (vid.
660 2305 770 2382 Opusc.
782 2307 876 2363 Acad.
889 2307 904 2363 1
917 2326 946 2383 p.
959 2306 1035 2382 468)
1054 2317 1082 2364 et

86 2391 254 2466 diprlH,
267 2394 314 2463 st,
336 2410 417 2466 quem
441 2392 538 2450 locum
560 2411 651 2467 prave
673 2391 878 2449 sollicitarunt.

113 2479 158 2534 72.
180 2479 266 2552 Atque
286 2477 332 2534 boc
353 2489 381 2535 ut
401 2497 460 2534 vere
482 2478 593 2552 dicitur)
618 2477 667 2537 sic
683 2477 742 2534 iam
757 2477 802 2534 ed.
814 2478 918 2552 prima,
942 2487 1004 2534 tum
1016 2487 1083 2552 post

85 2563 155 2619 rbini
177 2563 367 2620 coniecturam
390 2563 434 2641 (in
456 2583 513 2639 mg.
541 2563 678 2621 editionis
705 2558 863 2643 repetitae)
891 2562 1038 2625 Gruterus
1066 2581 1082 2618 e

85 2651 127 2704 ‚4
151 2658 179 2705 et
204 2649 236 2716 6;
269 2667 335 2705 nam
369 2649 535 2724 superiores
569 2668 633 2706 cnm
668 2648 781 2723 aliquot
814 2649 898 2706 malis
932 2648 1081 2706 codicibus

85 2733 249 2792 octisfere“
274 2734 401 2806 Davisii,
424 2735 494 2805 EU3
518 2735 553 2791 de
577 2733 700 2794 Gaianis
722 2733 863 2810 tacetur)r
896 2735 986 2808 Atque
1008 2735 1080 2796 boec.

85 2839 113 2875 re
134 2821 236 2876 detetur
257 2829 313 2876 cet.
347 2821 477 2895 Propter
497 2820 528 2877 id
550 2820 687 2877 mendum
710 2819 797 2877 etiam
816 2820 846 2876 in
858 2820 923 2877 Pal.
937 2821 965 2890 2,
988 2820 1081 2876 nostri

85 2905 172 2981 mino,
196 2905 310 2962 onnissa
333 2914 404 2962 sunt
416 2906 473 2963 tria
483 2905 575 2962 verba
586 2905 652 2984 (isto
661 2925 733 2980 cosp.
746 2903 862 2980 emuna),
885 2913 917 2963 ut
934 2905 975 2961 sic
987 2904 1083 2962 oratio

85 2999 180 3046 reret:
203 2991 300 3065 Atque
323 3002 354 3048 ut
377 3011 438 3048 uere
460 2993 567 3063 dicitur,
591 2993 655 3048 leuen
677 3010 733 3047 ease
755 2999 810 3047 cet.
852 2990 888 3047 In
905 2990 1081 3048 aliiaautem

94 3075 257 3134 codicibus
290 3073 425 3155 (Tertii,
449 3077 561 3149 Mead.‚
584 3077 675 3150 Ball.)
704 3075 845 3151 scriptum
868 3085 913 3132 est
934 3077 1081 3147 concuretio,

85 3180 132 3218 eon
157 3161 425 3238 intellegebatur,
459 3163 538 3236 quod
561 3182 597 3219 ne
620 3162 761 3220 Davisius
783 3161 901 3236 quidem
924 3161 1081 3232 intellexit,

85 3267 102 3301 u
128 3249 187 3303 esra
211 3251 348 3323 comnotus
373 3250 569 3306 cosnusodorum
586 3267 651 3305 esse
672 3257 801 3304 osorueuto
818 3251 879 3317 teto,
902 3266 973 3320 quoe
988 3265 1081 3322 corpo·

86 3335 177 3389 eceoelu
193 3335 349 3407 facerent.

85 3421 156 3475 ›mtrt
166 3421 330 3495 praccepta
344 3418 480 3496 natureae)
492 3415 729 3498 [Sicedebatur.]
749 3419 815 3475 Hoc
827 3417 869 3474 sic
881 3417 991 3474 dictum
1003 3417 1080 3474 Mat·

85 3511 194 3578 portat,
210 3504 487 3578 quemadmodum
500 3523 554 3579 pro
566 3504 677 3562 Milone
691 3505 730 3562 to
743 3523 821 3578 apere
831 3505 1011 3578 fundamento
1029 3521 1081 3578 po·

85 3599 105 3646 ,t
118 3589 167 3646 sit
180 3594 303 3660 mem
333 3589 484 3648 Gifanius
500 3593 605 3648 iecerint
617 3590 665 3647 hic
688 3589 873 3647 scribendum
896 3597 1014 3664 putarat
1037 3587 1079 3666 (in

109 3675 266 3748 quadarn
304 3675 352 3732 ad
387 3675 588 3751 Scaligernm,
619 3675 730 3752 Syllog.
758 3676 859 3734 Burm.
882 3676 913 3732 11
942 3694 970 3750 p.
996 3672 1080 3750 308).

85 3760 231 3818 orimum
261 3764 312 3818 stc
340 3763 617 3836 aqeresuadorneuto
640 3761 710 3832 illie,
734 3770 767 3817 ut
789 3761 877 3816 etiam
900 3780 915 3816 e
937 3759 1081 3835 proximis

85 3844 269 3922 ssqoametem
298 3850 350 3904 sie
372 3867 431 3923 per
447 3848 602 3904 uestibulum
614 3850 714 3904 sororis
726 3849 838 3903 instituit
849 3840 968 3925 ducere),
991 3844 1081 3920 signi-

90 3952 124 3988 m
158 3931 262 3988 viam
293 3931 333 3988 in
351 3932 399 3990 iis
411 3931 629 4007 aliquovorsum
643 3931 837 4008 perducendis
848 3939 957 4000 tenere,
980 3948 1081 4003 quern-

107 4017 258 4074 dicitur
286 4038 394 4092 apere
417 4020 560 4088 cursionum
584 4038 662 4092 uqcre
672 4020 790 4076 cloccam
812 4015 880 4095 (pro
892 4035 950 4090 quo
962 4014 1081 4091 ponitur

87 4104 170 4180 ere),
205 4113 252 4160 ut
282 4103 354 4160 ille
370 4105 459 4161 locus
471 4104 509 4160 ad
520 4104 598 4162 hunc
609 4102 823 4161 defendendum
840 4102 914 4159 nihil
926 4101 1079 4177 pertineat.

86 4197 180 4244 rtem
219 4189 264 4246 in
297 4189 540 4265 principiorum
564 4189 681 4246 nomine
709 4189 790 4246 nulla
817 4207 855 4244 ex
872 4199 956 4264 parte
978 4187 1079 4244 eadem

112 4293 224 4348 quae
257 4275 303 4331 in
336 4274 621 4332 fundamentorum.
644 4284 676 4330 ut
698 4277 783 4331 iacere
801 4276 936 4349 prescripta
959 4292 1013 4348 pro
1036 4291 1080 4339 ec,

94 4363 343 4430 orrdmreenta,
376 4360 465 4418 nullo
489 4361 574 4418 modo
597 4360 654 4417 dici
676 4361 784 4435 possit3
808 4378 874 4416 nam
887 4359 916 4416 in
929 4358 1082 4434 principiis
1114 4393 1117 4405 ·
