3000 5044
306 366 371 432 534
697 387 742 432 nn
764 385 894 436 ruamus
917 387 988 436 non.

305 553 357 618 alii
380 559 497 633 nonme,
519 555 609 636 quasi
630 573 744 637 eorpus
766 555 883 620 nullum
905 554 1098 635 sithominis,
1119 557 1385 638 itapraeterani·

377 711 396 758 1.
415 708 487 772 quasi
502 715 585 757 cootm
604 707 624 758 C
659 707 746 758 uallum
759 709 888 774 tricorpor
907 709 928 760 C
947 708 1033 759 nullum
1051 725 1136 774 corpas
1153 710 1185 758 ait
1204 711 1226 759 ll

304 845 345 926 (a.
362 847 451 918 1480,
474 848 562 920 Iunt,
586 847 680 924 Crat.)
703 849 791 906 etiam
804 847 861 908 Ox.
880 848 905 906 E
928 857 958 906 et
979 849 1186 918 bodilonem:
1210 849 1276 906 Bas.
1295 853 1386 906 nomi-

304 935 362 991 noti
382 951 449 1008 quo,
483 931 562 992 Gud.
587 934 604 990 2
627 937 739 991 anirnob'
759 954 820 1010 quo.
864 934 938 992 Inde
960 934 1130 996 aVictorio
1153 934 1264 992 editum
1275 945 1335 1004 est,
1361 934 1386 992 si

306 1017 414 1077 Gzium
437 1019 583 1096 excipias,
618 1021 651 1076 cle
672 1021 785 1077 animoli
804 1021 905 1094 aliquo,
929 1019 1059 1079 Grutero
1081 1028 1111 1077 et
1133 1020 1258 1098 Davisio
1280 1029 1387 1077 tacen-

306 1105 393 1162 tibus.
427 1103 506 1178 Quid
528 1105 674 1162 sententia
695 1105 869 1181 postularet,
893 1105 968 1163 vidit
979 1104 1082 1176 Gaius,
1105 1107 1157 1162 sed
1179 1115 1282 1163 contra
1293 1123 1387 1162 usum

305 1189 444 1264 loquendi
467 1200 497 1246 et
518 1189 652 1248 codicum
675 1191 801 1268 vestigia
822 1191 953 1267 scripsit:
976 1193 1010 1248 da
1032 1209 1085 1248 non·
1100 1194 1224 1260 noiomi:
1248 1189 1387 1250 Orelliua
1491 1199 1492 1256 1

303 1275 342 1334 ad
363 1293 465 1333 verum
488 1276 623 1352 proxime
645 1277 783 1348 accessit,
806 1277 854 1334 cui
876 1277 1026 1352 placebat:
1055 1279 1089 1336 de
1109 1281 1256 1334 inanimato
1276 1277 1387 1352 aliquo.

304 1361 382 1421 Nam
405 1364 507 1418 anirnol
527 1380 598 1420 sane
627 1362 715 1420 etiam
738 1362 891 1422 Ciceronis
919 1371 949 1419 et
970 1363 1099 1420 omnium
1123 1362 1270 1420 sententia
1291 1362 1387 1420 homo

304 1455 363 1517 est:
386 1446 439 1518 illi,
463 1466 538 1522 quos
560 1447 609 1504 bic
630 1448 829 1524 reprehendit,
853 1448 895 1505 sic
917 1448 953 1505 de
976 1446 1053 1506 bono
1076 1448 1259 1518 statuebant,
1294 1448 1387 1522 quasi

302 1531 401 1589 nullus
423 1541 501 1590 esset
522 1532 637 1590 animus
659 1533 795 1604 hominis,
819 1533 1062 1608 quemadmodum
1085 1533 1181 1604 alteri,
1204 1543 1237 1590 ut
1252 1533 1318 1609 ipse
1331 1533 1386 1603 ait,

304 1621 385 1693 quasi
405 1637 502 1694 eorpus
524 1621 626 1675 uallum
647 1629 715 1676 esset
738 1620 857 1676 bominis.
888 1618 1061 1695 Superiores
1074 1619 1202 1677 editores
1216 1619 1246 1675 in
1265 1619 1385 1690 eodem,

303 1722 362 1778 quo
385 1702 465 1764 Otto,
489 1722 587 1760 errore
610 1702 702 1762 finisse
725 1704 871 1774 videntur,
895 1704 944 1780 qui
968 1715 1100 1761 enarrat:
1123 1706 1253 1779 quotide
1269 1706 1389 1761 amma

302 1792 402 1864 aliquo,
426 1809 477 1846 raon
499 1791 533 1846 ds
555 1791 664 1847 bomine.
698 1791 843 1866 Apparet,
868 1791 977 1847 besdum
999 1789 1056 1847 dici
1069 1790 1220 1859 debuisse;
1243 1808 1313 1846 nam
1326 1791 1387 1847 etsi

303 1874 442 1932 animalia
469 1893 557 1950 saepe
586 1874 629 1932 sic
658 1874 809 1947 dicuntur,
843 1884 877 1932 ut
903 1875 990 1933 homo
1018 1895 1076 1933 non
1104 1875 1386 1952 comprehendatur,

302 1969 401 2018 tamen
423 1960 454 2017 id
476 1979 633 2036 numquam
657 1961 690 2018 fit
711 1961 741 2018 in
764 1961 931 2019 huiusmodi
954 1961 1041 2031 locis,
1071 1961 1122 2018 ubi
1144 1979 1254 2037 genera
1276 1960 1387 2018 dietin-

302 2055 431 2123 gvuntur
453 2055 483 2102 et
505 2047 653 2103 contraria
674 2055 832 2122 ponuntur.
876 2046 916 2103 Et
938 2046 967 2102 in
990 2046 1063 2124 ipsis
1074 2046 1178 2104 bestiis
1201 2056 1265 2103 erat
1281 2055 1386 2103 tamen
1492 2097 1493 2124 ,

302 2132 427 2202 animus,
451 2131 567 2188 etiamsi
589 2149 648 2190 non
671 2132 838 2189 excelleret.
861 2132 934 2190 Illos
945 2131 1138 2208 philosophos
1150 2131 1255 2190 Cicero
1267 2131 1386 2188 nullam

303 2217 423 2276 omnino
434 2215 524 2294 animi
535 2217 679 2274 rationem
691 2217 829 2275 habuisse
841 2218 921 2274 dicit.
945 2219 1134 2288 Inonimatum,
1151 2227 1185 2274 ut
1196 2217 1252 2274 boc
1263 2217 1387 2288 addam,

303 2321 356 2377 pro
379 2305 494 2360 luminoso
516 2321 611 2377 neque
634 2302 806 2362 Ciceronem
818 2322 913 2378 neque
926 2321 1101 2378 quemquam
1114 2312 1246 2360 veterum
1258 2301 1387 2375 dixisse,

302 2407 361 2445 non
385 2387 477 2463 magia
499 2407 587 2462 quam
609 2391 771 2446 inarmntram
793 2407 848 2464 pro
870 2393 977 2460 inmoto,
1001 2388 1186 2445 verissimum
1210 2397 1274 2444 erat-
1291 2387 1387 2445 Lam·

302 2473 365 2531 bini
392 2473 549 2543 iudicium,
582 2474 631 2531 oui
664 2474 734 2532 clim
768 2493 826 2532 non
859 2484 938 2532 recte
966 2473 1099 2532 nonnulli
1123 2473 1387 2544 contradixerunt3

302 2557 464 2617 nunciare
487 2559 623 2636 ignorare
645 2559 779 2618 homines
802 2561 947 2618 videntur.
992 2560 1083 2635 Apud
1106 2557 1279 2618 Ciceronem
1291 2561 1387 2616 ioasi-

302 2665 362 2702 mue
373 2645 436 2704 sine
449 2644 650 2703 controversia
662 2645 801 2703 scribitur
811 2645 905 2703 Acad.
917 2646 959 2716 Π,
974 2646 1023 2714 37,
1042 2645 1130 2702 Tusc.
1142 2645 1169 2714 1,
1182 2645 1221 2701 54
1235 2653 1265 2700 et
1276 2645 1313 2713 V,
1330 2645 1386 2716 69,

303 2731 341 2790 N.
354 2731 391 2788 D.
403 2731 446 2800 11,
461 2732 510 2802 76,
533 2731 563 2787 in
586 2729 751 2806 fragmento
775 2731 929 2790 Hortensii
950 2729 1029 2807 apud
1051 2730 1181 2788 Nonium
1200 2750 1229 2805 p.
1250 2730 1318 2794 128,
1345 2731 1387 2788 ab

303 2815 421 2892 optimis
444 2817 527 2874 codd.
550 2816 718 2875 defenditur
745 2825 775 2874 et
796 2817 825 2874 in
854 2817 1032 2875 editionibus
1054 2816 1256 2891 proximorum
1278 2833 1387 2872 saecu

304 2901 400 2983 lorum
421 2902 530 2978 legitur
547 2899 605 2962 Off.
618 2903 660 2973 11,
677 2906 724 2964 11,
740 2903 788 2972 12,
805 2904 851 2967 14,
868 2905 915 2972 17,
940 2902 977 2960 N.
990 2902 1028 2959 D.
1041 2903 1066 2972 1,
1080 2901 1130 2970 36,
1154 2901 1323 2958 restitutum
1337 2909 1388 2960 est

303 2987 436 3046 codicum
459 2989 634 3046 auctoritate
657 2987 738 3046 Lacl.
757 2989 806 3059 68,
830 3007 924 3064 nuper
946 2987 1035 3045 etiam
1057 2983 1109 3064 (ab
1132 2984 1246 3046 Orellio
1268 3005 1306 3042 ex
1328 3003 1387 3044 an-

303 3072 471 3148 tiquissimo
493 3074 558 3131 cod.
580 3073 793 3152 Einsiedlensi)
816 3074 920 3150 Topie.
937 3073 991 3142 693
1014 3072 1213 3130 revocandum
1236 3080 1282 3128 est
1303 3072 1386 3146 opti·

303 3159 359 3216 mis
381 3158 465 3217 libris
486 3159 656 3216 iubentibus
678 3160 727 3218 111
739 3161 777 3218 N.
790 3161 828 3217 D.
841 3161 891 3216 40.
924 3159 993 3218 Non
1015 3167 1095 3216 recte
1117 3157 1208 3234 igitur
1225 3157 1387 3232 Zumptius

303 3244 333 3302 in
357 3245 442 3302 Verr.
454 3245 493 3314 V,
509 3246 565 3302 171
591 3263 607 3301 e
631 3246 781 3304 codicibus
804 3245 975 3302 melioribus
998 3243 1128 3302 restituit
1149 3253 1222 3300 orata
1244 3253 1325 3318 atqrte
1340 3246 1387 3300 ia·

303 3333 440 3400 aniroota,
474 3329 526 3387 ubi
549 3339 695 3388 coortum
719 3340 764 3388 est
786 3349 802 3388 e
825 3330 960 3406 sequenti
983 3347 1056 3388 voce
1079 3339 1164 3386 tana.
1208 3329 1255 3386 De
1278 3327 1386 3386 Divin.

303 3415 348 3486 II,
361 3415 400 3472 98
424 3434 483 3472 non
505 3417 668 3487 numeravi,
692 3416 762 3492 quia
783 3416 824 3473 ibi
848 3435 886 3473 ex
898 3415 1018 3492 optimis
1031 3415 1181 3472 codicibus
1194 3413 1386 3472 scribendum

305 3511 359 3572 est,
382 3501 508 3576 expulsa
530 3501 773 3578 interpolatione:
795 3503 883 3560 vebat
906 3503 935 3559 id
957 3519 1061 3559 nemeae
1082 3511 1122 3557 est
1144 3519 1195 3556 noo
1218 3504 1245 3557 iu
1269 3499 1385 3558 bomissi-

303 3587 352 3644 bue
374 3587 468 3656 sotum,
491 3605 582 3644 oerum
605 3590 632 3644 in
655 3587 744 3645 bestiis
768 3593 856 3646 stiam.
886 3585 960 3646 Cum
983 3586 1037 3655 illi,
1061 3603 1135 3660 quos
1157 3593 1261 3642 contra
1273 3583 1383 3643 Cicero

304 3672 445 3748 disputet,
468 3671 505 3730 ad
528 3691 590 3729 rem
600 3672 748 3748 pertinere
760 3673 900 3744 dicerent,
924 3671 1072 3747 quomodo
1089 3670 1172 3728 caelo
1183 3667 1290 3728 affecto
1302 3687 1386 3727 com-

304 3757 446 3834 positisve
468 3757 612 3816 sideribus
634 3761 736 3816 aroiowl
757 3767 857 3816 natum
880 3768 967 3829 esset,
980 3757 1094 3828 Cicero,
1117 3754 1196 3831 quod
1213 3756 1249 3812 de
1261 3755 1387 3813 animali

304 3843 466 3921 generatim
489 3843 617 3914 dicatur,
640 3845 671 3901 in
693 3844 796 3901 bestiis
819 3843 907 3900 etiam
931 3843 1030 3900 valere
1054 3851 1190 3918 oportere
1213 3842 1270 3912 ait,
1292 3840 1386 3914 idque

304 3947 392 4004 quam
415 3929 573 3986 absurdum
597 3929 643 4001 ait,
672 3947 816 4005 apparere
838 3938 931 4004 putet.
975 3928 1063 4002 Quod
1091 3927 1126 3984 de
1154 3927 1275 3985 animali
1303 3925 1386 3984 dice-

304 4023 394 4086 rator,
417 4015 583 4074 necessario
595 4015 683 4072 etiam
695 4016 726 4072 in
737 4014 874 4073 inanimis
888 4014 994 4085 velere,
1019 4013 1069 4088 qui
1086 4022 1204 4089 poterat
1214 4011 1386 4070 affirmare?

304 4099 429 4158 Praeter
450 4098 622 4159 Ciceronem
645 4111 748 4162 auctor
775 4101 855 4158 illins
877 4099 1015 4158 vocabuli
1037 4099 1145 4156 citatur
1166 4098 1294 4174 scriptor
1313 4097 1387 4154 rhe-

307 4186 466 4244 toricorum
488 4185 527 4242 ad
548 4186 746 4256 Herennium:
769 4187 821 4246 aed
834 4186 928 4245 codex
945 4185 1162 4244 vetustissimus
1185 4184 1387 4242 bibliothecae

305 4270 404 4346 regiae
426 4271 604 4330 Parisieneis
626 4271 754 4350 (7714),
788 4291 874 4346 quem
905 4271 1071 4371 Krarupius
1099 4270 1238 4342 contulit,
1261 4271 1316 4340 IV,
1333 4269 1384 4366 ¹til

306 4355 397 4413 habet
418 4377 461 4414 res
482 4361 618 4415 eminutus
640 4369 665 4416 et
686 4365 823 4418 inanimae
845 4356 893 4438 (ut
903 4359 1065 4417 Lambinus
1087 4357 1117 4414 in
1130 4353 1386 4432 curissecundrs),
