<?xml version="1.0" encoding="UTF-8"?>
<!DOCTYPE html PUBLIC "-//W3C//DTD XHTML 1.0 Transitional//EN"
    "http://www.w3.org/TR/xhtml1/DTD/xhtml1-transitional.dtd">
<html xmlns="http://www.w3.org/1999/xhtml" xml:lang="en" lang="en">
 <head>
  <title>
</title>
<meta http-equiv="Content-Type" content="text/html;charset=utf-8" />
  <meta name='ocr-system' content='tesseract 3.04.00' />
  <meta name='ocr-capabilities' content='ocr_page ocr_carea ocr_par ocr_line ocrx_word'/>
</head>
<body>
  <div class='ocr_page' id='page_1' title='image "./definibusbonoru04cicegoog_0905.png"; bbox 0 0 2944 5040; ppageno 0'>
   <div class='ocr_carea' id='block_1_1' title="bbox 474 435 1125 501">
    <p class='ocr_par' dir='ltr' id='par_1_1' title="bbox 474 435 1125 501">
     <span class='ocr_line' id='line_1_1' title="bbox 474 435 1125 501; baseline 0.002 -3"><span class='ocrx_word' id='word_1_1' title='bbox 474 453 647 501; x_wconf 70' lang='lat' dir='ltr'>excernens</span> <span class='ocrx_word' id='word_1_2' title='bbox 672 455 701 500; x_wconf 81' lang='lat' dir='ltr'>v.</span> <span class='ocrx_word' id='word_1_3' title='bbox 1063 435 1125 499; x_wconf 72' lang='lat'>829</span> 
     </span>
    </p>
   </div>
   <div class='ocr_carea' id='block_1_2' title="bbox 57 623 1133 3860">
    <p class='ocr_par' dir='ltr' id='par_1_2' title="bbox 65 623 1130 2160">
     <span class='ocr_line' id='line_1_2' title="bbox 75 623 1126 700; baseline -0.001 -19"><span class='ocrx_word' id='word_1_4' title='bbox 75 633 181 682; x_wconf 84' lang='lat' dir='ltr'>constat.</span> <span class='ocrx_word' id='word_1_5' title='bbox 215 627 278 684; x_wconf 90' lang='lat' dir='ltr'>lam</span> <span class='ocrx_word' id='word_1_6' title='bbox 301 643 365 682; x_wconf 85' lang='lat' dir='ltr'>eam</span> <span class='ocrx_word' id='word_1_7' title='bbox 388 626 576 684; x_wconf 91' lang='lat' dir='ltr'>Petersenius</span> <span class='ocrx_word' id='word_1_8' title='bbox 598 635 631 682; x_wconf 90' lang='lat' dir='ltr'>ut</span> <span class='ocrx_word' id='word_1_9' title='bbox 642 625 841 684; x_wconf 88' lang='lat' dir='ltr'>accommodet</span> <span class='ocrx_word' id='word_1_10' title='bbox 864 626 963 700; x_wconf 88' lang='lat' dir='ltr'>aliquo</span> <span class='ocrx_word' id='word_1_11' title='bbox 986 623 1126 682; x_wconf 84' lang='lat' dir='ltr'>modoad</span> 
     </span>
     <span class='ocr_line' id='line_1_3' title="bbox 72 709 1126 786; baseline -0.001 -19"><span class='ocrx_word' id='word_1_12' title='bbox 72 729 200 785; x_wconf 85' lang='lat' dir='ltr'>eaquae</span> <span class='ocrx_word' id='word_1_13' title='bbox 222 711 340 769; x_wconf 79' lang='lat' dir='ltr'><strong>aliunde</strong></span> <span class='ocrx_word' id='word_1_14' title='bbox 363 720 505 780; x_wconf 87' lang='lat' dir='ltr'>constant,</span> <span class='ocrx_word' id='word_1_15' title='bbox 529 711 720 782; x_wconf 85' lang='lat' dir='ltr'>ita,ntdrx1,</span> <span class='ocrx_word' id='word_1_16' title='bbox 743 711 871 768; x_wconf 84' lang='lat' dir='ltr'>invertit</span> <span class='ocrx_word' id='word_1_17' title='bbox 895 721 936 774; x_wconf 87' lang='lat' dir='ltr'>ut.</span> <span class='ocrx_word' id='word_1_18' title='bbox 959 710 1037 784; x_wconf 88' lang='lat' dir='ltr'>quod</span> <span class='ocrx_word' id='word_1_19' title='bbox 1048 709 1126 786; x_wconf 88' lang='lat' dir='ltr'>apud</span> 
     </span>
     <span class='ocr_line' id='line_1_4' title="bbox 73 785 1126 873; baseline -0.003 -19"><span class='ocrx_word' id='word_1_20' title='bbox 73 796 201 854; x_wconf 79' lang='lat' dir='ltr'><strong>Senecam</strong></span> <span class='ocrx_word' id='word_1_21' title='bbox 223 806 253 854; x_wconf 89' lang='lat' dir='ltr'>et</span> <span class='ocrx_word' id='word_1_22' title='bbox 274 797 423 854; x_wconf 88' lang='lat' dir='ltr'>Eudorum</span> <span class='ocrx_word' id='word_1_23' title='bbox 437 797 595 854; x_wconf 88' lang='lat' dir='ltr'>secundum</span> <span class='ocrx_word' id='word_1_24' title='bbox 608 807 662 868; x_wconf 89' lang='lat' dir='ltr'>est,</span> <span class='ocrx_word' id='word_1_25' title='bbox 683 785 749 870; x_wconf 79' lang='grc' dir='ltr'><strong>περι</strong></span> <span class='ocrx_word' id='word_1_26' title='bbox 761 787 862 873; x_wconf 81' lang='grc' dir='ltr'><strong><em>ὁρμῆς,</em></strong></span> <span class='ocrx_word' id='word_1_27' title='bbox 885 797 1010 872; x_wconf 89' lang='lat' dir='ltr'>primum</span> <span class='ocrx_word' id='word_1_28' title='bbox 1027 794 1126 864; x_wconf 81' lang='lat' dir='ltr'>iaciat,</span> 
     </span>
     <span class='ocr_line' id='line_1_5' title="bbox 70 871 1126 958; baseline 0.002 -22"><span class='ocrx_word' id='word_1_29' title='bbox 70 892 147 955; x_wconf 89' lang='lat' dir='ltr'>atque</span> <span class='ocrx_word' id='word_1_30' title='bbox 168 893 280 958; x_wconf 88' lang='lat' dir='ltr'>partem</span> <span class='ocrx_word' id='word_1_31' title='bbox 302 871 513 958; x_wconf 75' lang='grc' dir='ltr'><strong>περιπαθῶν,</strong></span> <span class='ocrx_word' id='word_1_32' title='bbox 547 900 622 956; x_wconf 89' lang='lat' dir='ltr'>quaa</span> <span class='ocrx_word' id='word_1_33' title='bbox 650 880 729 957; x_wconf 87' lang='lat' dir='ltr'>apud</span> <span class='ocrx_word' id='word_1_34' title='bbox 751 881 892 941; x_wconf 78' lang='lat' dir='ltr'>Senecam</span> <span class='ocrx_word' id='word_1_35' title='bbox 921 891 950 938; x_wconf 91' lang='lat' dir='ltr'>et</span> <span class='ocrx_word' id='word_1_36' title='bbox 977 880 1126 938; x_wconf 89' lang='lat' dir='ltr'>Eudorum</span> 
     </span>
     <span class='ocr_line' id='line_1_6' title="bbox 70 967 1126 1066; baseline -0.002 -42"><span class='ocrx_word' id='word_1_37' title='bbox 70 968 106 1064; x_wconf 88' lang='lat' dir='ltr'>(p</span> <span class='ocrx_word' id='word_1_38' title='bbox 116 969 171 1066; x_wconf 77' lang='grc' dir='ltr'>5οι</span> <span class='ocrx_word' id='word_1_39' title='bbox 192 986 257 1024; x_wconf 90' lang='lat' dir='ltr'>cnm</span> <span class='ocrx_word' id='word_1_40' title='bbox 279 967 334 1024; x_wconf 88' lang='lat' dir='ltr'>hac</span> <span class='ocrx_word' id='word_1_41' title='bbox 357 967 392 1025; x_wconf 91' lang='lat' dir='ltr'>de</span> <span class='ocrx_word' id='word_1_42' title='bbox 414 968 526 1042; x_wconf 87' lang='lat' dir='ltr'>impetu</span> <span class='ocrx_word' id='word_1_43' title='bbox 543 967 739 1044; x_wconf 86' lang='lat' dir='ltr'>coniungitur,</span> <span class='ocrx_word' id='word_1_44' title='bbox 762 967 851 1024; x_wconf 88' lang='lat' dir='ltr'>etiam</span> <span class='ocrx_word' id='word_1_45' title='bbox 873 967 952 1043; x_wconf 86' lang='lat' dir='ltr'>apud</span> <span class='ocrx_word' id='word_1_46' title='bbox 963 967 1126 1042; x_wconf 79' lang='lat' dir='ltr'>Diogenem</span> 
     </span>
     <span class='ocr_line' id='line_1_7' title="bbox 69 1052 1128 1129; baseline 0.001 -22"><span class='ocrx_word' id='word_1_47' title='bbox 69 1052 94 1108; x_wconf 86' lang='grc' dir='ltr'>ιι</span> <span class='ocrx_word' id='word_1_48' title='bbox 113 1052 141 1108; x_wconf 89' lang='lat' dir='ltr'>in</span> <span class='ocrx_word' id='word_1_49' title='bbox 162 1053 277 1110; x_wconf 88' lang='lat' dir='ltr'>initium</span> <span class='ocrx_word' id='word_1_50' title='bbox 300 1053 440 1122; x_wconf 88' lang='lat' dir='ltr'>retrahat,</span> <span class='ocrx_word' id='word_1_51' title='bbox 463 1071 517 1110; x_wconf 88' lang='lat' dir='ltr'>nee</span> <span class='ocrx_word' id='word_1_52' title='bbox 539 1053 647 1123; x_wconf 83' lang='lat' dir='ltr'>videat,</span> <span class='ocrx_word' id='word_1_53' title='bbox 669 1053 756 1129; x_wconf 89' lang='lat' dir='ltr'>longe</span> <span class='ocrx_word' id='word_1_54' title='bbox 778 1053 864 1110; x_wconf 88' lang='lat' dir='ltr'>aliter</span> <span class='ocrx_word' id='word_1_55' title='bbox 886 1053 921 1110; x_wconf 91' lang='lat' dir='ltr'>de</span> <span class='ocrx_word' id='word_1_56' title='bbox 938 1053 1071 1128; x_wconf 83' lang='lat' dir='ltr'>appetita</span> <span class='ocrx_word' id='word_1_57' title='bbox 1093 1069 1128 1108; x_wconf 90' lang='lat' dir='ltr'>ac</span> 
     </span>
     <span class='ocr_line' id='line_1_8' title="bbox 68 1137 1126 1215; baseline 0 -22"><span class='ocrx_word' id='word_1_58' title='bbox 68 1137 154 1212; x_wconf 89' lang='lat' dir='ltr'>prima</span> <span class='ocrx_word' id='word_1_59' title='bbox 175 1138 379 1196; x_wconf 76' lang='lat' dir='ltr'>conciliatione</span> <span class='ocrx_word' id='word_1_60' title='bbox 401 1138 545 1215; x_wconf 88' lang='lat' dir='ltr'>disputari</span> <span class='ocrx_word' id='word_1_61' title='bbox 567 1139 652 1196; x_wconf 85' lang='lat' dir='ltr'>initio</span> <span class='ocrx_word' id='word_1_62' title='bbox 664 1137 836 1214; x_wconf 89' lang='lat' dir='ltr'>disciplinae</span> <span class='ocrx_word' id='word_1_63' title='bbox 847 1139 884 1195; x_wconf 88' lang='lat' dir='ltr'>ad</span> <span class='ocrx_word' id='word_1_64' title='bbox 895 1137 1126 1214; x_wconf 75' lang='lat' dir='ltr'>praeparandam</span> 
     </span>
     <span class='ocr_line' id='line_1_9' title="bbox 68 1223 1127 1300; baseline -0.001 -22"><span class='ocrx_word' id='word_1_65' title='bbox 68 1223 207 1281; x_wconf 90' lang='lat' dir='ltr'>notionem</span> <span class='ocrx_word' id='word_1_66' title='bbox 231 1224 308 1295; x_wconf 92' lang='lat' dir='ltr'>boni,</span> <span class='ocrx_word' id='word_1_67' title='bbox 332 1225 417 1282; x_wconf 86' lang='lat' dir='ltr'>aliter</span> <span class='ocrx_word' id='word_1_68' title='bbox 438 1224 517 1300; x_wconf 86' lang='lat' dir='ltr'>apud</span> <span class='ocrx_word' id='word_1_69' title='bbox 540 1224 682 1284; x_wconf 85' lang='lat' dir='ltr'>Senecam</span> <span class='ocrx_word' id='word_1_70' title='bbox 706 1224 741 1282; x_wconf 90' lang='lat' dir='ltr'>ds</span> <span class='ocrx_word' id='word_1_71' title='bbox 764 1224 941 1281; x_wconf 89' lang='lat' dir='ltr'>moderando</span> <span class='ocrx_word' id='word_1_72' title='bbox 963 1224 1075 1298; x_wconf 87' lang='lat' dir='ltr'>impeta</span> <span class='ocrx_word' id='word_1_73' title='bbox 1098 1231 1127 1278; x_wconf 85' lang='lat' dir='ltr'>et</span> 
     </span>
     <span class='ocr_line' id='line_1_10' title="bbox 68 1308 1127 1385; baseline -0.001 -21"><span class='ocrx_word' id='word_1_74' title='bbox 68 1309 100 1364; x_wconf 89' lang='lat' dir='ltr'>ad</span> <span class='ocrx_word' id='word_1_75' title='bbox 122 1308 188 1366; x_wconf 92' lang='lat' dir='ltr'>boni</span> <span class='ocrx_word' id='word_1_76' title='bbox 211 1309 359 1368; x_wconf 90' lang='lat' dir='ltr'>notionem</span> <span class='ocrx_word' id='word_1_77' title='bbox 386 1310 444 1366; x_wconf 87' lang='lat' dir='ltr'>iam</span> <span class='ocrx_word' id='word_1_78' title='bbox 468 1311 644 1385; x_wconf 83' lang='lat' dir='ltr'>explicatam</span> <span class='ocrx_word' id='word_1_79' title='bbox 669 1309 880 1380; x_wconf 85' lang='lat' dir='ltr'>convertendo,</span> <span class='ocrx_word' id='word_1_80' title='bbox 913 1317 946 1366; x_wconf 89' lang='lat' dir='ltr'>ut</span> <span class='ocrx_word' id='word_1_81' title='bbox 967 1308 994 1365; x_wconf 93' lang='lat' dir='ltr'>ei</span> <span class='ocrx_word' id='word_1_82' title='bbox 1017 1316 1127 1384; x_wconf 86' lang='lat' dir='ltr'>pareat.</span> 
     </span>
     <span class='ocr_line' id='line_1_11' title="bbox 67 1393 1127 1471; baseline 0 -21"><span class='ocrx_word' id='word_1_83' title='bbox 67 1394 153 1451; x_wconf 86' lang='lat' dir='ltr'>Miror</span> <span class='ocrx_word' id='word_1_84' title='bbox 175 1394 303 1464; x_wconf 90' lang='lat' dir='ltr'>omnino,</span> <span class='ocrx_word' id='word_1_85' title='bbox 326 1413 385 1452; x_wconf 89' lang='lat' dir='ltr'>non</span> <span class='ocrx_word' id='word_1_86' title='bbox 407 1395 522 1452; x_wconf 87' lang='lat' dir='ltr'>venisse</span> <span class='ocrx_word' id='word_1_87' title='bbox 545 1395 574 1452; x_wconf 90' lang='lat' dir='ltr'>in</span> <span class='ocrx_word' id='word_1_88' title='bbox 598 1405 738 1466; x_wconf 89' lang='lat' dir='ltr'>mentem,</span> <span class='ocrx_word' id='word_1_89' title='bbox 774 1395 810 1452; x_wconf 91' lang='lat' dir='ltr'>de</span> <span class='ocrx_word' id='word_1_90' title='bbox 832 1414 889 1469; x_wconf 92' lang='lat' dir='ltr'>quo</span> <span class='ocrx_word' id='word_1_91' title='bbox 910 1395 976 1471; x_wconf 86' lang='lat' dir='ltr'>ipsa</span> <span class='ocrx_word' id='word_1_92' title='bbox 998 1393 1127 1453; x_wconf 86' lang='lat' dir='ltr'>Senecae</span> 
     </span>
     <span class='ocr_line' id='line_1_12' title="bbox 67 1479 1128 1556; baseline 0 -23"><span class='ocrx_word' id='word_1_93' title='bbox 67 1480 150 1536; x_wconf 85' lang='lat' dir='ltr'>verba</span> <span class='ocrx_word' id='word_1_94' title='bbox 171 1479 316 1556; x_wconf 81' lang='lat' dir='ltr'>legentem</span> <span class='ocrx_word' id='word_1_95' title='bbox 338 1480 505 1552; x_wconf 78' lang='lat' dir='ltr'>admonent,</span> <span class='ocrx_word' id='word_1_96' title='bbox 528 1481 670 1540; x_wconf 90' lang='lat' dir='ltr'>eiusmodi</span> <span class='ocrx_word' id='word_1_97' title='bbox 693 1499 756 1540; x_wconf 89' lang='lat' dir='ltr'>esse</span> <span class='ocrx_word' id='word_1_98' title='bbox 778 1480 853 1538; x_wconf 88' lang='lat' dir='ltr'>hanc</span> <span class='ocrx_word' id='word_1_99' title='bbox 865 1481 1047 1548; x_wconf 87' lang='lat' dir='ltr'>divisionem,</span> <span class='ocrx_word' id='word_1_100' title='bbox 1070 1497 1128 1536; x_wconf 91' lang='lat' dir='ltr'>non</span> 
     </span>
     <span class='ocr_line' id='line_1_13' title="bbox 67 1565 1127 1643; baseline -0.001 -23"><span class='ocrx_word' id='word_1_101' title='bbox 67 1583 134 1638; x_wconf 88' lang='lat' dir='ltr'>qnae</span> <span class='ocrx_word' id='word_1_102' title='bbox 156 1565 341 1640; x_wconf 80' lang='lat' dir='ltr'>disciplinam</span> <span class='ocrx_word' id='word_1_103' title='bbox 365 1567 523 1623; x_wconf 87' lang='lat' dir='ltr'>secundum</span> <span class='ocrx_word' id='word_1_104' title='bbox 546 1567 719 1643; x_wconf 86' lang='lat' dir='ltr'>praecipuas</span> <span class='ocrx_word' id='word_1_105' title='bbox 741 1567 884 1636; x_wconf 87' lang='lat' dir='ltr'>notiones,</span> <span class='ocrx_word' id='word_1_106' title='bbox 915 1584 989 1640; x_wconf 86' lang='lat' dir='ltr'>quae</span> <span class='ocrx_word' id='word_1_107' title='bbox 1012 1565 1041 1620; x_wconf 92' lang='lat' dir='ltr'>in</span> <span class='ocrx_word' id='word_1_108' title='bbox 1064 1574 1127 1620; x_wconf 84' lang='lat' dir='ltr'>arte</span> 
     </span>
     <span class='ocr_line' id='line_1_14' title="bbox 67 1649 1126 1752; baseline -0.002 -46"><span class='ocrx_word' id='word_1_109' title='bbox 67 1649 253 1724; x_wconf 83' lang='lat' dir='ltr'>explicentur,</span> <span class='ocrx_word' id='word_1_110' title='bbox 277 1649 447 1725; x_wconf 82' lang='lat' dir='ltr'>dispositam</span> <span class='ocrx_word' id='word_1_111' title='bbox 472 1653 629 1722; x_wconf 86' lang='lat' dir='ltr'>contineat,</span> <span class='ocrx_word' id='word_1_112' title='bbox 653 1652 705 1710; x_wconf 87' lang='lat' dir='ltr'>sed</span> <span class='ocrx_word' id='word_1_113' title='bbox 727 1670 802 1727; x_wconf 91' lang='lat' dir='ltr'>qnae</span> <span class='ocrx_word' id='word_1_114' title='bbox 814 1661 904 1709; x_wconf 85' lang='lat' dir='ltr'>totam</span> <span class='ocrx_word' id='word_1_115' title='bbox 916 1649 1126 1752; x_wconf 80' lang='lat' dir='ltr'>perfectionem</span> 
     </span>
     <span class='ocr_line' id='line_1_15' title="bbox 66 1735 1129 1813; baseline 0 -23"><span class='ocrx_word' id='word_1_116' title='bbox 66 1735 137 1791; x_wconf 79' lang='lat' dir='ltr'>vitae</span> <span class='ocrx_word' id='word_1_117' title='bbox 157 1735 277 1792; x_wconf 88' lang='lat' dir='ltr'>moralis</span> <span class='ocrx_word' id='word_1_118' title='bbox 299 1736 341 1792; x_wconf 89' lang='lat' dir='ltr'>ita</span> <span class='ocrx_word' id='word_1_119' title='bbox 362 1736 393 1792; x_wconf 92' lang='lat' dir='ltr'>in</span> <span class='ocrx_word' id='word_1_120' title='bbox 416 1736 473 1794; x_wconf 88' lang='lat' dir='ltr'>tria</span> <span class='ocrx_word' id='word_1_121' title='bbox 495 1737 592 1813; x_wconf 88' lang='lat' dir='ltr'>capita</span> <span class='ocrx_word' id='word_1_122' title='bbox 614 1738 777 1813; x_wconf 82' lang='lat' dir='ltr'>dispertiat,</span> <span class='ocrx_word' id='word_1_123' title='bbox 801 1747 834 1794; x_wconf 84' lang='lat' dir='ltr'>ut</span> <span class='ocrx_word' id='word_1_124' title='bbox 845 1755 939 1794; x_wconf 86' lang='lat' dir='ltr'>omme</span> <span class='ocrx_word' id='word_1_125' title='bbox 956 1735 1018 1794; x_wconf 83' lang='lat' dir='ltr'>iere</span> <span class='ocrx_word' id='word_1_126' title='bbox 1030 1753 1078 1792; x_wconf 89' lang='lat' dir='ltr'>ars</span> <span class='ocrx_word' id='word_1_127' title='bbox 1100 1743 1129 1790; x_wconf 87' lang='lat' dir='ltr'>et</span> 
     </span>
     <span class='ocr_line' id='line_1_16' title="bbox 66 1813 1130 1919; baseline 0.002 -46"><span class='ocrx_word' id='word_1_128' title='bbox 66 1813 206 1892; x_wconf 80' lang='grc' dir='ltr'><strong><em>θεωρία</em></strong></span> <span class='ocrx_word' id='word_1_129' title='bbox 197 1839 227 1877; x_wconf 89' lang='lat' dir='ltr'>m</span> <span class='ocrx_word' id='word_1_130' title='bbox 250 1821 344 1896; x_wconf 90' lang='lat' dir='ltr'>primo</span> <span class='ocrx_word' id='word_1_131' title='bbox 355 1833 489 1897; x_wconf 84' lang='lat' dir='ltr'>ponatur,</span> <span class='ocrx_word' id='word_1_132' title='bbox 507 1817 806 1898; x_wconf 73' lang='grc' dir='ltr'><strong>ιιιιιιιιιιιιιοπραξιν</strong></span> <span class='ocrx_word' id='word_1_133' title='bbox 817 1823 920 1880; x_wconf 90' lang='lat' dir='ltr'>eteius</span> <span class='ocrx_word' id='word_1_134' title='bbox 937 1823 1130 1919; x_wconf 81' lang='lat' dir='ltr'>ipstrumenta</span> 
     </span>
     <span class='ocr_line' id='line_1_17' title="bbox 65 1896 1130 2002; baseline 0.006 -43"><span class='ocrx_word' id='word_1_135' title='bbox 65 1905 315 2002; x_wconf 83' lang='lat' dir='ltr'>comprehendant.</span> <span class='ocrx_word' id='word_1_136' title='bbox 329 1902 355 1984; x_wconf 87' lang='lat'>¹)</span> <span class='ocrx_word' id='word_1_137' title='bbox 383 1906 488 1983; x_wconf 88' lang='lat' dir='ltr'>Itaque</span> <span class='ocrx_word' id='word_1_138' title='bbox 511 1908 590 1984; x_wconf 88' lang='lat' dir='ltr'>apud</span> <span class='ocrx_word' id='word_1_139' title='bbox 611 1907 761 1966; x_wconf 86' lang='lat' dir='ltr'>Eudoram</span> <span class='ocrx_word' id='word_1_140' title='bbox 785 1917 815 1964; x_wconf 81' lang='lat' dir='ltr'>et</span> <span class='ocrx_word' id='word_1_141' title='bbox 836 1897 870 1964; x_wconf 81' lang='grc' dir='ltr'>τὸ</span> <span class='ocrx_word' id='word_1_142' title='bbox 892 1896 957 1982; x_wconf 77' lang='grc' dir='ltr'><strong>περι</strong></span> <span class='ocrx_word' id='word_1_143' title='bbox 980 1902 1082 1975; x_wconf 75' lang='grc' dir='ltr'><em>τέλους</em></span> <span class='ocrx_word' id='word_1_144' title='bbox 1100 1919 1130 1964; x_wconf 87' lang='lat' dir='ltr'>et</span> 
     </span>
     <span class='ocr_line' id='line_1_18' title="bbox 65 1979 1128 2137; baseline 0.005 -93"><span class='ocrx_word' id='word_1_145' title='bbox 65 1979 96 2044; x_wconf 82' lang='grc' dir='ltr'>τὸ</span> <span class='ocrx_word' id='word_1_146' title='bbox 116 1979 182 2064; x_wconf 75' lang='grc' dir='ltr'><strong><em>περὶ</em></strong></span> <span class='ocrx_word' id='word_1_147' title='bbox 204 2009 256 2064; x_wconf 84' lang='grc' dir='ltr'>τις</span> <span class='ocrx_word' id='word_1_148' title='bbox 268 1982 362 2063; x_wconf 82' lang='grc' dir='ltr'><strong>αξιας,</strong></span> <span class='ocrx_word' id='word_1_149' title='bbox 387 1993 692 2092; x_wconf 30' lang='lat' dir='ltr'>quaeuPetersanius</span> <span class='ocrx_word' id='word_1_150' title='bbox 684 2013 713 2052; x_wconf 89' lang='grc' dir='ltr'>ιιι</span> <span class='ocrx_word' id='word_1_151' title='bbox 737 1994 918 2069; x_wconf 85' lang='lat' dir='ltr'>tertiaparte</span> <span class='ocrx_word' id='word_1_152' title='bbox 929 1992 1021 2068; x_wconf 87' lang='lat' dir='ltr'>ponit,</span> <span class='ocrx_word' id='word_1_153' title='bbox 1045 2011 1128 2137; x_wconf 62' lang='lat' dir='ltr'>sperg-</span> 
     </span>
     <span class='ocr_line' id='line_1_19' title="bbox 66 2072 1106 2160; baseline 0.005 -31"><span class='ocrx_word' id='word_1_154' title='bbox 66 2072 171 2131; x_wconf 87' lang='lat' dir='ltr'>tiasime</span> <span class='ocrx_word' id='word_1_155' title='bbox 199 2087 347 2152; x_wconf 91' lang='lat' dir='ltr'>ponuntur</span> <span class='ocrx_word' id='word_1_156' title='bbox 369 2078 400 2134; x_wconf 93' lang='lat' dir='ltr'>in</span> <span class='ocrx_word' id='word_1_157' title='bbox 422 2079 518 2153; x_wconf 89' lang='lat' dir='ltr'>prima</span> <span class='ocrx_word' id='word_1_158' title='bbox 540 2075 640 2160; x_wconf 87' lang='lat' dir='ltr'>(quam</span> <span class='ocrx_word' id='word_1_159' title='bbox 668 2079 718 2136; x_wconf 92' lang='lat' dir='ltr'>ille</span> <span class='ocrx_word' id='word_1_160' title='bbox 746 2078 903 2136; x_wconf 85' lang='lat' dir='ltr'>secundem</span> <span class='ocrx_word' id='word_1_161' title='bbox 925 2074 1106 2154; x_wconf 78' lang='lat' dir='ltr'>fecit)p.4</span> 
     </span>
    </p>

    <p class='ocr_par' dir='ltr' id='par_1_3' title="bbox 57 2161 1133 3860">
     <span class='ocr_line' id='line_1_20' title="bbox 65 2161 1128 2241; baseline 0.009 -28"><span class='ocrx_word' id='word_1_162' title='bbox 65 2171 91 2214; x_wconf 89' lang='lat' dir='ltr'>et</span> <span class='ocrx_word' id='word_1_163' title='bbox 112 2161 160 2216; x_wconf 82' lang='lat'>50.</span> <span class='ocrx_word' id='word_1_164' title='bbox 195 2161 306 2218; x_wconf 85' lang='lat' dir='ltr'>Verum</span> <span class='ocrx_word' id='word_1_165' title='bbox 330 2164 409 2237; x_wconf 89' lang='lat' dir='ltr'>quod</span> <span class='ocrx_word' id='word_1_166' title='bbox 430 2173 493 2222; x_wconf 90' lang='lat' dir='ltr'>tota</span> <span class='ocrx_word' id='word_1_167' title='bbox 515 2164 587 2221; x_wconf 89' lang='lat' dir='ltr'>haec</span> <span class='ocrx_word' id='word_1_168' title='bbox 609 2163 715 2222; x_wconf 88' lang='lat' dir='ltr'>divisio</span> <span class='ocrx_word' id='word_1_169' title='bbox 737 2164 888 2241; x_wconf 88' lang='lat' dir='ltr'>coniungit</span> <span class='ocrx_word' id='word_1_170' title='bbox 909 2183 956 2221; x_wconf 86' lang='lat' dir='ltr'>res</span> <span class='ocrx_word' id='word_1_171' title='bbox 967 2175 1128 2239; x_wconf 84' lang='lat' dir='ltr'>separatas,</span> 
     </span>
     <span class='ocr_line' id='line_1_21' title="bbox 65 2245 1127 2326; baseline 0.008 -27"><span class='ocrx_word' id='word_1_172' title='bbox 65 2245 211 2302; x_wconf 89' lang='lat' dir='ltr'>notionum</span> <span class='ocrx_word' id='word_1_173' title='bbox 244 2247 274 2303; x_wconf 87' lang='lat' dir='ltr'>in</span> <span class='ocrx_word' id='word_1_174' title='bbox 303 2257 366 2306; x_wconf 85' lang='lat' dir='ltr'>arte</span> <span class='ocrx_word' id='word_1_175' title='bbox 394 2249 607 2325; x_wconf 80' lang='lat' dir='ltr'>expositionem</span> <span class='ocrx_word' id='word_1_176' title='bbox 630 2259 660 2306; x_wconf 91' lang='lat' dir='ltr'>et</span> <span class='ocrx_word' id='word_1_177' title='bbox 681 2251 776 2326; x_wconf 89' lang='lat' dir='ltr'>ipsam</span> <span class='ocrx_word' id='word_1_178' title='bbox 798 2250 877 2306; x_wconf 88' lang='lat' dir='ltr'>vitae</span> <span class='ocrx_word' id='word_1_179' title='bbox 899 2249 1057 2311; x_wconf 90' lang='lat' dir='ltr'>actionem</span> <span class='ocrx_word' id='word_1_180' title='bbox 1091 2269 1127 2308; x_wconf 89' lang='lat' dir='ltr'>ne</span> 
     </span>
     <span class='ocr_line' id='line_1_22' title="bbox 63 2329 1130 2428; baseline 0.008 -44"><span class='ocrx_word' id='word_1_181' title='bbox 63 2329 151 2386; x_wconf 82' lang='lat' dir='ltr'>inanis</span> <span class='ocrx_word' id='word_1_182' title='bbox 177 2332 215 2387; x_wconf 91' lang='lat' dir='ltr'>sit</span> <span class='ocrx_word' id='word_1_183' title='bbox 237 2333 324 2390; x_wconf 84' lang='lat' dir='ltr'>tertia</span> <span class='ocrx_word' id='word_1_184' title='bbox 330 2353 422 2428; x_wconf 82' lang='lat' dir='ltr'>pars</span> <span class='ocrx_word' id='word_1_185' title='bbox 445 2335 476 2391; x_wconf 93' lang='lat' dir='ltr'>in</span> <span class='ocrx_word' id='word_1_186' title='bbox 498 2353 563 2393; x_wconf 89' lang='lat' dir='ltr'>eam</span> <span class='ocrx_word' id='word_1_187' title='bbox 585 2335 761 2394; x_wconf 84' lang='lat' dir='ltr'>transfertur</span> <span class='ocrx_word' id='word_1_188' title='bbox 782 2335 915 2393; x_wconf 88' lang='lat' dir='ltr'>doctrina</span> <span class='ocrx_word' id='word_1_189' title='bbox 937 2333 1130 2393; x_wconf 83' lang='lat' dir='ltr'>deofficiiset</span> 
     </span>
     <span class='ocr_line' id='line_1_23' title="bbox 64 2406 1129 2498; baseline 0.008 -28"><span class='ocrx_word' id='word_1_190' title='bbox 64 2415 236 2474; x_wconf 81' lang='lat' dir='ltr'>rectefactia</span> <span class='ocrx_word' id='word_1_191' title='bbox 259 2407 337 2494; x_wconf 82' lang='grc' dir='ltr'><strong>(περι</strong></span> <span class='ocrx_word' id='word_1_192' title='bbox 354 2406 546 2493; x_wconf 71' lang='grc' dir='ltr'><strong><em>καθηκόντων</em></strong></span> <span class='ocrx_word' id='word_1_193' title='bbox 566 2408 614 2476; x_wconf 79' lang='grc' dir='ltr'>καὶ</span> <span class='ocrx_word' id='word_1_194' title='bbox 635 2409 891 2496; x_wconf 75' lang='grc' dir='ltr'><em>κατορθωμάτων,</em></span> <span class='ocrx_word' id='word_1_195' title='bbox 914 2440 942 2495; x_wconf 93' lang='lat' dir='ltr'>p.</span> <span class='ocrx_word' id='word_1_196' title='bbox 961 2419 1030 2498; x_wconf 76' lang='lat'>52),</span> <span class='ocrx_word' id='word_1_197' title='bbox 1055 2440 1129 2496; x_wconf 84' lang='lat' dir='ltr'>quae</span> 
     </span>
     <span class='ocr_line' id='line_1_24' title="bbox 64 2501 1131 2603; baseline 0.007 -48"><span class='ocrx_word' id='word_1_198' title='bbox 64 2501 146 2557; x_wconf 89' lang='lat' dir='ltr'>ctiam</span> <span class='ocrx_word' id='word_1_199' title='bbox 172 2502 251 2578; x_wconf 84' lang='lat' dir='ltr'>apud</span> <span class='ocrx_word' id='word_1_200' title='bbox 274 2501 415 2560; x_wconf 87' lang='lat' dir='ltr'>Senecam</span> <span class='ocrx_word' id='word_1_201' title='bbox 445 2504 626 2603; x_wconf 78' lang='lat' dir='ltr'>significatur</span> <span class='ocrx_word' id='word_1_202' title='bbox 653 2507 682 2580; x_wconf 70' lang='grc' dir='ltr'>(ς</span> <span class='ocrx_word' id='word_1_203' title='bbox 709 2505 746 2562; x_wconf 85' lang='grc'>15</span> <span class='ocrx_word' id='word_1_204' title='bbox 770 2506 878 2580; x_wconf 80' lang='lat' dir='ltr'>quando</span> <span class='ocrx_word' id='word_1_205' title='bbox 900 2507 1018 2579; x_wconf 81' lang='lat' dir='ltr'>quidque</span> <span class='ocrx_word' id='word_1_206' title='bbox 1040 2517 1063 2563; x_wconf 84' lang='lat' dir='ltr'>et</span> <span class='ocrx_word' id='word_1_207' title='bbox 1087 2507 1131 2562; x_wconf 79' lang='lat' dir='ltr'>ehi</span> 
     </span>
     <span class='ocr_line' id='line_1_25' title="bbox 63 2581 1130 2678; baseline 0.005 -36"><span class='ocrx_word' id='word_1_208' title='bbox 63 2597 84 2642; x_wconf 80' lang='lat' dir='ltr'>et</span> <span class='ocrx_word' id='word_1_209' title='bbox 104 2589 329 2660; x_wconf 82' lang='lat' dir='ltr'>quemadmodum</span> <span class='ocrx_word' id='word_1_210' title='bbox 345 2609 394 2678; x_wconf 77' lang='lat' dir='ltr'>apr</span> <span class='ocrx_word' id='word_1_211' title='bbox 392 2589 523 2665; x_wconf 67' lang='lat' dir='ltr'>dedam),</span> <span class='ocrx_word' id='word_1_212' title='bbox 546 2591 631 2665; x_wconf 89' lang='lat' dir='ltr'>cique</span> <span class='ocrx_word' id='word_1_213' title='bbox 643 2590 812 2666; x_wconf 86' lang='lat' dir='ltr'>adiungitur</span> <span class='ocrx_word' id='word_1_214' title='bbox 822 2591 904 2647; x_wconf 88' lang='lat' dir='ltr'>locus</span> <span class='ocrx_word' id='word_1_215' title='bbox 917 2581 1130 2666; x_wconf 73' lang='grc' dir='ltr'><strong>προτρεπτικὸς</strong></span> 
     </span>
     <span class='ocr_line' id='line_1_26' title="bbox 62 2655 1130 2774; baseline 0.006 -48"><span class='ocrx_word' id='word_1_216' title='bbox 62 2690 106 2728; x_wconf 81' lang='grc' dir='ltr'>και</span> <span class='ocrx_word' id='word_1_217' title='bbox 99 2655 383 2771; x_wconf 77' lang='grc' dir='ltr'><strong>παραμυθητικός,</strong></span> <span class='ocrx_word' id='word_1_218' title='bbox 407 2675 456 2749; x_wconf 89' lang='lat' dir='ltr'>qui</span> <span class='ocrx_word' id='word_1_219' title='bbox 475 2675 552 2749; x_wconf 86' lang='lat' dir='ltr'>apud</span> <span class='ocrx_word' id='word_1_220' title='bbox 564 2675 726 2773; x_wconf 86' lang='lat' dir='ltr'>Diogenem</span> <span class='ocrx_word' id='word_1_221' title='bbox 739 2693 856 2750; x_wconf 87' lang='lat' dir='ltr'>quoque</span> <span class='ocrx_word' id='word_1_222' title='bbox 872 2675 1043 2774; x_wconf 80' lang='lat' dir='ltr'>appendicis</span> <span class='ocrx_word' id='word_1_223' title='bbox 1065 2675 1130 2733; x_wconf 90' lang='lat' dir='ltr'>loeo</span> 
     </span>
     <span class='ocr_line' id='line_1_27' title="bbox 62 2748 1131 2837; baseline 0.005 -25"><span class='ocrx_word' id='word_1_224' title='bbox 62 2755 249 2824; x_wconf 83' lang='lat' dir='ltr'>adhaerebat,</span> <span class='ocrx_word' id='word_1_225' title='bbox 271 2748 337 2832; x_wconf 80' lang='grc' dir='ltr'><strong><em>περὶ</em></strong></span> <span class='ocrx_word' id='word_1_226' title='bbox 358 2756 534 2833; x_wconf 76' lang='grc' dir='ltr'><strong><em>προτροπῶν</em></strong></span> <span class='ocrx_word' id='word_1_227' title='bbox 556 2749 604 2816; x_wconf 73' lang='grc' dir='ltr'>καὶ</span> <span class='ocrx_word' id='word_1_228' title='bbox 628 2751 815 2837; x_wconf 74' lang='grc' dir='ltr'><strong><em>ἀποτροπῶν.</em></strong></span> <span class='ocrx_word' id='word_1_229' title='bbox 858 2763 924 2819; x_wconf 87' lang='lat' dir='ltr'>Hac</span> <span class='ocrx_word' id='word_1_230' title='bbox 946 2761 1035 2837; x_wconf 88' lang='lat' dir='ltr'>igitur</span> <span class='ocrx_word' id='word_1_231' title='bbox 1057 2761 1131 2818; x_wconf 86' lang='lat' dir='ltr'>divi-</span> 
     </span>
     <span class='ocr_line' id='line_1_28' title="bbox 62 2841 1131 2944; baseline 0.005 -47"><span class='ocrx_word' id='word_1_232' title='bbox 62 2841 139 2898; x_wconf 88' lang='lat' dir='ltr'>sione</span> <span class='ocrx_word' id='word_1_233' title='bbox 165 2861 268 2918; x_wconf 90' lang='lat' dir='ltr'>parum</span> <span class='ocrx_word' id='word_1_234' title='bbox 292 2843 392 2900; x_wconf 88' lang='lat' dir='ltr'>subtili</span> <span class='ocrx_word' id='word_1_235' title='bbox 415 2843 530 2902; x_wconf 86' lang='lat' dir='ltr'>Stoicos</span> <span class='ocrx_word' id='word_1_236' title='bbox 558 2863 674 2944; x_wconf 77' lang='lat' dir='ltr'>quoque</span> <span class='ocrx_word' id='word_1_237' title='bbox 698 2845 840 2919; x_wconf 88' lang='lat' dir='ltr'>quosdam</span> <span class='ocrx_word' id='word_1_238' title='bbox 867 2865 936 2904; x_wconf 91' lang='lat' dir='ltr'>usos</span> <span class='ocrx_word' id='word_1_239' title='bbox 964 2865 1044 2913; x_wconf 84' lang='lat' dir='ltr'>esse,</span> <span class='ocrx_word' id='word_1_240' title='bbox 1080 2845 1131 2905; x_wconf 90' lang='lat' dir='ltr'>Se·</span> 
     </span>
     <span class='ocr_line' id='line_1_29' title="bbox 63 2928 1132 3004; baseline 0.006 -22"><span class='ocrx_word' id='word_1_241' title='bbox 63 2945 146 2984; x_wconf 80' lang='lat' dir='ltr'>necas</span> <span class='ocrx_word' id='word_1_242' title='bbox 172 2928 333 2997; x_wconf 83' lang='lat' dir='ltr'>credimus3</span> <span class='ocrx_word' id='word_1_243' title='bbox 356 2947 423 2985; x_wconf 90' lang='lat' dir='ltr'>num</span> <span class='ocrx_word' id='word_1_244' title='bbox 448 2937 545 2986; x_wconf 91' lang='lat' dir='ltr'>tamen</span> <span class='ocrx_word' id='word_1_245' title='bbox 567 2931 732 3004; x_wconf 82' lang='lat' dir='ltr'>quisquam.</span> <span class='ocrx_word' id='word_1_246' title='bbox 756 2947 821 2988; x_wconf 89' lang='lat' dir='ltr'>cum</span> <span class='ocrx_word' id='word_1_247' title='bbox 844 2932 997 2989; x_wconf 87' lang='lat' dir='ltr'>scribendo</span> <span class='ocrx_word' id='word_1_248' title='bbox 1015 2932 1132 2990; x_wconf 85' lang='lat' dir='ltr'>univer-</span> 
     </span>
     <span class='ocr_line' id='line_1_30' title="bbox 61 3013 1133 3092; baseline 0.006 -24"><span class='ocrx_word' id='word_1_249' title='bbox 61 3032 120 3070; x_wconf 85' lang='lat' dir='ltr'>sam</span> <span class='ocrx_word' id='word_1_250' title='bbox 143 3013 329 3090; x_wconf 85' lang='lat' dir='ltr'>disciplinam</span> <span class='ocrx_word' id='word_1_251' title='bbox 354 3014 524 3089; x_wconf 73' lang='lat' dir='ltr'>explicaret,</span> <span class='ocrx_word' id='word_1_252' title='bbox 547 3035 582 3073; x_wconf 89' lang='lat' dir='ltr'>eo</span> <span class='ocrx_word' id='word_1_253' title='bbox 605 3016 707 3074; x_wconf 88' lang='lat' dir='ltr'>ordine</span> <span class='ocrx_word' id='word_1_254' title='bbox 729 3017 773 3073; x_wconf 86' lang='lat' dir='ltr'>uti</span> <span class='ocrx_word' id='word_1_255' title='bbox 794 3017 932 3092; x_wconf 82' lang='lat' dir='ltr'>potuerit,</span> <span class='ocrx_word' id='word_1_256' title='bbox 954 3035 1013 3074; x_wconf 90' lang='lat' dir='ltr'>non</span> <span class='ocrx_word' id='word_1_257' title='bbox 1025 3017 1133 3074; x_wconf 90' lang='lat' dir='ltr'>iniuria</span> 
     </span>
     <span class='ocr_line' id='line_1_31' title="bbox 61 3099 1133 3178; baseline 0.006 -24"><span class='ocrx_word' id='word_1_258' title='bbox 61 3099 169 3175; x_wconf 82' lang='lat' dir='ltr'>ambigi</span> <span class='ocrx_word' id='word_1_259' title='bbox 192 3108 304 3174; x_wconf 90' lang='lat' dir='ltr'>potest;</span> <span class='ocrx_word' id='word_1_260' title='bbox 326 3109 475 3174; x_wconf 88' lang='lat' dir='ltr'>receptum</span> <span class='ocrx_word' id='word_1_261' title='bbox 499 3119 564 3158; x_wconf 88' lang='lat' dir='ltr'>eum</span> <span class='ocrx_word' id='word_1_262' title='bbox 588 3111 618 3158; x_wconf 89' lang='lat' dir='ltr'>et</span> <span class='ocrx_word' id='word_1_263' title='bbox 640 3119 821 3158; x_wconf 88' lang='lat' dir='ltr'>communem</span> <span class='ocrx_word' id='word_1_264' title='bbox 834 3101 936 3172; x_wconf 84' lang='lat' dir='ltr'>fuisse,</span> <span class='ocrx_word' id='word_1_265' title='bbox 959 3111 1051 3159; x_wconf 84' lang='lat' dir='ltr'>atres</span> <span class='ocrx_word' id='word_1_266' title='bbox 1068 3103 1133 3178; x_wconf 89' lang='lat' dir='ltr'>ipsa</span> 
     </span>
     <span class='ocr_line' id='line_1_32' title="bbox 60 3185 1130 3262; baseline 0.005 -23"><span class='ocrx_word' id='word_1_267' title='bbox 60 3186 178 3242; x_wconf 87' lang='lat' dir='ltr'>credere</span> <span class='ocrx_word' id='word_1_268' title='bbox 202 3192 283 3241; x_wconf 86' lang='lat' dir='ltr'>vetat</span> <span class='ocrx_word' id='word_1_269' title='bbox 304 3193 334 3240; x_wconf 84' lang='lat' dir='ltr'>et</span> <span class='ocrx_word' id='word_1_270' title='bbox 355 3185 459 3245; x_wconf 77' lang='lat' dir='ltr'>Cicero</span> <span class='ocrx_word' id='word_1_271' title='bbox 482 3195 570 3261; x_wconf 87' lang='lat' dir='ltr'>atque</span> <span class='ocrx_word' id='word_1_272' title='bbox 591 3187 741 3262; x_wconf 87' lang='lat' dir='ltr'>Diogenes</span> <span class='ocrx_word' id='word_1_273' title='bbox 764 3195 793 3243; x_wconf 91' lang='lat' dir='ltr'>et</span> <span class='ocrx_word' id='word_1_274' title='bbox 803 3187 940 3246; x_wconf 88' lang='lat' dir='ltr'>Ioannes.</span> <span class='ocrx_word' id='word_1_275' title='bbox 973 3187 1018 3244; x_wconf 83' lang='lat' dir='ltr'>Ea</span> <span class='ocrx_word' id='word_1_276' title='bbox 1034 3197 1130 3244; x_wconf 88' lang='lat' dir='ltr'>autem</span> 
     </span>
     <span class='ocr_line' id='line_1_33' title="bbox 59 3269 1133 3346; baseline 0.004 -20"><span class='ocrx_word' id='word_1_277' title='bbox 59 3270 179 3344; x_wconf 87' lang='lat' dir='ltr'>partitio</span> <span class='ocrx_word' id='word_1_278' title='bbox 203 3279 233 3326; x_wconf 90' lang='lat' dir='ltr'>et</span> <span class='ocrx_word' id='word_1_279' title='bbox 254 3269 417 3344; x_wconf 80' lang='lat' dir='ltr'>dispositio,</span> <span class='ocrx_word' id='word_1_280' title='bbox 439 3290 527 3346; x_wconf 85' lang='lat' dir='ltr'>quam</span> <span class='ocrx_word' id='word_1_281' title='bbox 549 3271 936 3338; x_wconf 83' lang='lat' dir='ltr'>hincPeterseniuseffecit,</span> <span class='ocrx_word' id='word_1_282' title='bbox 958 3272 989 3329; x_wconf 94' lang='lat' dir='ltr'>in</span> <span class='ocrx_word' id='word_1_283' title='bbox 1006 3281 1133 3330; x_wconf 86' lang='lat' dir='ltr'>mentem</span> 
     </span>
     <span class='ocr_line' id='line_1_34' title="bbox 58 3355 1133 3432; baseline 0.004 -22"><span class='ocrx_word' id='word_1_284' title='bbox 58 3355 160 3413; x_wconf 77' lang='lat' dir='ltr'>venire</span> <span class='ocrx_word' id='word_1_285' title='bbox 182 3355 293 3412; x_wconf 90' lang='lat' dir='ltr'>nemini</span> <span class='ocrx_word' id='word_1_286' title='bbox 305 3356 416 3431; x_wconf 80' lang='grc' dir='ltr'><strong>ιιοιιιιιι</strong></span> <span class='ocrx_word' id='word_1_287' title='bbox 440 3358 486 3415; x_wconf 90' lang='lat' dir='ltr'>cui</span> <span class='ocrx_word' id='word_1_288' title='bbox 508 3358 647 3432; x_wconf 88' lang='lat' dir='ltr'>quoniam</span> <span class='ocrx_word' id='word_1_289' title='bbox 669 3355 860 3415; x_wconf 88' lang='lat' dir='ltr'>fundamenta</span> <span class='ocrx_word' id='word_1_290' title='bbox 875 3357 933 3414; x_wconf 89' lang='lat' dir='ltr'>iam</span> <span class='ocrx_word' id='word_1_291' title='bbox 946 3357 1053 3414; x_wconf 86' lang='lat' dir='ltr'>sensim</span> <span class='ocrx_word' id='word_1_292' title='bbox 1065 3358 1133 3414; x_wconf 87' lang='lat' dir='ltr'>sub-</span> 
     </span>
     <span class='ocr_line' id='line_1_35' title="bbox 59 3441 1132 3517; baseline 0.004 -21"><span class='ocrx_word' id='word_1_293' title='bbox 59 3451 154 3498; x_wconf 83' lang='lat' dir='ltr'>tracta</span> <span class='ocrx_word' id='word_1_294' title='bbox 176 3451 254 3507; x_wconf 86' lang='lat' dir='ltr'>sunt,</span> <span class='ocrx_word' id='word_1_295' title='bbox 277 3441 351 3498; x_wconf 90' lang='lat' dir='ltr'>illud</span> <span class='ocrx_word' id='word_1_296' title='bbox 373 3461 462 3500; x_wconf 91' lang='lat' dir='ltr'>unum</span> <span class='ocrx_word' id='word_1_297' title='bbox 486 3443 631 3514; x_wconf 85' lang='lat' dir='ltr'>dieamus,</span> <span class='ocrx_word' id='word_1_298' title='bbox 653 3462 691 3500; x_wconf 90' lang='lat' dir='ltr'>ne</span> <span class='ocrx_word' id='word_1_299' title='bbox 713 3443 750 3500; x_wconf 86' lang='lat' dir='ltr'>ad</span> <span class='ocrx_word' id='word_1_300' title='bbox 772 3443 992 3501; x_wconf 84' lang='lat' dir='ltr'>similitudinem</span> <span class='ocrx_word' id='word_1_301' title='bbox 1015 3443 1132 3517; x_wconf 90' lang='lat' dir='ltr'>quidem</span> 
     </span>
     <span class='ocr_line' id='line_1_36' title="bbox 58 3526 1132 3605; baseline 0.002 -22"><span class='ocrx_word' id='word_1_302' title='bbox 58 3527 149 3584; x_wconf 88' lang='lat' dir='ltr'>ullam</span> <span class='ocrx_word' id='word_1_303' title='bbox 184 3526 319 3583; x_wconf 85' lang='lat' dir='ltr'>veritatis</span> <span class='ocrx_word' id='word_1_304' title='bbox 353 3545 416 3584; x_wconf 86' lang='lat' dir='ltr'>eam</span> <span class='ocrx_word' id='word_1_305' title='bbox 447 3529 560 3585; x_wconf 87' lang='lat' dir='ltr'>ethicae</span> <span class='ocrx_word' id='word_1_306' title='bbox 590 3529 707 3589; x_wconf 85' lang='lat' dir='ltr'>Stoicae</span> <span class='ocrx_word' id='word_1_307' title='bbox 736 3529 956 3605; x_wconf 90' lang='lat' dir='ltr'>dispositionem</span> <span class='ocrx_word' id='word_1_308' title='bbox 985 3529 1132 3598; x_wconf 74' lang='lat' dir='ltr'>accedere,</span> 
     </span>
     <span class='ocr_line' id='line_1_37' title="bbox 57 3596 1133 3690; baseline 0.002 -22"><span class='ocrx_word' id='word_1_309' title='bbox 57 3631 133 3686; x_wconf 87' lang='lat' dir='ltr'>qnae</span> <span class='ocrx_word' id='word_1_310' title='bbox 157 3602 197 3668; x_wconf 77' lang='lat' dir='ltr'>coi</span> <span class='ocrx_word' id='word_1_311' title='bbox 219 3596 306 3684; x_wconf 77' lang='grc' dir='ltr'><strong>ιιιὶθη</strong></span> <span class='ocrx_word' id='word_1_312' title='bbox 329 3621 397 3670; x_wconf 87' lang='lat' dir='ltr'>ante</span> <span class='ocrx_word' id='word_1_313' title='bbox 419 3613 558 3671; x_wconf 87' lang='lat' dir='ltr'>virtutem</span> <span class='ocrx_word' id='word_1_314' title='bbox 581 3623 672 3690; x_wconf 90' lang='lat' dir='ltr'>ponat</span> <span class='ocrx_word' id='word_1_315' title='bbox 694 3624 724 3670; x_wconf 88' lang='lat' dir='ltr'>et</span> <span class='ocrx_word' id='word_1_316' title='bbox 744 3615 893 3672; x_wconf 89' lang='lat' dir='ltr'>notionem</span> <span class='ocrx_word' id='word_1_317' title='bbox 917 3614 998 3682; x_wconf 85' lang='lat' dir='ltr'>finis,</span> <span class='ocrx_word' id='word_1_318' title='bbox 1027 3614 1057 3671; x_wconf 93' lang='lat' dir='ltr'>id</span> <span class='ocrx_word' id='word_1_319' title='bbox 1080 3623 1133 3674; x_wconf 89' lang='lat' dir='ltr'>est</span> 
     </span>
     <span class='ocr_line' id='line_1_38' title="bbox 57 3698 1133 3776; baseline 0.003 -23"><span class='ocrx_word' id='word_1_320' title='bbox 57 3698 152 3774; x_wconf 87' lang='lat' dir='ltr'>ipsius</span> <span class='ocrx_word' id='word_1_321' title='bbox 181 3698 326 3754; x_wconf 89' lang='lat' dir='ltr'>bonorum</span> <span class='ocrx_word' id='word_1_322' title='bbox 354 3698 546 3756; x_wconf 87' lang='lat' dir='ltr'>absolutionis</span> <span class='ocrx_word' id='word_1_323' title='bbox 569 3719 587 3756; x_wconf 91' lang='lat' dir='ltr'>a</span> <span class='ocrx_word' id='word_1_324' title='bbox 608 3699 694 3756; x_wconf 91' lang='lat' dir='ltr'>bonis</span> <span class='ocrx_word' id='word_1_325' title='bbox 715 3698 849 3776; x_wconf 86' lang='lat' dir='ltr'>diiungat</span> <span class='ocrx_word' id='word_1_326' title='bbox 876 3709 906 3757; x_wconf 84' lang='lat' dir='ltr'>et</span> <span class='ocrx_word' id='word_1_327' title='bbox 926 3699 957 3756; x_wconf 90' lang='lat' dir='ltr'>in</span> <span class='ocrx_word' id='word_1_328' title='bbox 980 3699 1069 3756; x_wconf 87' lang='lat' dir='ltr'>alium</span> <span class='ocrx_word' id='word_1_329' title='bbox 1091 3699 1133 3756; x_wconf 93' lang='lat' dir='ltr'>lo-</span> 
     </span>
     <span class='ocr_line' id='line_1_39' title="bbox 57 3780 1132 3860; baseline 0.004 -21"><span class='ocrx_word' id='word_1_330' title='bbox 57 3803 124 3840; x_wconf 88' lang='lat' dir='ltr'>cum</span> <span class='ocrx_word' id='word_1_331' title='bbox 156 3780 326 3841; x_wconf 86' lang='lat' dir='ltr'>transferat.</span> <span class='ocrx_word' id='word_1_332' title='bbox 381 3783 420 3840; x_wconf 88' lang='lat' dir='ltr'>Et</span> <span class='ocrx_word' id='word_1_333' title='bbox 446 3792 545 3842; x_wconf 82' lang='lat' dir='ltr'>tamen</span> <span class='ocrx_word' id='word_1_334' title='bbox 577 3786 607 3842; x_wconf 90' lang='lat' dir='ltr'>in</span> <span class='ocrx_word' id='word_1_335' title='bbox 636 3785 691 3842; x_wconf 87' lang='lat' dir='ltr'>hac</span> <span class='ocrx_word' id='word_1_336' title='bbox 719 3785 910 3860; x_wconf 86' lang='lat' dir='ltr'>dispositione</span> <span class='ocrx_word' id='word_1_337' title='bbox 938 3803 991 3860; x_wconf 92' lang='lat' dir='ltr'>per</span> <span class='ocrx_word' id='word_1_338' title='bbox 1018 3803 1132 3844; x_wconf 87' lang='lat' dir='ltr'>omnem</span> 
     </span>
    </p>
   </div>
   <div class='ocr_carea' id='block_1_3' title="bbox 85 4050 1135 4447">
    <p class='ocr_par' dir='ltr' id='par_1_4' title="bbox 85 4050 1135 4447">
     <span class='ocr_line' id='line_1_40' title="bbox 85 4050 1134 4118; baseline 0 -14"><span class='ocrx_word' id='word_1_339' title='bbox 85 4061 105 4114; x_wconf 69' lang='grc' dir='ltr'>ἰ</span> <span class='ocrx_word' id='word_1_340' title='bbox 127 4056 223 4118; x_wconf 87' lang='lat' dir='ltr'>Itaque</span> <span class='ocrx_word' id='word_1_341' title='bbox 241 4053 300 4102; x_wconf 88' lang='lat' dir='ltr'>hinc</span> <span class='ocrx_word' id='word_1_342' title='bbox 318 4050 426 4102; x_wconf 77' lang='lat' dir='ltr'>efficitur</span> <span class='ocrx_word' id='word_1_343' title='bbox 444 4053 489 4102; x_wconf 87' lang='lat' dir='ltr'>illa</span> <span class='ocrx_word' id='word_1_344' title='bbox 507 4067 563 4102; x_wconf 88' lang='lat' dir='ltr'>cnm</span> <span class='ocrx_word' id='word_1_345' title='bbox 583 4053 712 4104; x_wconf 84' lang='lat' dir='ltr'>Ciceronis</span> <span class='ocrx_word' id='word_1_346' title='bbox 731 4054 800 4112; x_wconf 90' lang='lat' dir='ltr'>loco,</span> <span class='ocrx_word' id='word_1_347' title='bbox 828 4056 870 4117; x_wconf 88' lang='lat' dir='ltr'>qni</span> <span class='ocrx_word' id='word_1_348' title='bbox 896 4056 922 4103; x_wconf 90' lang='lat' dir='ltr'>in</span> <span class='ocrx_word' id='word_1_349' title='bbox 941 4056 1051 4104; x_wconf 85' lang='lat' dir='ltr'>secundo</span> <span class='ocrx_word' id='word_1_350' title='bbox 1069 4053 1134 4104; x_wconf 91' lang='lat' dir='ltr'>libro</span> 
     </span>
     <span class='ocr_line' id='line_1_41' title="bbox 127 4120 1134 4188; baseline -0.002 -14"><span class='ocrx_word' id='word_1_351' title='bbox 127 4126 162 4174; x_wconf 91' lang='lat' dir='ltr'>de</span> <span class='ocrx_word' id='word_1_352' title='bbox 181 4120 231 4172; x_wconf 72' lang='grc' dir='ltr'>ΟΕ.</span> <span class='ocrx_word' id='word_1_353' title='bbox 251 4131 295 4182; x_wconf 76' lang='lat' dir='ltr'>ast,</span> <span class='ocrx_word' id='word_1_354' title='bbox 315 4121 461 4180; x_wconf 85' lang='lat' dir='ltr'>similitudo,</span> <span class='ocrx_word' id='word_1_355' title='bbox 480 4123 522 4171; x_wconf 89' lang='lat' dir='ltr'>nbi</span> <span class='ocrx_word' id='word_1_356' title='bbox 541 4123 620 4172; x_wconf 75' lang='lat' dir='ltr'>virtus</span> <span class='ocrx_word' id='word_1_357' title='bbox 628 4125 655 4171; x_wconf 90' lang='lat' dir='ltr'>in</span> <span class='ocrx_word' id='word_1_358' title='bbox 665 4131 715 4173; x_wconf 82' lang='lat' dir='ltr'>tres</span> <span class='ocrx_word' id='word_1_359' title='bbox 725 4132 808 4188; x_wconf 83' lang='lat' dir='ltr'>partes</span> <span class='ocrx_word' id='word_1_360' title='bbox 818 4123 946 4172; x_wconf 80' lang='lat' dir='ltr'>dividitur.</span> <span class='ocrx_word' id='word_1_361' title='bbox 974 4123 1038 4172; x_wconf 87' lang='lat' dir='ltr'>Nam</span> <span class='ocrx_word' id='word_1_362' title='bbox 1054 4123 1134 4187; x_wconf 88' lang='lat' dir='ltr'>prima</span> 
     </span>
     <span class='ocr_line' id='line_1_42' title="bbox 125 4189 1132 4258; baseline -0.001 -17"><span class='ocrx_word' id='word_1_363' title='bbox 125 4207 199 4258; x_wconf 86' lang='lat' dir='ltr'>para,</span> <span class='ocrx_word' id='word_1_364' title='bbox 218 4204 283 4254; x_wconf 83' lang='lat' dir='ltr'>qnae</span> <span class='ocrx_word' id='word_1_365' title='bbox 300 4189 458 4254; x_wconf 84' lang='lat' dir='ltr'>prudentiam</span> <span class='ocrx_word' id='word_1_366' title='bbox 478 4191 600 4250; x_wconf 82' lang='lat' dir='ltr'>continet,</span> <span class='ocrx_word' id='word_1_367' title='bbox 624 4191 673 4249; x_wconf 86' lang='lat' dir='ltr'>hic,</span> <span class='ocrx_word' id='word_1_368' title='bbox 693 4201 723 4240; x_wconf 83' lang='lat' dir='ltr'>nt</span> <span class='ocrx_word' id='word_1_369' title='bbox 736 4193 762 4240; x_wconf 89' lang='lat' dir='ltr'>in</span> <span class='ocrx_word' id='word_1_370' title='bbox 780 4191 963 4256; x_wconf 82' lang='lat' dir='ltr'>quadripertita</span> <span class='ocrx_word' id='word_1_371' title='bbox 981 4191 1132 4248; x_wconf 83' lang='lat' dir='ltr'>definitione,</span> 
     </span>
     <span class='ocr_line' id='line_1_43' title="bbox 127 4260 1135 4324; baseline -0.002 -14"><span class='ocrx_word' id='word_1_372' title='bbox 127 4277 145 4310; x_wconf 82' lang='lat' dir='ltr'>a</span> <span class='ocrx_word' id='word_1_373' title='bbox 164 4261 331 4310; x_wconf 83' lang='lat' dir='ltr'>scicntianon</span> <span class='ocrx_word' id='word_1_374' title='bbox 350 4265 434 4323; x_wconf 83' lang='lat' dir='ltr'>potest</span> <span class='ocrx_word' id='word_1_375' title='bbox 451 4261 575 4323; x_wconf 80' lang='lat' dir='ltr'>separari3</span> <span class='ocrx_word' id='word_1_376' title='bbox 594 4260 780 4324; x_wconf 87' lang='lat' dir='ltr'>duaercliqnee</span> <span class='ocrx_word' id='word_1_377' title='bbox 794 4275 891 4309; x_wconf 88' lang='lat' dir='ltr'>omnem</span> <span class='ocrx_word' id='word_1_378' title='bbox 911 4262 1036 4310; x_wconf 87' lang='lat' dir='ltr'>actionem</span> <span class='ocrx_word' id='word_1_379' title='bbox 1055 4263 1135 4310; x_wconf 87' lang='lat' dir='ltr'>conti·</span> 
     </span>
     <span class='ocr_line' id='line_1_44' title="bbox 127 4327 1135 4394; baseline -0.002 -15"><span class='ocrx_word' id='word_1_380' title='bbox 127 4339 206 4390; x_wconf 85' lang='lat' dir='ltr'>nent,</span> <span class='ocrx_word' id='word_1_381' title='bbox 233 4330 324 4394; x_wconf 83' lang='lat' dir='ltr'>partim</span> <span class='ocrx_word' id='word_1_382' title='bbox 351 4327 377 4376; x_wconf 90' lang='lat' dir='ltr'>in</span> <span class='ocrx_word' id='word_1_383' title='bbox 405 4341 451 4376; x_wconf 88' lang='lat' dir='ltr'>sno</span> <span class='ocrx_word' id='word_1_384' title='bbox 478 4330 563 4378; x_wconf 84' lang='lat' dir='ltr'>animo</span> <span class='ocrx_word' id='word_1_385' title='bbox 581 4331 743 4388; x_wconf 84' lang='lat' dir='ltr'>moderando,</span> <span class='ocrx_word' id='word_1_386' title='bbox 767 4330 859 4394; x_wconf 83' lang='lat' dir='ltr'>partim</span> <span class='ocrx_word' id='word_1_387' title='bbox 882 4330 908 4378; x_wconf 88' lang='lat' dir='ltr'>in</span> <span class='ocrx_word' id='word_1_388' title='bbox 932 4329 990 4379; x_wconf 82' lang='lat' dir='ltr'>aliia</span> <span class='ocrx_word' id='word_1_389' title='bbox 1007 4331 1135 4379; x_wconf 84' lang='lat' dir='ltr'>moderate</span> 
     </span>
     <span class='ocr_line' id='line_1_45' title="bbox 127 4397 238 4447; baseline -0.009 0"><span class='ocrx_word' id='word_1_390' title='bbox 127 4397 238 4447; x_wconf 85' lang='lat' dir='ltr'>utendis.</span> 
     </span>
    </p>
   </div>
   <div class='ocr_carea' id='block_1_4' title="bbox 0 0 1476 5040">
    <p class='ocr_par' dir='ltr' id='par_1_5' title="bbox 0 0 1476 5040">
     <span class='ocr_line' id='line_1_46' title="bbox 0 0 1476 5040; baseline 0 1"><span class='ocrx_word' id='word_1_391' title='bbox 0 0 1476 5040; x_wconf 95' lang='lat' dir='ltr'> </span> 
     </span>
    </p>
   </div>
  </div>
 </body>
</html>
