2998 5020
360 377 423 442 664
750 393 795 438 nn
817 391 947 440 surmus
970 392 1041 440 sou.

358 561 464 644 gignit,
487 560 653 626 corticibus
675 567 707 626 et
727 560 881 624 radicibus
903 560 1006 625 selide
1028 562 1156 638 servari,
1178 561 1262 641 qnod
1283 559 1417 640 contingit

358 663 541 728 animalibus
570 681 716 728 sensuum
748 662 963 728 distributione
996 671 1027 728 et
1054 663 1189 745 quadum
1222 661 1418 743 compactione

360 766 575 830 membrorum.
619 765 689 842 Qun
714 765 839 845 quddem
866 763 905 828 de
933 783 968 829 re
996 783 1183 847 quamquem
1209 763 1364 830 assentior
1381 763 1418 838 is

359 869 413 949 qui
435 867 510 932 haec
532 867 634 932 omnia
656 866 722 948 regi
744 872 856 931 nature
877 874 998 948 putant,
1020 884 1102 948 quae
1118 867 1418 949 sineturoneglegnt

320 971 429 1052 dipsa
451 987 520 1034 esse
538 973 604 1033 bon
626 969 739 1050 possit,
761 975 865 1033 temen
887 970 1036 1048 concedo,
1065 977 1114 1048 ut,
1145 969 1197 1050 qni
1226 969 1267 1033 de
1286 967 1346 1032 hoc
1365 967 1416 1030 dis·

360 1073 506 1149 sentiunt,
529 1069 711 1148 existiment,
733 1072 817 1151 quod
839 1070 947 1150 velint,
966 1089 1006 1136 ec
1028 1071 1077 1135 vel
1100 1072 1158 1136 hoc
1179 1070 1369 1151 intellegant,
1397 1069 1417 1130 si

428 1265 450 1310 2.
470 1259 575 1324 modom
593 1257 681 1307 omL
718 1261 742 1310 d.
763 1255 822 1324 [qne
839 1257 897 1321 quid
914 1257 962 1323 Eh]
1008 1263 1030 1309 d.
1046 1259 1140 1322 possint
1158 1258 1246 1309 scor.
1290 1254 1416 1307 sentent?

358 1450 534 1525 antiquitate
556 1467 610 1506 nec
632 1457 712 1504 recte
734 1447 764 1503 in
786 1447 954 1505 huiusmodi
965 1449 1053 1506 rebus
1065 1448 1276 1506 consuetudine
1287 1456 1414 1505 censetur.

359 1537 455 1593 Nemo
475 1538 596 1608 proterite
619 1533 712 1590 finxit.
752 1533 800 1590 ru
822 1533 933 1600 Lamb.,
957 1533 1044 1592 Grut.
1067 1553 1083 1590 e
1106 1533 1170 1592 Pal.
1185 1537 1214 1606 4,
1238 1533 1414 1596 recentiorem

358 1625 393 1679 sit
404 1621 493 1677 etiem
505 1619 573 1678 Gaii
585 1627 732 1694 quattuor,
746 1615 816 1696 [B];
829 1619 901 1697 (nid.
915 1619 951 1675 ed
961 1620 1015 1692 IV,
1030 1619 1092 1694 30).
1121 1621 1198 1678 Tum
1211 1620 1242 1676 in
1254 1620 1316 1676 cod.
1328 1617 1413 1674 arche·

270 1699 275 1708 ’
359 1717 429 1783 typo
451 1705 509 1762 fuit
530 1708 681 1772 sedecinum
705 1715 896 1761 correxerunt
908 1705 1007 1764 Mars..
1019 1705 1133 1778 Lamb,
1157 1713 1218 1762 tum
1237 1704 1336 1765 Gaius,
1357 1704 1414 1759 sn.

358 1801 388 1849 et
404 1791 512 1850 Gudl
538 1790 706 1847 auctoribus
729 1799 823 1862 utens,
846 1791 933 1847 modo
944 1799 1023 1847 recte
1036 1791 1157 1860 viderit3
1181 1791 1233 1848 sed
1256 1789 1413 1860 auctoritate

357 1877 431 1934 nihil
453 1895 527 1952 opus
550 1885 608 1944 est3
631 1874 683 1932 cfr.
706 1875 816 1950 Opusc.
837 1875 870 1932 Π
892 1895 920 1951 p.
946 1876 995 1932 24.

443 1966 500 2035 cepi
520 1972 618 2018 nutura
638 1963 748 2036 putant)
772 1970 810 2030 et,
833 1962 957 2018 utIIde
969 1961 1007 2018 N.
1019 1962 1057 2017 D.
1071 1961 1109 2017 75
1133 1961 1184 2028 ait,
1207 1981 1295 2017 ornnes
1311 1957 1412 2016 ressed-

357 2053 439 2106 t'ectas
461 2067 518 2104 esse
540 2057 653 2104 tenturos
674 2049 794 2103 sentienti
803 2047 838 2102 ab
849 2065 934 2120 enque
944 2049 1031 2103 omniu
1038 2048 1222 2121 pulcherrime
1230 2051 1296 2119 pers.
1324 2045 1412 2116 Itaque

358 2133 430 2190 heec
453 2134 554 2189 eodem
577 2143 636 2202 est,
667 2150 754 2206 quam
777 2131 865 2207 paulo
888 2133 956 2188 en'te
979 2135 1105 2188 monerem
1127 2151 1239 2188 causam
1260 2141 1336 2205 etque
1354 2130 1413 2184 elel-

358 2223 455 2276 nt'orem
478 2217 649 2294 appellavit,
672 2217 867 2293 providentis.
911 2217 984 2276 Mox
1014 2237 1068 2294 pro
1092 2219 1198 2292 possint
1220 2215 1312 2292 (quod
1332 2213 1411 2271 Gzius

357 2305 399 2361 eit
416 2304 454 2360 ab
479 2303 617 2379 „optimis
639 2303 719 2360 suis“
743 2303 919 2373 confirmari,
942 2303 994 2360 sed
1015 2302 1202 2378 redarguitur
1224 2303 1254 2359 in
1277 2301 1333 2358 Erl.
1352 2291 1413 2374 [BD

358 2390 446 2447 etiam
459 2384 538 2463 Εξψ,
556 2390 634 2460 Bas,
658 2385 766 2446 Gudr
792 2388 1009 2463 habentpossel,
1033 2385 1125 2468 [quod
1148 2406 1225 2444 nunc
1248 2387 1354 2444 demum
1376 2383 1412 2439 in·

357 2474 459 2531 tellexi
482 2493 536 2548 pro
559 2493 603 2544 eo,
627 2473 706 2548 quod
725 2493 761 2530 ex
785 2472 809 2533 C
832 2484 1025 2550 propagatum
1050 2483 1153 2530 eontra
1174 2473 1262 2548 longe
1279 2470 1411 2548 plurimos,

356 2560 470 2660 opinor,
494 2559 609 2617 ecdicos
621 2559 748 2616 editores
770 2559 962 2626 retinuerunt,
979 2559 1176 2619 revocandum
1194 2577 1267 2615 esse.
1296 2559 1412 2632 Apparet

357 2646 386 2703 id
408 2625 467 2702 lem
492 2664 529 2701 ex
551 2649 622 2720 ἑρεα,
644 2664 698 2720 pro
722 2663 780 2718 quo
803 2643 833 2701 in
856 2645 950 2702 altere
972 2645 1118 2719 scriptura
1146 2653 1176 2701 et
1203 2643 1344 2700 sententio
1362 2643 1411 2715 ipso

276 2793 280 2802 ,
351 2751 405 2807 per
426 2751 463 2800 se,
487 2751 538 2788 suo
561 2735 587 2787 oi
607 2731 762 2788 dicendum
785 2739 856 2793 eret,
880 2739 1056 2800 menoses,
1080 2748 1205 2806 proquo
1224 2731 1412 2786 sustentonaut

356 2816 451 2874 simile
473 2816 594 2890 aliquid.
628 2816 701 2873 Esse
713 2835 760 2872 res
771 2815 926 2886 inanimes,
948 2816 1020 2873 setis
1031 2815 1202 2883 constabot;
1230 2833 1295 2872 esse
1306 2831 1351 2870 eas
1361 2810 1412 2866 eine

357 2913 479 2960 neturus
510 2902 603 2958 tutela
630 2921 687 2958 non
706 2920 803 2976 posse,
832 2901 939 2965 dicere,
967 2909 1050 2957 etex
1073 2919 1108 2956 eo
1130 2901 1304 2958 confirmare
1324 2905 1412 2955 nature

356 2988 433 3064 regi,
468 2987 497 3044 id
521 3007 591 3044 vero
614 2987 743 3044 estsine
766 2987 828 3044 ullu
849 2986 1013 3063 argumenti
1037 2986 1134 3061 specie
1163 2987 1318 3054 sumentis,
1348 2979 1412 3057 quod

357 3073 437 3130 velit.
482 3073 564 3144 Piso,
587 3073 612 3130 si
634 3073 815 3130 maturabas
838 3091 885 3129 res
908 3072 1053 3148 negleget,
1076 3071 1179 3146 ipsam,
1203 3072 1301 3146 qualis
1312 3069 1411 3145 quidem

357 3159 546 3234 intellegetur
567 3167 597 3215 et
619 3159 735 3233 quolam
758 3157 889 3234 intellegi
912 3167 1061 3232 oportent,
1085 3158 1260 3214 sentientem
1283 3167 1312 3214 et
1331 3151 1412 3212 omnio

357 3244 609 3320 complectentem,
633 3245 697 3302 tolli
710 3244 817 3300 aitnec
831 3243 948 3314 habere,
972 3243 1051 3317 quod
1073 3253 1143 3318 agat
1160 3252 1212 3299 out
1232 3244 1263 3299 in
1287 3261 1342 3317 quo
1361 3239 1413 3313 ipsa

357 3329 506 3388 consistat.
551 3330 667 3387 Dictun‘
689 3328 815 3386 fortasse
838 3339 922 3386 erant
943 3328 1118 3387 adversarii.
1146 3329 1185 3384 ad
1207 3347 1253 3398 se,
1277 3328 1326 3402 qui
1346 3325 1411 3382 illam

357 3423 479 3472 naturae
502 3415 651 3472 notionem
674 3433 732 3471 non
752 3424 894 3483 tenerent,
919 3414 991 3470 illud
1013 3422 1217 3490 argumentum
1245 3413 1318 3472 nihil
1338 3407 1413 3487 perfi-

358 3518 435 3555 nere.
482 3499 540 3558 Sed
563 3499 604 3556 sic
627 3499 802 3574 reprehendi
825 3499 915 3556 multo
938 3507 1124 3574 argumente,
1148 3517 1224 3573 quae
1247 3499 1295 3556 hic
1316 3505 1412 3574 ponun-

357 3594 414 3651 tur,
437 3593 574 3658 possunt;
598 3603 691 3658 eoque
714 3585 842 3660 pertinet
852 3585 958 3660 ipsum,
982 3585 1060 3658 quod
1072 3584 1143 3642 Piso
1165 3585 1315 3652 concedit,
1338 3593 1374 3650 ut,
1393 3577 1411 3634 Si

309 3704 315 3712 -
357 3669 458 3736 velint,
483 3677 604 3726 naturae
628 3669 776 3728 notionem
799 3678 951 3727 atrocem
974 3688 1094 3745 prorsus
1117 3668 1301 3746 excludent]

442 3773 474 3810 oc
497 3757 538 3810 uel
559 3757 606 3812 doc
628 3754 793 3832 e'ntelleqont)
815 3755 917 3824 idest,
940 3763 1029 3829 etque
1046 3755 1143 3824 etiam,
1168 3755 1193 3811 si
1210 3755 1253 3812 ita
1264 3751 1410 3816 maluerint

357 3841 412 3897 hoc
435 3841 522 3896 modo
544 3859 605 3897 rem
629 3840 684 3898 sibi
708 3839 866 3900 informent
888 3849 943 3898 cet.
976 3842 1102 3914 Intellepo
1124 3839 1202 3896 enim
1225 3859 1261 3898 eo
1279 3840 1410 3911 modopo

356 3925 445 3996 nitur,
469 3944 527 3999 quo
550 3927 635 3995 1,17,
659 3926 713 3996 IV,
728 3927 776 3983 38.
820 3926 891 4002 Ipsa
912 3927 985 3983 hoec
1007 3925 1166 3996 concessio,
1190 3944 1250 3982 non
1273 3923 1409 3983 admodum

357 4011 542 4087 perspicuum
567 4021 621 4078 est,
644 4030 702 4085 quo
725 4021 846 4087 spectet
879 4012 956 4070 Nem
980 4029 1045 4068 oum
1068 4011 1202 4086 proxime
1225 4011 1356 4068 derebus
1375 4007 1409 4062 in·

357 4097 461 4153 animis
485 4097 616 4167 dixisset,
638 4115 717 4154 urmc
740 4096 886 4154 hominem
915 4105 1132 4154 commemoret.
1181 4097 1298 4154 Deinde
1324 4095 1410 4152 adser-

357 4181 427 4238 sarii
449 4201 508 4238 non
531 4181 710 4258 singulorum
733 4201 830 4238 rerum
859 4191 992 4239 usturam
1022 4182 1152 4257 aliquam
1179 4201 1245 4240 esse
1272 4181 1410 4258 negabant

357 4276 390 4321 ut
411 4267 447 4322 de
469 4267 595 4324 bominis
618 4277 722 4324 reterre
745 4267 802 4324 diei
824 4267 944 4327 nollent
967 4269 1018 4324 sed
1041 4285 1223 4324 communem
1248 4287 1283 4324 ec
1304 4262 1411 4324 divinio-

356 4369 428 4420 rem,
451 4370 526 4425 quee
549 4371 602 4427 per
623 4353 721 4410 omnis
743 4363 915 4428 permearet.
952 4353 1010 4412 Sed
1033 4353 1088 4410 hoc
1111 4353 1206 4426 ipsum
1230 4353 1302 4411 Piso
1323 4351 1411 4408 adver·
