3018 5052
423 424 466 470 ur
489 423 568 471 usu.
587 423 649 470 urs.
666 423 700 470 rv
722 423 794 471 our.
814 429 838 470 r.
1084 404 1149 469 493

79 597 225 681 [macuta
247 592 353 677 sumti]
401 593 448 658 De
477 592 588 674 quibus
615 593 673 658 etsi
700 611 720 656 a
746 591 919 674 Chrysippo
945 591 1077 658 maxime
1102 597 1151 658 est

82 698 284 774 elaboratum,
306 701 408 762 umen
424 697 576 761 aZeuone
597 695 697 759 minus
719 694 814 759 multo
836 713 929 776 quam
943 694 984 760 ab
999 695 1150 778 antiquis,

81 801 125 866 ab
146 800 205 866 hoc
225 803 329 864 autem
350 797 502 878 quaedam
523 815 585 862 non
597 797 714 876 mehus,
736 805 974 878 quamveteres3
997 797 1150 880 quaedam

83 901 210 969 omnino
232 900 347 966 relicta.
382 902 431 965 10.
454 899 682 981 Cumqueduae
694 899 757 963 sint
778 909 871 978 artos,
893 898 1005 981 quibus
1016 898 1152 981 perfecte

82 1005 167 1070 ratio
189 1011 220 1070 et
241 1003 340 1068 oratio
362 1001 559 1084 compleatur,
582 989 835 1079 unainrebieudi,
856 1002 955 1067 altera
970 1002 1151 1080 disserendi,
1169 1001 1190 1066 ὃ

82 1108 165 1172 hanc
186 1105 388 1188 posteriorem
409 1109 441 1169 et
462 1103 556 1168 Stoici
577 1109 608 1168 et
618 1103 824 1184 Peripatetici,
845 1104 980 1186 priorem
991 1109 1093 1169 autem
1109 1103 1153 1168 illi

83 1208 210 1290 egregie
231 1207 440 1286 tradiderumt,
467 1205 499 1270 hi
521 1206 644 1270 omnino
667 1206 886 1287 neattigenmt
907 1205 1039 1288 quidem.
1061 1206 1153 1270 ·Nam

87 1331 105 1376 e
135 1311 247 1392 quibus
274 1309 349 1374 locis
376 1301 466 1391 quasi
496 1307 651 1373 thesauris
684 1314 866 1390 argumenta
887 1295 1153 1390 depromerentur,

83 1413 185 1478 vestri
206 1431 245 1476 ne
267 1411 415 1492 suspicati
437 1409 561 1492 quidem
582 1417 671 1490 sunt,
701 1409 878 1491 superiores
900 1417 1002 1475 autem
1024 1408 1153 1474 ardfido

84 1523 118 1582 et
140 1515 192 1580 via
213 1514 417 1580 tradiderrmt
462 1513 550 1590 Quae
571 1513 696 1594 quddam
718 1530 770 1577 ars
792 1510 893 1592 efficit,
915 1529 955 1578 ue
971 1530 1097 1578 necesse
1113 1512 1155 1577 sit
1173 1513 1213 1576 10

159 1707 182 1754 l.
200 1701 294 1752 musmo
310 1709 363 1750 sord
381 1717 430 1752 om.
449 1700 470 1748 L
488 1708 510 1749 el
528 1700 622 1750 inundo
640 1698 684 1750 Or.
702 1701 756 1749 siue
774 1701 845 1749 uncis
895 1705 917 1750 2.
936 1701 1020 1750 turuE
1061 1707 1154 1764 uper·

76 1771 193 1838 sectaE
246 1774 268 1821 7.
290 1787 337 1820 non
354 1769 411 1834 (pro
429 1768 506 1833 ΜΠ,
574 1773 610 1820 lo.
637 1767 689 1836 [ars
706 1783 754 1818 om.
773 1767 808 1836 A]
828 1785 866 1818 res
884 1771 966 1828 ceteri,
986 1768 1029 1820 Or.
1078 1767 1155 1834 effecit

84 1840 177 1892 LPOr.
212 1838 333 1904 affecitR
366 1855 394 1886 ne
411 1853 459 1888 om.
481 1836 569 1906 [Eh]R

86 1996 234 2066 omnibus,
256 2005 374 2072 praeter
394 1995 419 2052 L
441 2002 581 2059 nostrum,
604 1993 687 2050 codd.
709 1991 821 2070 (Grut,
844 1994 930 2066 Dav,
953 1992 1042 2064 Oxx,
1065 1991 1150 2070 Gaii)

87 2085 231 2160 scriptum
244 2092 302 2151 est3
325 2079 507 2154 nequeenim
520 2079 574 2136 hoc
592 2097 675 2136 exeo
687 2089 783 2136 ortum
795 2097 858 2136 esse
870 2087 976 2154 potest,
999 2079 1078 2153 quod
1089 2079 1157 2136 inde

88 2189 106 2226 a
124 2170 216 2227 Iunta
226 2166 452 2224 substituerunt:
474 2168 595 2222 instituta
616 2174 679 2222 suut
699 2176 724 2222 et
744 2168 857 2222 iuventa.
890 2164 954 2222 Nec
975 2175 1074 2222 tamen
1096 2165 1157 2222 ullo

89 2254 177 2312 modo
204 2252 235 2310 in
262 2252 317 2308 hac
335 2251 476 2310 orationis
491 2249 586 2308 l'orma
602 2247 674 2307 ferri
691 2250 853 2327 asyndeton
865 2249 938 2308 illud
949 2250 1072 2308 stverbi
1089 2251 1158 2308 sub-

89 2339 211 2396 stantivi
233 2337 390 2413 geminatio
407 2345 512 2412 potest.
546 2335 696 2414 (Debebst
711 2336 815 2394 saltem
837 2336 909 2392 dici:
931 2355 1014 2393 nonne
1035 2339 1159 2393 trevento!

90 2426 140 2484 sed
164 2422 239 2480 nihil
261 2423 379 2480 omnino
391 2430 444 2493 est,
467 2421 603 2478 curhoeo
614 2420 657 2478 sic
669 2417 894 2501 distrabantur.)
917 2421 1021 2496 Itaque
1038 2439 1158 2498 prorsus

90 2511 179 2567 oredo
190 2508 283 2566 teneri
294 2507 342 2564 hic
353 2508 504 2582 antiquum
516 2507 807 2582 interpretamentum
823 2507 982 2583 ascriptum
994 2507 1157 2566 adverbum

90 2599 221 2664 monam,
240 2593 319 2668 quod
331 2593 484 2669 significat,
504 2592 541 2648 ob
553 2591 612 2650 illis
622 2593 749 2667 primum
765 2592 838 2649 haec
848 2601 974 2650 tractata
984 2611 1048 2650 esse
1059 2601 1090 2650 et
1099 2592 1159 2651 for-

91 2700 168 2738 mem
181 2679 328 2754 accepisse
341 2677 408 2756 (cfr.
419 2678 457 2746 ad
469 2682 483 2748 ξ
493 2677 534 2754 3).
557 2675 644 2757 [UtL
654 2677 712 2734 iarn
725 2677 770 2734 ed.
780 2679 859 2738 1496
873 2687 903 2735 et
913 2679 1038 2737 Ascens.
1053 2675 1159 2755 1511.]

91 2765 234 2824 Proxima
256 2765 298 2822 sic
309 2764 480 2821 cohaerent:
508 2763 692 2837 Quamquam
709 2761 892 2840 Chrysippus
915 2762 1032 2822 Stoicus
1054 2764 1083 2820 in
1097 2763 1159 2821 dia-

91 2851 204 2909 lecticis
225 2850 268 2907 ita
289 2849 461 2920 elaboravit,
484 2857 518 2906 ut
538 2848 649 2924 aliquid
671 2849 808 2924 propriae
830 2849 925 2907 laudis
947 2850 977 2907 in
1000 2849 1054 2906 hac
1076 2859 1159 2925 parte

92 2936 185 2996 Stoici
207 2935 315 2992 habere
326 2935 490 3006 videantur,
513 2935 594 2992 Zeno
604 2943 712 3005 tamem
735 2933 771 2991 de
788 2935 870 2992 cuius
882 2952 948 2992 cum
959 2935 1159 3010 superioribus

92 3021 311 3098 comparatione
322 3028 353 3076 et
363 3021 401 3076 ab
412 3021 448 3077 iis
460 3019 637 3078 discessione
649 3020 808 3094 quaeritur,
832 3020 925 3077 multo
940 3020 1036 3076 minus
1052 3021 1083 3076 in
1104 3021 1160 3077 hoc

92 3125 199 3184 genere
220 3106 385 3164 elaboravit
405 3123 493 3180 quam
515 3113 638 3162 veteres.
671 3105 906 3180 Abipsoautem
923 3104 1089 3181 Chrysippo
1112 3106 1160 3181 (ub

93 3195 150 3264 doc,
174 3193 225 3267 qui
247 3201 365 3268 praeter
387 3199 499 3248 ceteros
522 3189 654 3266 excellit)
677 3190 890 3264 quaedamnon
903 3190 1007 3248 melius
1018 3190 1160 3248 docentur

94 3288 124 3335 et
145 3277 310 3349 traduntur,
338 3295 425 3352 quarn
447 3285 562 3334 veteres
584 3276 773 3333 tradiderant
816 3275 1025 3333 Nominativus
1051 3287 1160 3346 veteres,

92 3364 123 3420 in
134 3381 193 3438 quo
204 3362 365 3420 Lambinus
376 3361 468 3419 etalii
479 3362 645 3433 haeserunt,
657 3362 753 3419 minus
765 3361 855 3419 habet
869 3359 1048 3432 offensionis,
1071 3361 1160 3435 quod,

94 3467 159 3506 oum
171 3449 293 3506 verbum
309 3448 340 3504 in
357 3456 419 3506 tota
431 3448 485 3504 hac
502 3447 647 3506 sententis
663 3436 722 3503 ἀπὸ
732 3443 832 3503 κοινοῦ
842 3456 1016 3518 assumatur,
1034 3446 1162 3503 activum

94 3553 152 3590 non
163 3533 260 3591 minus
271 3531 358 3590 facile
370 3533 522 3590 succurrit
534 3531 701 3611 [Cfr.adII,
712 3532 760 3589 1⁷.
776 3532 843 3588 Tum
855 3551 909 3607 pro
920 3542 1007 3590 tumen
1019 3532 1107 3589 etiarn
1112 3527 1162 3610 B.]

183 3620 230 3676 10.
254 3622 373 3694 pnbrem
399 3629 488 3675 amaru
509 3621 550 3676 itti
570 3614 640 3698 cet)
672 3617 853 3676 Notabiliter
879 3620 938 3675 illos
966 3617 1055 3688 dixit,
1089 3636 1163 3692 quos

96 3705 217 3780 propius
238 3703 414 3775 nominarat,
437 3706 494 3776 hos,
517 3723 591 3779 quos
601 3704 692 3780 prius.
721 3703 782 3763 Sed
792 3711 923 3780 temporo
945 3713 976 3761 et
997 3703 1162 3780 cognitione

97 3791 249 3866 propiores
278 3798 364 3846 erant
391 3788 484 3849 Stoici
511 3807 599 3863 quam
626 3799 724 3846 ueteres
751 3789 810 3860 illi;
843 3787 896 3846 cfr.
919 3793 934 3860 ξ
960 3791 1007 3847 12.
1051 3789 1164 3865 Topica

96 3875 266 3933 Aristotelis
283 3875 442 3951 significari
464 3882 494 3932 et
514 3875 557 3932 its
577 3875 701 3946 laudari,
723 3883 757 3932 ut
778 3882 924 3932 oratorem
947 3875 1039 3951 magis
1061 3875 1164 3932 audias

99 3978 183 4034 quam
206 3960 424 4036 philosophum,
446 3969 578 4037 apparet
606 3958 647 4038 [B
664 3956 838 4040 persarum]

184 4043 262 4114 Quae
282 4047 390 4120 quodem
411 4065 460 4103 ara
481 4042 577 4126 efficit)
599 4043 666 4124 [Sic
677 4065 755 4104 nunc
777 4045 890 4121 scripsi,
913 4063 972 4102 uua
994 4045 1093 4102 littera
1113 4045 1164 4102 de-

98 4139 190 4187 tracta
210 4131 378 4206 additaque.
410 4132 489 4190 Nam
511 4139 542 4190 et
561 4151 605 4189 res
618 4165 657 4176 -
669 4133 748 4188 redum
769 4149 828 4188 non
850 4133 924 4187 bene
941 4139 1120 4189 concurrunt
1135 4138 1166 4187 et

98 4217 214 4274 minime
230 4225 333 4292 aptum
349 4225 395 4274 est
410 4217 658 4275 adinventionem
674 4217 746 4274 artis
764 4216 984 4293 significandam
1000 4220 1040 4274 rei
1049 4234 1164 4286 nomen,

99 4301 134 4357 ad
151 4311 243 4360 artem
255 4321 327 4361 vero
341 4303 435 4378 ipsam
450 4303 542 4360 multo
555 4303 665 4373 minus;
687 4303 763 4360 banc
775 4311 875 4360 auam
890 4303 1022 4379 intellegi
1038 4301 1167 4360 ostendit

99 4385 184 4444 etiam
194 4388 361 4446 restitutum
372 4407 410 4446 ex
417 4387 706 4464 ABErlpraesantis
717 4389 857 4464 temporis
868 4389 999 4458 verbum,
1010 4387 1088 4462 quod
1099 4405 1165 4444 cum
