2938 5020
311 363 375 426 210
704 375 748 422 oa
771 375 902 424 maus
925 377 997 424 noa.

312 547 395 624 Quid
416 544 695 609 iudicantsensus‘?
719 543 825 622 Dulce,
847 563 997 625 amarum,
1014 547 1091 624 leve,
1107 565 1264 628 asperum
1286 565 1395 628 prope,

246 657 265 698 t
310 649 416 729 longe,
439 655 538 722 stare,
560 663 699 722 movere,
722 646 925 727 quadratum,
949 649 1125 714 rotundum.
1175 650 1226 714 37.
1256 652 1394 730 Aeqtnam

311 748 407 830 igitur
428 745 640 828 pronuntiabit
663 747 846 812 sententiam
869 747 963 828 ratio,
998 749 1136 814 adhibita
1157 750 1293 831 primum
1313 749 1392 814 disi-

314 869 424 914 narum
446 849 710 930 humanarumque
731 867 837 913 rerum
859 849 996 929 scientia,
1019 869 1100 932 quae
1116 859 1223 933 potest
1245 852 1393 934 appellari

274 953 372 1020 irrite
394 951 560 1034 sapientia,
582 949 693 1015 deinde
715 950 869 1016 adiunctis
890 951 1067 1031 virtutibus,
1089 972 1170 1035 qnos
1193 955 1273 1018 ratio
1289 970 1393 1018 rerum

312 1054 447 1118 omniurn
470 1052 625 1130 dominas,
648 1060 682 1115 tu
704 1051 898 1134 voluptatum
921 1055 1070 1119 satellites
1093 1061 1124 1120 et
1146 1055 1302 1120 ministras
1324 1074 1396 1119 esse

312 1156 450 1234 voltdsti3
479 1173 611 1238 quarum
632 1154 710 1218 adeo
723 1155 858 1218 omnimo
870 1156 1025 1220 sententia
1036 1157 1251 1236 pronuntiabit
1262 1158 1394 1238 primum

313 1259 353 1323 de
376 1257 542 1338 voluptate,
565 1253 640 1319 nihil
662 1274 732 1320 esse
754 1256 782 1320 ei
803 1256 875 1335 loci,
910 1276 971 1321 non
994 1259 1085 1322 modo
1114 1267 1149 1324 ut
1171 1257 1238 1323 sola
1259 1266 1394 1339 ponatur

313 1360 344 1423 in
367 1359 478 1423 summi
501 1358 574 1422 boni
597 1358 679 1435 sede,
702 1375 795 1440 quam
817 1359 1011 1440 quaerimus,
1046 1360 1100 1425 sed
1129 1377 1169 1425 ne
1195 1360 1248 1424 illo
1271 1360 1393 1442 quidem

256 1461 415 1538 mnodo,
438 1467 473 1523 ut
495 1461 536 1523 ad
564 1458 758 1523 honestatem
785 1459 967 1542 applicetur.
1018 1461 1066 1526 De
1093 1462 1250 1526 vacuitate
1278 1459 1395 1526 doloris

314 1563 422 1626 eadem
446 1560 599 1625 sententia
621 1560 688 1624 erit.
733 1561 782 1626 38.
806 1561 963 1626 Reicietur
991 1564 1083 1626 etiam
1113 1563 1305 1642 Carneadea
1337 1581 1395 1627 nec

387 1789 406 1834 l.
426 1781 490 1846 quod
506 1780 628 1832 EPalca
679 1781 768 1830 iudicat
791 1797 878 1832 omnes
940 1781 990 1831 leae
1014 1783 1198 1838 Etpmcaor.
1253 1791 1276 1834 2.
1304 1801 1394 1833 morere

313 1852 410 1900 starcE
447 1867 516 1915 prtum
535 1865 591 1914 ipro
610 1858 719 1912 aequarat
738 1865 833 1904 omnes,
845 1851 887 1900 Or.
921 1856 944 1902 3.
963 1851 1119 1901 lamentamus
1130 1851 1393 1916 dr'ciaorumqucl'MR

316 1925 338 1971 5.
359 1919 402 1968 rn'le
413 1931 508 1983 transp.
523 1928 581 1967 ante
596 1927 676 1982 potest
696 1920 714 1968 l]
768 1917 867 1967 omnium
885 1936 962 1968 rerum
982 1921 1003 1968 R
1058 1925 1080 1968 6.
1101 1919 1234 1986 armiferas
1252 1923 1309 1986 (pro
1326 1919 1394 1968 mini-

313 1987 430 2047 strasll’
472 1991 484 2035 1
510 1986 631 2049 primoC
669 1990 708 2040 ll.
727 1995 761 2036 cst
779 2002 874 2047 omnes,
894 1987 937 2039 Or.
981 1997 1057 2037 antem
1081 1999 1137 2054 (pro
1155 1989 1277 2053 etrumlll
1324 1988 1393 2056 [Cor-

315 2057 398 2106 m'udes
417 2055 463 2122 Al]

402 2281 451 2337 37.
484 2281 607 2354 Aequom
629 2279 723 2354 opiter)
757 2278 882 2338 Secutus
910 2298 974 2336 sum
997 2289 1128 2338 veterem
1151 2281 1394 2343 emendationem,

315 2385 403 2442 quam
415 2365 556 2422 Davisius
578 2383 594 2420 e
617 2364 680 2420 cod.
698 2365 766 2421 Par.
780 2366 797 2421 3
810 2365 935 2440 protulit
945 2384 1080 2440 quaeque
1092 2377 1137 2424 est
1153 2367 1183 2423 in
1207 2367 1253 2423 ed.
1270 2368 1393 2424 Ascens.

319 2454 396 2508 1511
422 2461 452 2507 et
474 2449 554 2509 Crat.
588 2449 664 2506 Nam
690 2450 823 2507 codicum
846 2451 993 2527 scriptura
1015 2450 1117 2528 (qnam
1141 2451 1183 2508 sic
1205 2452 1394 2527 interpunge-

315 2538 402 2593 bant:
414 2569 454 2577 —
467 2539 555 2592 ratio?
576 2535 705 2592 Adla'br'to
713 2535 795 2610 cett.)
813 2554 956 2592 summam
969 2537 1195 2612 perversitatem
1207 2537 1306 2606 habet,
1329 2555 1391 2593 cnm

316 2622 419 2681 (icero
443 2621 617 2678 sententiam
640 2639 658 2676 a
680 2621 790 2696 duplici
813 2621 944 2678 ablativo
973 2621 1110 2679 absoluto
1139 2622 1259 2680 ordiens
1287 2623 1393 2690 subito,
1455 2615 1456 2620 ’

315 2708 397 2764 nulla
420 2725 517 2776 carnea,
541 2706 622 2763 nulla
644 2705 787 2764 orationis
809 2705 977 2773 inflexione,
1001 2706 1091 2764 nullis
1103 2707 1296 2784 interpositis,
1319 2707 1392 2763 rela-

315 2793 407 2849 tivum
430 2811 484 2868 pro
507 2791 737 2849 demonstrativo
760 2800 859 2867 ponat.
904 2791 991 2848 Talia
1013 2791 1124 2848 frustra
1150 2792 1321 2850 anacoluthi
1344 2810 1393 2848 no·

317 2879 393 2935 nrine
416 2878 602 2953 obteguntur.
646 2877 723 2934 Nam
746 2876 775 2933 in
799 2877 977 2934 anacolutho
1000 2887 1029 2933 et
1052 2895 1141 2934 causa
1163 2887 1193 2934 ct
1216 2878 1320 2934 modus
1342 2885 1392 2933 est,

316 2965 420 3038 Itaque
444 2963 648 3040 prudentiores
671 2963 798 3019 editores
821 2962 888 3018 inde
912 2980 929 3017 a
952 2963 1097 3019 Lambino
1121 2963 1218 3019 haman
1246 2973 1297 3020 aut
1325 2961 1392 3018 seri·

316 3051 389 3106 bunt
411 3059 461 3105 aut
484 3049 619 3125 probant.
649 3047 707 3106 Sed
730 3048 795 3123 ipsa
816 3047 1010 3124 interrogatio
1033 3066 1091 3105 non
1114 3056 1272 3105 recteest.
1303 3046 1391 3121 Quasi

316 3136 393 3191 euim
416 3134 523 3191 rationi
546 3143 634 3190 antea
655 3132 804 3190 iudicandi
827 3151 932 3190 munus
955 3133 1056 3190 datum
1079 3133 1131 3192 sit.
1155 3133 1309 3208 quaeritur
1331 3142 1391 3188 tan-

316 3233 387 3288 tnm,
411 3219 483 3294 qnid
500 3219 664 3279 iudicatura
686 3219 732 3275 sit.
766 3218 860 3292 Atqui
884 3237 986 3275 sensus
1009 3237 1027 3274 a
1049 3218 1159 3275 indicio
1177 3217 1391 3284 remotiorem

316 3306 391 3362 alius
414 3305 503 3361 iudex
527 3304 653 3360 nondum
678 3304 771 3360 datus.
799 3304 849 3360 Ab
862 3303 917 3362 hoc
930 3302 1020 3379 igitur
1037 3303 1167 3379 incipere
1185 3304 1274 3360 debet
1285 3301 1391 3360 oratio:

318 3391 446 3459 „Veram
470 3390 559 3466 igitur
571 3399 600 3446 et
611 3408 735 3462 aequam
748 3389 933 3459 sententiam,
957 3407 1032 3462 quae
1055 3407 1073 3445 a
1095 3389 1230 3446 sensibus
1243 3385 1391 3464 expectari

315 3476 427 3550 nequit,
450 3475 653 3552 pronuntiabit
674 3474 750 3531 ratio
773 3474 906 3530 adhibita
928 3473 1315 3548 sapientiaetvirtntibus.“
1346 3471 1391 3531 Sic

315 3561 403 3618 etiam
426 3561 498 3618 haec
520 3561 585 3636 ipsa
607 3561 642 3616 de
665 3559 831 3616 adhibenda
843 3559 988 3634 sapientia
1000 3568 1030 3615 et
1041 3559 1200 3616 virtutibus
1211 3559 1305 3616 multo
1322 3559 1391 3614 finnt

315 3647 445 3722 aptiora,
480 3664 545 3702 crim
574 3645 661 3702 simul
688 3645 764 3701 ratio
787 3645 876 3701 iudex
904 3644 1109 3701 constituatur.
1154 3645 1230 3700 Adeo
1252 3663 1329 3708 non,
1361 3649 1391 3698 nt
1455 3649 1456 3654 ’

316 3732 409 3790 Gzius
432 3741 524 3807 putat,
549 3749 614 3788 cnm
637 3734 750 3787 orrtru'nm
773 3730 968 3806 coniungitur,
990 3739 1024 3786 nt
1046 3729 1085 3786 sit
1108 3731 1147 3786 ccl
1163 3733 1287 3798 oninium,
1311 3726 1390 3803 quasi

316 3817 465 3874 mirandus
489 3817 527 3874 sit
549 3835 723 3880 consensum
756 3834 810 3872 nec
832 3833 970 3889 nmquam
995 3815 1037 3870 sic
1059 3815 1167 3871 dicitnr
1188 3807 1270 3884 odeo,
1305 3813 1389 3870 aliam
1455 3861 1456 3882 ,

252 3935 255 3942 ·
315 3904 459 3960 rationem
482 3902 601 3963 habent,
625 3901 847 3977 quaeHandius
870 3900 931 3975 Ip.
954 3901 1012 3956 150
1026 3899 1182 3975 congessit,
1205 3899 1320 3974 abipso
1333 3897 1389 3954 iere
1455 3893 1456 3966 ᾖ

316 3989 503 4064 explicatam.
543 3987 693 4043 Subicitur
714 3989 782 4043 nrlco
803 3985 979 4061 pronomini,
1002 3994 1036 4042 nt
1057 3985 1129 4042 alibi
1146 3982 1389 4042 demonstrativis.

316 4073 345 4129 in
370 4073 504 4144 transitu,
528 4091 593 4130 cunr
616 4073 653 4129 ad
675 4073 770 4148 ipsam
792 4091 854 4128 rem
877 4071 1041 4138 acceditnr;
1065 4069 1117 4128 cfr.
1141 4069 1266 4127 Hanal
1283 4089 1311 4144 p.
1335 4065 1390 4124 143
1455 4135 1456 4142 ἵ

316 4167 346 4214 et
372 4159 429 4215 145
453 4177 466 4215 s
489 4200 495 4213 .

403 4177 529 4320 retardatio
551 4243 613 4316 cml)
637 4243 764 4300 Prorsus
787 4241 954 4298 necessaria
977 4250 1039 4297 crat
1062 4241 1118 4297 Th.
1142 4238 1272 4296 Bentleii
1295 4255 1390 4295 emen·

317 4328 406 4398 datio,
430 4329 558 4385 arnultis
581 4329 706 4404 probata
728 4337 779 4384 aut
800 4335 928 4401 recepta,
952 4345 1129 4400 quemqnam
1152 4325 1225 4382 mire
1242 4327 1292 4382 erit
1309 4335 1339 4381 et
1354 4330 1389 4378 cst
1455 4385 1456 4400 χ
