2920 5012
372 407 416 452 nr
439 405 519 454 ιιιι.
542 407 604 452 nm.
626 407 639 454 1
661 407 733 454 cnr.
754 409 862 456 rs-rr.
1087 389 1151 455 105

1 560 2 598 r
101 573 212 640 htenrur
232 593 249 640 e
269 576 410 656 corporis
436 575 649 658 voluptatibus
670 583 701 640 et
722 575 889 641 doloribus.
944 577 1054 658 ltaque
1076 594 1150 642 oon·

1 743 2 760 ,
100 677 173 755 cedo,
203 678 284 760 quod
306 679 398 743 modo
421 677 559 756 dicebas,
592 679 702 744 cedere
730 697 838 756 causa,
871 678 897 744 si
920 678 973 760 qui
995 697 1012 744 e
1034 678 1150 744 nostris

99 778 172 844 aliter
191 780 372 859 enshmant,
405 799 484 862 quos
506 780 630 862 qrridem
651 781 741 845 video
763 799 833 846 esse
854 781 982 860 multoe,
1016 781 1071 846 sed
1092 781 1150 844 im-

99 881 209 961 peritam
231 901 419 964 quamquam
441 889 544 947 autem
566 889 597 947 et
617 883 766 948 laetitiam
787 883 876 948 nobis
894 883 1038 964 voluptas
1055 882 1150 948 animi

1 995 2 1042 1
99 993 123 1047 ct
139 984 302 1048 molestiam
322 984 413 1050 dolor
434 984 561 1064 afferat,
591 1004 699 1050 sorum
721 990 823 1050 tamen
851 995 1017 1067 utrumque
1045 991 1077 1052 et
1097 1005 1150 1050 or·
1168 991 1190 1056 5

153 1226 172 1274 1
180 1223 331 1286 solaturi}
371 1222 448 1272 iroR
483 1227 505 1272 2.
525 1221 607 1272 cedere
624 1238 715 1272 οοαναι
733 1239 820 1274 omncs
858 1223 981 1274 οιιινιὶιῦ
1017 1228 1040 1272 8.
1060 1221 1151 1287 paulina

96 1291 176 1408 diditi}
209 1299 231 1341 4.
250 1301 272 1342 et
289 1307 340 1344 om.
358 1293 381 1342 E
428 1297 451 1341 5.
469 1300 491 1341 et
508 1291 602 1342 dolores
619 1291 788 1342 molmticmli
824 1294 911 1358 afferet
929 1293 1034 1358 [hqac
1052 1295 1151 1358 affer-rel

95 1549 180 1607 adem
202 1551 364 1627 Epicurum
386 1550 552 1610 inevitabili
574 1551 747 1650 implicahat
768 1551 972 1628 repugnantia,
996 1570 1062 1609 oum
1084 1571 1153 1627 pro-

94 1637 172 1710 priam
194 1638 341 1711 quandam
364 1646 394 1693 et
422 1645 588 1713 separatam
620 1637 711 1694 animi
739 1637 920 1714 voluptatem
948 1647 977 1694 et
1009 1637 1152 1696 laetitiam

93 1721 237 1780 induceret
294 1722 498 1796 (Plutarchus,
533 1723 603 1782 Non
625 1742 712 1799 posse
734 1723 864 1780 svsviter
886 1732 941 1780 ete
965 1723 1152 1822 53p.1089

92 1805 123 1876 E,
142 1807 350 1884 Epicureorum
372 1808 540 1907 exprimens
562 1808 747 1880 sententiam,
769 1796 989 1886 τὸὴδόμινον
980 1827 1011 1866 ιιι
1030 1827 1153 1885 corpore

92 1893 173 1967 ponit,
193 1885 229 1950 τὸ
250 1896 356 1970 χαῖρον
378 1894 409 1951 in
432 1895 539 1962 animo,
562 1893 672 1966 nesci0‚
695 1913 764 1951 num
788 1893 875 1950 etiam
893 1913 978 1950 usum
996 1895 1153 1952 verborum

92 1979 279 2054 conservans.)
334 1979 382 2036 Ne
416 1980 584 2055 expectatio
612 1979 730 2078 quidem
763 1979 816 2037 illa
847 1977 964 2036 futurae
991 1979 1154 2054 voluptatis

1 2127 2 2134 ,
91 2073 137 2119 ant
154 2065 293 2122 memoria
313 2065 490 2139 praeteritae
508 2066 537 2142 (ς
551 2064 606 2143 41)
628 2066 680 2140 qui
701 2075 754 2122 aut
775 2064 901 2146 oriretur
922 2075 974 2122 aut
996 2075 1154 2137 constaret,

1 2143 2 2218 ᾗ
90 2149 158 2206 ratio
177 2150 258 2208 reddi
280 2159 412 2226 potarat,
436 2170 490 2208 nec
513 2151 647 2221 omnino,
672 2151 723 2226 qui
745 2149 912 2208 afficeretur
934 2150 1064 2223 animus,
1087 2169 1153 2208 cum

1 2233 2 2303 J
90 2236 174 2292 omnis
195 2255 243 2307 ea,
278 2253 355 2310 quae
382 2254 460 2294 nunc
483 2237 662 2294 conscientia
684 2237 729 2294 sui
752 2235 872 2307 dicitur,
906 2236 1028 2312 ipseque
1050 2255 1154 2296 sensus

1 2311 2 2338 ³
89 2319 117 2376 in
135 2322 235 2379 atomis
256 2321 401 2378 interiret.
445 2323 559 2380 Rursus
580 2322 741 2398 Epicurus,
775 2339 841 2378 cum
869 2320 1017 2378 docuisset
1038 2341 1154 2379 omnem

1 2433 2 2486 3
89 2406 170 2464 animi
190 2407 321 2464 dolorem
345 2425 361 2462 e
384 2425 507 2482 corpore
530 2427 608 2478 esse,
642 2408 680 2464 ob
714 2408 806 2464 hoc
797 2425 893 2482 ipsum
921 2407 1155 2483 reprehendebat

1 2517 2 2522 ¹
88 2491 233 2550 aliorum
224 2511 328 2550 inanes
351 2511 503 2584 angores
499 2505 528 2551 et
550 2511 712 2564 maerores,
746 2493 824 2568 quod
852 2511 910 2549 non
939 2501 1037 2550 essent
1058 2493 1115 2550 orti
1138 2512 1154 2551 a

89 2595 219 2676 corpore,
253 2597 313 2634 non
337 2557 589 2650 animadvertens,
623 2597 669 2648 sc,
704 2596 770 2636 cum
793 2585 913 2654 negaret
935 2579 1076 2634 dolendum
1099 2598 1156 2636 csse

88 2665 139 2720 nisi
159 2673 279 2764 propter
302 2682 408 2737 eorpus
431 2666 460 2742 (§
481 2665 543 2738 59),
568 2665 736 2736 concedere,
760 2682 848 2740 saepe
871 2665 957 2720 doleri
976 2663 1036 2720 alia
1058 2681 1155 2724 causa.

88 2749 180 2806 Non
171 2749 279 2807 iniuria
299 2749 477 2807 Plutarchus
501 2751 583 2824 (Non
602 2769 777 2848 posse
715 2749 845 2807 svaiiter
867 2758 921 2806 etc.
951 2749 985 2846 5,
1019 2768 1065 2840 p
1073 2750 1154 2808 1089

87 2834 127 2908 D)
157 2835 319 2928 Epicureos
352 2834 396 2892 ait
426 2825 478 2911 τὴν
511 2825 559 2892 err'
595 2824 701 2932 pdorps
729 2825 777 2893 οἳ
802 2825 928 2890 ἀπονιαν
951 2821 967 2910 ἢ
990 2817 1156 2892 εὐπάθειαν

88 2909 143 2974 dm
161 2909 208 2974 xci
231 2904 314 2977 κάτω
336 2913 486 2996 μεταίρειν
510 2913 540 2976 ιἰι
560 2939 615 2976 τοο
638 2937 778 3017 σοματος
800 2911 841 2984 εἰς
868 2936 920 2992 την
942 2902 1056 2995 ψυχήν,
1091 2912 1155 2976 alca

87 2991 205 3059 sdar‘
191 3023 220 3060 ενι
241 2989 354 3079 ταύτης
377 2997 418 3070 εἰς
440 2997 540 3072 ἐκεῖνο,
562 3002 605 3076 cq'»
626 2994 667 3079 μὴ
689 2997 798 3101 στέγειν
823 2993 1031 3100 ἀπορρέουσαν
1048 3022 1097 3059 και
1108 3023 1156 3060 ιιι

88 3082 357 3161 ριολισθαιᾞνοοσαν
383 3045 697 3165 ἀναγκαζομένους
661 3109 697 3165 τῃ
721 3080 795 3165 αρχῇ
819 3079 985 3145 συνάπτειν,

166 3175 261 3230 eadm
287 3173 386 3250 οοιιιο)
421 3173 545 3234 Codices
578 3175 670 3232 cedem
701 3195 800 3232 carrae
832 3173 935 3246 (Pali,
958 3173 1052 3244 Dav.,
1076 3172 1155 3232 Oxx.

87 3253 163 3328 Eut,
186 3258 254 3317 Gaii
276 3269 396 3334 praeter
418 3259 506 3330 du0s;
528 3261 559 3318 hi
582 3278 649 3318 cum
671 3279 688 3337 χ
716 3263 808 3318 cedem
834 3255 944 3336 caesa).
992 3258 1156 3317 Victorium

87 3345 207 3420 primum
229 3346 395 3402 correxisse
416 3353 488 3421 puto
511 3345 577 3422 (cfr.
603 3347 635 3404 Π
658 3347 694 3403 de
716 3347 832 3404 Invent
857 3346 906 3418 57,
930 3343 968 3400 ad
989 3343 1071 3402 Fam.
1084 3345 1156 3416 VII,

91 3432 133 3500 14,
160 3433 294 3504 1);na1n
317 3431 450 3502 Marsus,
474 3430 570 3502 Crat,
593 3432 683 3490 ceteri
705 3439 790 3490 vetus
812 3440 921 3489 tenent.
966 3427 1065 3508 [Modo
1087 3432 1157 3488 dohe-

87 3517 139 3586 aas,
162 3515 214 3572 cir.
237 3519 251 3585 ξ
276 3513 342 3593 iia]

166 3605 192 3658 si
221 3606 270 3676 qni
300 3603 467 3676 maumam)
500 3601 654 3660 Ernestius
677 3605 831 3660 aristionem.
876 3603 989 3660 Verum
1019 3601 1157 3676 obliquae

85 3687 223 3744 orationis
246 3687 291 3744 vis
314 3687 345 3744 in
368 3687 533 3746 huiusmodi
557 3688 719 3758 sententiis,
742 3707 817 3763 quae
840 3707 858 3744 a
879 3688 991 3764 primae
1013 3706 1158 3764 personae

84 3775 174 3830 verbo
194 3772 333 3849 pendent,
356 3771 445 3830 facile
467 3772 664 3849 extingritur,
699 3791 806 3849 eaque,
835 3773 963 3848 quaein
985 3783 1069 3851 parts
1092 3791 1158 3830 ora·

84 3859 172 3916 tionis
191 3858 348 3934 pendentis
370 3877 435 3916 csse
456 3859 613 3925 debebant,
636 3858 771 3916 absolute
793 3868 951 3936 ponuntur.

167 3963 332 4018 quamquam
351 3977 391 3985 --
409 3947 518 4019 afferat)
539 3945 574 4001 In
599 3944 699 4002 codice
721 3945 881 4021 archetypo
903 3943 961 4002 suit
982 3944 1045 4002 sine
1068 3942 1158 4002 dubio

81 4033 182 4104 afferet,
205 4029 282 4086 unda
305 4029 466 4088 deteriores
489 4024 607 4107 (Εὓξχ)
629 4033 739 4105 afferret
760 4030 883 4106 (Gaiusr
912 4029 985 4100 „alii
1008 4028 1091 4088 codd.
1113 4031 1158 4104 as·

77 4121 140 4189 sert.
166 4118 258 4190 offeret
281 4126 311 4172 et
331 4115 484 4190 offerret“).
528 4115 631 4174 Nihilo
658 4117 775 4193 longius
802 4116 931 4174 distabat
952 4118 1045 4190 affert,
1080 4116 1158 4191 quod

83 4204 199 4262 llarsus
221 4201 325 4270 hebet;
348 4201 399 4258 sed
422 4202 485 4272 hic,
513 4201 629 4277 longius
651 4201 709 4260 iam
737 4219 894 4278 progressa
920 4201 1062 4260 orationis
1084 4201 1159 4260 obli·

81 4307 155 4363 quae
180 4285 392 4362 implicatione,
416 4287 512 4345 miuus
534 4287 697 4363 probabilis
718 4287 896 4346 indicativus
919 4295 990 4344 erat
