2944 5040
325 381 388 446 834
746 397 920 444 excussus
937 396 979 444 vr.

324 571 497 629 adverbium
520 588 640 646 prorsus
662 589 698 626 ea
719 570 833 628 ratione
861 569 993 645 ponitur,
1028 587 1086 644 que
1114 569 1208 644 ipsum
1237 588 1386 645 pronomen

325 659 440 733 quisque
461 657 492 714 in
515 655 726 726 distribuendo,
749 666 783 711 ut
799 656 867 730 quid
882 657 1146 729 quandoquedeceat
1167 655 1206 712 sit
1217 658 1283 730 quid
1293 675 1388 730 quoquc

326 754 440 817 tempore
462 743 563 799 deceat.
607 741 720 798 Eodem
738 741 825 798 modo
849 740 990 797 Manilius
1012 747 1101 815 poeta
1123 742 1244 798 Astron.
1266 741 1307 812 II,
1321 743 1388 797 Ito:

327 830 360 885 In
382 829 639 903 quocumqueiqt'tur
650 829 742 883 stellae
758 827 963 900 quandoque
987 828 1088 883 beatae
1100 827 1318 884 Dodecatemonb
1333 829 1389 900 sne·

327 918 396 985 mat,
432 923 553 988 spectare
581 913 695 980 decebit;
729 909 802 989 (quo
819 911 884 968 loco
907 911 1082 968 nondumne
1110 923 1213 987 arguat
1236 931 1390 986 quocumque

327 998 537 1074 interrogative
561 998 705 1072 positum,
728 997 855 1054 hicnon
879 993 1012 1070 quaero).

412 1083 536 1140 Praeter
557 1083 682 1158 primurn
711 1092 741 1140 et
766 1081 928 1158 legitimum
962 1101 1045 1140 usum
1079 1086 1239 1157 quicumque
1268 1083 1391 1139 ablativo

327 1187 396 1226 casu
408 1179 510 1226 uotum
533 1177 577 1225 est
598 1187 652 1243 pro
671 1187 716 1238 eo,
740 1167 818 1242 quod
841 1177 884 1224 est
897 1171 992 1242 quiuis,
1016 1168 1073 1226 diei
1091 1165 1272 1244 (quocumque
1288 1171 1389 1232 mamre,

327 1256 487 1324 condicione,
511 1273 677 1328 quocumque
698 1255 784 1324 modo,
808 1249 885 1332 Ioco).
931 1251 1076 1334 [Longius
1103 1273 1274 1329 progressus
1297 1254 1390 1310 Lirim

328 1339 410 1417 (narn
434 1339 469 1396 de
492 1339 674 1397 nominativo
703 1339 745 1396 sie
768 1339 865 1414 posito
888 1339 957 1396 olim
992 1339 1021 1394 in
1044 1339 1222 1396 editionibus
1250 1338 1390 1398 Ciceronis

327 1425 422 1501 Epist.
434 1425 472 1481 ed
484 1425 565 1482 Fam.
577 1424 619 1494 II,
636 1425 672 1482 19
696 1434 771 1481 extr.
794 1424 868 1482 nibil
890 1443 963 1500 opus
986 1433 1031 1482 est
1053 1423 1124 1500 dici)
1147 1425 1343 1482 accusativum
1355 1425 1390 1480 sic

327 1511 427 1587 posuit
443 1511 550 1580 XXII,
564 1511 614 1580 58,
628 1511 662 1566 5:
676 1529 870 1584 quamcumque
886 1512 1061 1566 coudr'cs'onem
1068 1512 1390 1586 pecuscmdincceperunt,

328 1607 357 1654 et
380 1597 438 1664 III,
452 1597 502 1662 40,
521 1597 539 1652 7
563 1595 613 1672 (de
636 1613 694 1670 quo
717 1595 782 1653 loco
806 1595 867 1652 dixi
890 1596 1056 1652 Emendatt.
1079 1596 1163 1653 Livv.
1186 1615 1216 1672 p.
1229 1593 1292 1670 78),
1311 1595 1389 1652 etiam

328 1683 495 1756 genetivum
529 1681 559 1737 in
594 1681 785 1756 significando
812 1681 994 1738 dubitatione
1016 1683 1062 1750 X,
1095 1682 1142 1751 18,
1166 1684 1196 1738 1:
1229 1701 1287 1738 cum
1314 1701 1344 1737 eo
1368 1685 1390 1734 r'n

330 1767 440 1824 Santmo
461 1770 650 1840 cuiuscumque
671 1769 752 1823 dicatu
775 1770 946 1840 auspicioque
960 1777 1123 1840 qerereutur,
1146 1767 1203 1824 hoc
1225 1777 1283 1824 est:
1304 1767 1391 1823 cuius-

329 1871 454 1926 cumque
466 1853 555 1909 ductu
567 1862 650 1928 gesta
662 1860 745 1922 sunt;
758 1850 811 1908 cfr.
824 1852 859 1908 de
871 1852 1001 1908 ablativo
1013 1853 1095 1921 1,39,
1109 1853 1137 1923 5,
1150 1851 1390 1921 mussas,

328 1938 427 2008 XLV,
442 1938 491 2008 23,
507 1939 540 2007 6;
564 1937 740 1994 addiderunt
757 1937 831 1994 alios
853 1955 938 1995 casus
955 1938 1104 1995 insecutae
1121 1939 1227 1995 aetatis
1246 1939 1391 2013 scriptores

328 2022 404 2081 raris
432 2023 518 2092 locis,
557 2041 651 2097 neque
679 2031 777 2079 tamen
805 2031 838 2078 ut
858 2041 996 2097 umquem
1019 2043 1073 2098 pro
1092 2041 1142 2090 eo,
1176 2024 1255 2097 quod
1276 2033 1319 2080 est
1339 2025 1391 2096 qm'-

329 2128 442 2184 cumque
466 2111 554 2182 socit,
588 2109 719 2164 dicerent
751 2111 924 2183 quicumque,
957 2111 1007 2182 qui
1036 2111 1122 2183 jacit,
1157 2108 1390 2182 quemadmodum

329 2194 503 2270 pravissime
526 2193 622 2250 editur
639 2193 716 2268 apud
729 2192 871 2252 Senecam
888 2193 924 2250 de
935 2193 1038 2250 Benef.
1050 2194 1091 2264 II,
1105 2195 1133 2264 2,
1150 2197 1180 2250 1:
1203 2205 1228 2251 et
1238 2198 1390 2268 cadmnqm,
1454 2257 1455 2264 ¹

330 2300 407 2354 quem
429 2283 543 2336 amtorem
565 2283 603 2336 sis
622 2281 798 2354 procurrendo
813 2282 951 2354 factumn,
974 2280 1024 2336 ubi
1049 2279 1207 2355 Siesbyeus
1230 2280 1302 2337 vidit
1329 2277 1390 2336 scri·

329 2365 457 2421 bendum
479 2382 558 2421 esse:
580 2375 604 2421 et
615 2383 805 2438 quencumque
826 2367 954 2434 amicum,
977 2373 1007 2421 et
1027 2365 1106 2440 apud
1129 2365 1300 2425 Svetonium
1321 2367 1390 2437 Aug.

332 2451 386 2508 76:
410 2469 575 2524 quocumque
597 2459 712 2524 tempore
733 2461 758 2506 et
780 2453 848 2520 loco,
877 2469 930 2523 quo
952 2452 1103 2507 stomachus
1125 2453 1317 2522 desiderasset,
1348 2447 1390 2506 ubi

330 2543 409 2592 recte
421 2543 562 2610 excerpta
573 2553 648 2592 saec.
656 2536 703 2592 XI
715 2535 794 2612 apud
810 2536 950 2593 Rothium
968 2555 995 2610 p.
1008 2536 1154 2594 XXXIII
1176 2530 1391 2610 amittuntque]

331 2620 418 2694 Quod
440 2621 570 2677 ablativo
593 2621 718 2695 primurn
742 2639 827 2692 casu,
860 2631 890 2678 et
917 2620 995 2696 apud
1017 2621 1190 2680 Ciceronem
1213 2623 1331 2696 eiusque
1351 2639 1390 2676 ae·

331 2706 434 2781 quales
456 2706 519 2763 solo
541 2706 687 2776 ablativo,
710 2707 743 2764 lit
764 2707 794 2764 in
817 2707 989 2782 pronomine
1011 2711 1183 2782 qrn'cumque,
1216 2708 1292 2764 idern
1314 2723 1391 2784 gene·

332 2792 394 2849 tivo
417 2809 487 2848 casn
510 2791 542 2848 fit
565 2791 594 2848 in
618 2795 740 2866 quisque.
763 2800 796 2849 ut
818 2811 871 2867 pro
893 2795 1009 2848 cuiusuis
1020 2803 1147 2868 ponatur
1158 2811 1223 2849 cum
1237 2793 1321 2850 certis
1333 2791 1391 2850 snb

331 2877 482 2944 stantivis3
506 2895 588 2940 nam,
611 2887 644 2933 ut
666 2896 717 2934 eos
739 2877 887 2948 omittam,
910 2878 960 2952 qui
972 2877 1115 2936 Cicerone
1130 2879 1309 2952 antiquiores
1324 2887 1391 2935 sunt

332 2963 420 3019 etiam
443 2962 521 3037 apud
544 2961 715 3020 Ciceronem
739 2962 934 3037 aequalesque
957 2971 987 3019 et
1008 2966 1137 3038 cuiusque
1157 2966 1231 3021 modi
1240 2965 1344 3022 dicitur
1354 2965 1392 3036 (ut

331 3048 379 3104 hic
401 3047 481 3116 11,³
505 3049 587 3104 mreltu
610 3051 811 3122 cuiusquemodi
837 3057 866 3105 et
895 3049 934 3104 22
962 3051 1163 3124 cuiusquemodi
1187 3047 1344 3124 uoluptates)
1369 3055 1392 3101 et

295 3196 299 3205 ,
331 3136 459 3208 cuiusque
479 3135 584 3204 qenais
605 3133 681 3210 (Cic.
704 3133 739 3190 R.
763 3133 797 3190 P.
820 3133 878 3204 ΙΙΙ,
895 3135 942 3204 14,
966 3132 1050 3193 Caes.
1067 3135 1102 3192 B.
1126 3134 1164 3193 G.
1181 3137 1220 3206 V,
1243 3137 1288 3206 12,
1310 3135 1343 3191 B.
1364 3130 1392 3189 C.

332 3219 356 3282 I,
371 3219 421 3288 51,
435 3217 555 3277 Sallust.
567 3217 632 3277 Cat.
651 3219 690 3274 24
703 3227 733 3276 et
745 3219 785 3276 28
803 3228 833 3276 et
845 3220 900 3288 403
922 3217 1010 3278 Corn.
1023 3221 1170 3296 agressu
1193 3221 1313 3278 Tacitus
1323 3219 1392 3278 Hist
1453 3211 1454 3256 i

332 3304 388 3374 IV,
398 3303 435 3361 51
450 3306 578 3379 canesque
589 3306 691 3360 ordinis
703 3303 787 3361 dixit.
799 3303 828 3379 ¹)
857 3304 915 3364 Sed
922 3323 997 3378 quae
1009 3316 1162 3380 praeterea
1179 3307 1215 3362 de
1231 3304 1393 3382 pronomine

332 3392 446 3465 quisque
469 3399 555 3446 extra
570 3389 724 3446 relativam
748 3390 989 3466 significationem
1011 3410 1066 3467 pro
1083 3396 1250 3466 quicumque,
1274 3392 1326 3448 hoc
1347 3395 1393 3456 est,

332 3484 366 3531 nt
388 3483 520 3550 apparet,
543 3493 597 3550 pro
609 3478 696 3548 quiuis
707 3475 804 3550 posito
816 3475 1014 3551 proferuntur,
1038 3495 1073 3533 ea
1093 3477 1191 3553 posita
1213 3487 1282 3534 sunt
1301 3483 1350 3533 eut
1369 3473 1393 3529 in

332 3558 497 3617 manifestis
532 3560 646 3618 mendis
681 3570 733 3617 aut
764 3561 794 3617 in
821 3561 1015 3636 apertissimis
1052 3562 1292 3638 gravissimisque
1323 3577 1393 3617 erro

332 3644 416 3702 ribus
438 3644 599 3714 hominum,
623 3645 887 3721 quomodoLatine
910 3646 1024 3704 dicatur
1045 3651 1205 3722 quicumque
1235 3659 1287 3705 ant
1307 3647 1392 3722 quiris

333 3748 392 3787 non
415 3730 721 3788 animadvertentium.
765 3732 908 3790 Mendose
931 3733 1027 3790 editur
1048 3734 1127 3809 apud
1149 3733 1305 3793 Caesarem
1317 3733 1350 3790 B.
1361 3728 1391 3788 G·

331 3816 388 3884 VI,
403 3815 457 3871 23:
480 3820 529 3890 qui
549 3813 709 3892 (hospites)
732 3836 840 3892 qunque
861 3819 895 3876 de
916 3837 1000 3875 causa
1021 3821 1060 3876 ad
1080 3839 1124 3876 eos
1145 3830 1286 3888 venerunt,
1308 3819 1341 3876 ab
1360 3820 1391 3872 in·

335 4000 555 4008 .——-—

363 4133 383 4196 ¹)
402 4133 453 4184 Pro
471 4134 575 4184 relativo
593 4150 624 4184 ne
639 4136 816 4199 cuiusquemodi
827 4137 926 4201 quidem
942 4152 1061 4202 umquam
1077 4139 1181 4198 dicisum
1199 4154 1257 4188 nam
1267 4137 1391 4203 quodolin

401 4203 428 4251 in
447 4204 559 4253 credone
578 4219 623 4268 pro
642 4205 736 4254 Flacco
755 4211 787 4253 to
805 4206 947 4268 legebatur:
967 4206 1061 4256 tabulae
1079 4207 1217 4272 illaerpcaa
1233 4202 1394 4272 casusqueuodf
1452 4251 1453 4270 ,

401 4280 467 4350 suut,
476 4279 552 4389 drecte
571 4280 694 4323 mutatum
712 4285 750 4325 est
768 4283 792 4323 et
811 4289 823 4324 e
841 4275 953 4337 vestigiis
972 4276 1066 4326 codicis
1084 4276 1203 4325 Vaticani
1222 4287 1333 4326 erutum:
1350 4271 1391 4324 cui·

401 4355 475 4389 cutmo
493 4357 501 4388 s
517 4349 579 4391 sunt.
