2944 5040
495 453 668 500 exeussus
686 452 740 499 vn.
1093 436 1155 500 837

168 626 301 682 Primum
325 626 415 702 igitur
437 624 543 685 Cicero
566 631 647 702 (nam
670 625 789 683 Pisonis
811 645 966 702 personam
995 645 1053 683 non
1076 645 1160 683 cura·

98 711 162 784 mus)
185 721 214 767 et
236 711 409 768 Aristotelis
432 720 461 767 et
483 711 681 787 Theophrasti
709 711 801 768 libros
828 712 881 768 illa
909 711 1052 768 divisione
1081 730 1161 768 com·

97 796 248 870 prehendit,
272 796 351 870 quod
373 805 492 872 praeter
514 815 579 854 eum
603 815 693 862 unus,
728 797 807 870 quod
829 797 935 868 sciam,
966 807 1066 872 aperte
1089 795 1161 854 facit

96 879 226 950 Galenus,
241 879 271 958 ¹)
294 899 359 938 cum
378 881 467 939 ceteri
490 880 552 939 fere
574 891 687 940 tantum
700 882 871 939 Aristotelis
883 883 994 957 scripta
1011 884 1053 940 sic
1065 883 1161 940 divise

95 956 212 1024 narrent.
257 967 418 1024 Doctrinae
442 977 539 1024 tamen
562 967 729 1024 secretioris
752 978 781 1024 et
803 968 891 1044 vulgo
914 969 1039 1025 traditae
1062 968 1161 1025 fictum

95 1052 257 1122 discrimen,
281 1072 318 1109 ex
342 1052 452 1129 duplici
474 1052 587 1109 scilicet
609 1053 780 1111 Aristotelis
803 1053 944 1110 librorum
961 1072 1069 1129 genere
1091 1053 1161 1110 duc-

94 1147 142 1206 tae,
163 1139 201 1194 ad
224 1156 340 1194 omnem
354 1138 483 1194 scholam
498 1137 677 1196 transferunt
696 1140 853 1214 scriptores
865 1139 1043 1215 posteriores
1055 1147 1161 1210 aetate,

93 1222 261 1279 Plutarchus
283 1222 348 1300 (vit.
371 1224 460 1281 Alex.
475 1218 508 1304 7)
531 1233 560 1279 et
572 1224 719 1280 Lucienus
743 1225 820 1300 (vit.
839 1227 927 1282 Auet.
948 1219 1011 1305 26).
1045 1224 1161 1281 Deinde

93 1307 189 1366 Cicero
211 1309 253 1364 ita
274 1309 305 1364 in
328 1309 431 1366 ethicis
454 1309 571 1385 scriptis
583 1310 658 1365 hanc
670 1309 870 1366 diversitatem
888 1319 1106 1380 commemorat,
1129 1319 1162 1366 ut

93 1403 181 1450 tamen
205 1413 405 1468 nequaquam,
440 1413 515 1468 quae
545 1394 645 1452 Buhlii
674 1404 704 1450 et
734 1394 845 1454 Stahrii
868 1395 968 1470 opinio
991 1394 1061 1464 fuit,
1096 1413 1161 1451 eam

92 1478 171 1536 huius
193 1473 309 1555 'generis
331 1479 481 1555 propriam
505 1499 569 1536 esse
591 1489 692 1555 aperte
715 1481 868 1556 significet.
901 1481 977 1537 Nam
1002 1498 1067 1536 cum
1084 1491 1161 1536 cate-

91 1583 133 1621 ras
153 1565 358 1640 philosophiae
371 1575 469 1640 partes
482 1565 654 1622 brevissime
667 1577 931 1631 commemorasset
955 1565 1041 1622 abiis
1058 1567 1161 1640 (Atque

91 1651 128 1705 lis
148 1652 183 1706 dc
204 1651 281 1706 rebus
304 1650 374 1725 cet.)
401 1651 439 1707 ad
462 1669 525 1707 eam
549 1650 704 1722 transiens,
727 1651 762 1708 de
786 1670 845 1725 qua
861 1651 1094 1727 nuncagendum
1107 1661 1161 1720 est,

92 1752 150 1792 cunr
163 1753 228 1792 eam
240 1735 421 1792 nominasset
444 1736 502 1812 (De
513 1756 614 1792 somroo
630 1747 717 1792 autem
730 1735 818 1816 bono),
840 1737 888 1793 hic
900 1737 1015 1793 demum
1028 1737 1091 1794 eins
1103 1737 1162 1793 dis·

91 1820 215 1878 criminis
227 1820 379 1890 librorum,
403 1821 480 1896 quod
492 1821 718 1896 discrepantiam
731 1823 940 1879 sententiarum
954 1820 1058 1878 afferre
1075 1841 1162 1898 posse
1195 1889 1196 1894 ἵ

91 1906 249 1976 ridebatur,
273 1907 450 1964 mentionem
473 1903 594 1986 iecit.²)
617 1907 738 1964 Alteros
760 1906 864 1966 Cicero
886 1907 1059 1982 popularius
1070 1907 1161 1982 scrip-

90 2000 131 2048 tos
152 1991 245 2048 fuisse
268 1991 319 2063 ait,
343 1992 452 2049 alteros
474 1991 614 2064 limatius,
637 1992 667 2049 id
690 2003 743 2062 est,
767 2002 801 2049 ut
820 1994 850 2048 in
869 1993 1059 2049 annotatione
1071 2011 1161 2067 expo-

90 2076 172 2134 sitnm
196 2087 251 2146 est,
274 2095 340 2134 eum
363 2077 516 2134 subtiliora
539 2087 569 2134 et
590 2078 756 2135 astrictiore
769 2078 902 2134 veritatis
914 2077 1161 2153 explicatione.³)

90 2162 145 2220 Sed
172 2163 226 2219 hos
248 2163 426 2238 posteriores
449 2181 507 2219 non
530 2165 567 2220 ab
590 2163 662 2238 ipsis
690 2163 881 2238 scriptoribus
908 2163 1017 2234 editos,
1052 2163 1102 2220 sed
1130 2163 1161 2219 in

92 2331 311 2340 —.——

153 2429 207 2463 rum
226 2416 376 2480 praecipuos
394 2425 525 2463 enumeret
543 2416 573 2462 A.
586 2415 702 2464 Stahrius
719 2416 745 2463 in
760 2416 966 2465 Aristoteliorum
984 2417 1033 2467 vol.
1044 2415 1069 2464 Il
1080 2419 1160 2480 pta?

153 2495 177 2532 et
193 2498 217 2548 p.
238 2489 295 2532 268.
333 2485 502 2532 Accesserant
520 2483 703 2548 disputationes
723 2485 810 2532 Ritteri
829 2484 855 2533 in
874 2485 924 2536 rol.
938 2485 975 2533 lll
988 2485 1053 2532 lli-tt.
1065 2483 1162 2534 Philos.

152 2567 175 2616 p.
195 2557 224 2600 tt
247 2567 302 2616 sqq.
321 2561 346 2601 et
364 2551 501 2601 Micheletii
528 2555 560 2601 ed
584 2551 667 2602 Ethie.
686 2553 834 2602 Nicomach.
854 2553 875 2611 1,
895 2557 919 2610 t,
939 2558 953 2599 6
972 2565 997 2600 et
1016 2553 1035 2610 1,
1054 2557 1118 2612 1³‚e
1137 2561 1163 2602 et

153 2635 217 2685 qnae
236 2619 369 2670 Krischitts
388 2622 414 2668 in
433 2621 633 2685 ephemeridibus
652 2620 825 2684 Goettingens
846 2637 868 2673 a.
891 2626 954 2668 1831
979 2638 1002 2686 p.
1024 2626 1087 2670 teet
1105 2637 1158 2686 sqq.

151 2697 175 2738 et
193 2689 220 2737 in
239 2689 335 2738 lenens.
355 2705 378 2740 a.
402 2693 464 2737 1835
484 2690 575 2738 mensis
595 2690 740 2738 Decembris
750 2706 773 2754 p.
786 2694 898 2755 tlosqq.
910 2690 1016 2754 scripsit.
1041 2690 1162 2751 Hegelius

151 2765 250 2806 tentum
274 2758 346 2806 nulla
368 2757 446 2807 inisse
470 2760 570 2807 decreta
593 2759 714 2808 csoterics
738 2767 763 2807 et
780 2760 907 2807 exoterica
929 2773 986 2807 vere
1004 2759 1111 2818 iudicet,
1131 2760 1162 2808 de

152 2827 273 2876 librorum
292 2828 451 2890 quorundam
470 2826 552 2876 forma
570 2827 650 2890 magis
668 2827 785 2892 populari
804 2837 828 2874 ot
843 2828 966 2877 divisione
976 2827 1034 2875 hinc
1045 2837 1100 2875 orta
1109 2842 1161 2876 non

152 2899 257 2958 quaesit.
298 2893 348 2960 [Ex
367 2896 410 2948 iis.
430 2897 472 2959 qni
492 2907 579 2960 postes
598 2910 648 2944 rem
668 2897 816 2958 attigerunt,
845 2897 907 2945 satis
934 2897 981 2945 erit
1000 2896 1162 2945 Brendisium

151 2965 303 3016 nominasse.
324 2965 381 3012 llist
408 2963 475 3018 Phil.
494 2963 537 3014 Gr.
557 2973 582 3013 et
601 2965 671 3013 Rom.
693 2965 727 3022 11,
746 2969 791 3024 2,l
809 2980 833 3029 p.
848 2969 890 3012 101
913 2981 966 3028 sqq.
986 2965 1061 3028 etqui
1072 2976 1162 3014 contra

152 3032 319 3096 Bernsysinm
338 3033 397 3088 (Die
409 3033 518 3094 Dialoge
537 3034 749 3087 desAristoteles,
772 3036 846 3094 teet)
865 3035 985 3097 disputat,
1004 3033 1161 3082 Forchhum-

151 3115 260 3150 merum:
286 3101 435 3150 Aristoteles
454 3103 505 3150 nnd
524 3103 565 3150 die
583 3101 756 3150 exotetischen
776 3102 869 3157 Redeo,
890 3101 973 3150 Kilise
994 3101 1077 3168 test]

114 3173 134 3230 ¹]
152 3169 254 3232 Fragm.
275 3171 305 3219 de
323 3172 445 3218 substant
465 3170 554 3221 iacuit.
573 3181 653 3218 natur.
673 3171 712 3218 ed.
731 3171 791 3223 Bss.
811 3171 824 3218 I
841 3185 865 3234 p.
885 3175 934 3217 3⁴2
954 3170 1003 3228 th
1021 3187 1045 3235 p.
1059 3173 1107 3218 tet
1122 3172 1162 3220 ed.

150 3238 255 3302 Kuhn):
279 3237 433 3306 dispostas
458 3235 490 3289 ου’
513 3241 571 3310 χρὴ
589 3241 665 3290 mino
689 3242 811 3312 νοιιίζιιν
830 3234 912 3292 sitm.
938 3236 1054 3309 τάνδρός
1076 3233 1162 3304 ἑαυτῷ

149 3303 273 3358 triscuria
297 3305 432 3376 λέγοντος.
460 3302 547 3377 ὥσπερ
573 3303 636 3358 οὐδ’
655 3304 855 3378 Ἀριστότέλαυς
880 3305 894 3376 ἢ
915 3306 1102 3378 &supprimam
1129 3305 1161 3358 soi

150 3373 199 3448 μὲν
221 3382 277 3439 τοῖς
299 3377 411 3440 πολλοῖς
432 3373 620 3446 γεγραφότων,
654 3375 701 3441 τας
724 3374 753 3427 δὲ
782 3369 928 3446 ἀκροάσεις
953 3383 1009 3441 τοῖς
1035 3372 1160 3446 ἑταίροις.

150 3445 227 3508 Apud
248 3443 401 3494 Clementem
420 3453 503 3493 tamen
522 3445 662 3493 Alertsndr⁴
674 3445 698 3493 V
715 3445 805 3493 Strom.
825 3462 849 3510 p.
862 3450 910 3493 245
922 3445 992 3508 Sylb.
1011 3447 1065 3494 sine
1084 3447 1161 3496 dubio

150 3513 309 3563 scribendum
323 3523 373 3561 est:
393 3511 510 3582 Λέγουσι
529 3511 558 3563 δὲ
579 3516 622 3563 καὶ
642 3515 667 3564 αι’
685 3511 893 3584 Ἀριστοτέλους.
911 3511 942 3564 ια’
960 3509 1160 3586 dividerem-su*

149 3575 218 3632 sieut
244 3583 293 3632 usin
319 3580 533 3653 συγγραμμάτων
564 3578 647 3633 αὐτοῦ
670 3587 704 3640 (v.
727 3578 836 3640 αὐτῶν),
864 3581 895 3634 τά
921 3573 1050 3634 dinoscii
1073 3603 1098 3634 se
1118 3585 1161 3634 nul

150 3647 304 3730 ἐξαιιρρκά.
341 3651 379 3699 Da
397 3652 450 3700 suis
467 3651 515 3715 ipsi
533 3652 633 3715 scriptis
651 3653 677 3700 id
693 3667 745 3700 non
760 3652 941 3716 profitebantur
956 3649 1162 3725 (συγγράμμασι

152 3726 194 3770 toi
225 3721 330 3781 αττῶν),

109 3787 132 3838 ²t
150 3738 302 3836 Ptuisrohus
330 3788 356 3836 in
382 3789 434 3835 vita
461 3788 603 3836 Alexandri
629 3791 642 3834 7
665 3787 710 3838 τόν
741 3785 838 3858 q'dmo'v
865 3791 908 3839 nai
927 3786 1062 3839 πολιτικόν
1079 3785 1162 3860 λόγον

150 3857 304 3906 contrarium
331 3855 393 3905 iacit
420 3862 477 3920 ταῖς
507 3852 671 3925 αἰιορρήτοις
699 3857 741 3906 nul
768 3855 937 3930 βαθααὲραις
965 3855 1161 3922 διδασκαλίαις.

152 3924 248 3975 Contra
266 3926 321 3973 adv.
338 3925 423 3975 Colat.
445 3931 472 3971 tt
493 3940 518 3988 p.
540 3929 603 3972 1115
623 3927 644 3976 Β
662 3923 693 3975 τά
714 3920 795 3994 ἠθικαὶ
814 3921 991 3995 ὑποαιῄαατα
1010 3928 1053 3977 καὶ
1068 3924 1099 3978 td
1110 3945 1160 3994 φυ-

149 3991 211 4044 σικά
230 3993 340 4055 seiungit
358 4009 373 4041 a
391 3993 499 4056 dialogis
518 3987 695 4066 ἐξωτερικοῖς.
869 3987 874 3998 ’
921 3987 926 3996 ’

109 4063 131 4119 3Ι
149 4061 248 4112 Nomen
266 4063 292 4110 in
311 4063 449 4127 posteriore
467 4057 558 4124 geneis
576 4063 715 4112 definitioni
735 4076 787 4112 non
807 4063 885 4118 addit
906 4063 1012 4112 etsinon
1025 4065 1107 4112 minor
1120 4063 1162 4113 hie

148 4135 202 4180 eius
220 4131 332 4195 ponendi
351 4145 429 4180 causa
447 4129 525 4179 inisse
542 4131 642 4179 videtur
677 4129 884 4199 ’Aspoauureuol
902 4129 982 4202 λόγοι
1001 4132 1163 4196 appellantur

148 4201 174 4248 in
192 4199 307 4263 epistulis
324 4199 377 4250 illis
396 4199 544 4257 subdhiniis,
563 4214 627 4262 quas
645 4199 695 4248 iam
715 4193 879 4248 Andronicus
899 4200 1015 4250 Rhodius
1039 4202 1103 4250 libro
1122 4205 1160 4249 in·

148 4277 260 4317 sernerut
270 4267 348 4330 (Geli.
358 4267 418 4326 XX,
430 4273 463 4330 5).
487 4265 647 4336 ’Edomptsu’
657 4267 853 4349 σιγγράιιιιατα
872 4269 967 4333 primus
977 4269 1090 4334 appellat
1106 4270 1161 4318 illc-

148 4352 218 4454 tpens
241 4337 330 4397 Ater,
358 4339 401 4386 sed
425 4335 619 4400 Peripateticum
648 4345 672 4385 et
694 4327 854 4413 ιξατέρικόν
881 4347 906 4386 et
933 4333 1089 4409 ioomptno't·
1110 4339 1160 4386 ism

170 4419 285 4456 notanus.
