2938 5020
363 383 424 446 180
735 403 933 452 narramus
957 405 1027 451 eoa.

281 591 294 627 ι
359 574 609 654 reprendendam
630 589 692 636 non
714 579 814 652 putat
858 571 899 638 Et
926 573 1060 650 hercule,
1084 573 1251 654 Torquate,
1274 579 1309 637 ut
1330 593 1426 637 remu

359 674 532 756 loquamur,
555 675 580 738 si
604 693 756 738 sunrmum
777 675 892 740 bonum
913 674 1059 756 voluptas
1087 681 1148 753 est,
1182 675 1353 740 rectissime
1373 695 1426 738 non

359 783 458 857 putat
509 776 611 841 Nolim
638 775 719 840 enim
746 777 820 841 mihi
842 775 959 858 fingere
980 783 1100 856 asotos,
1127 783 1164 840 ut
1185 777 1304 854 soletis,
1331 777 1426 858 quiin

359 896 498 943 mensam
525 885 651 943 vomant
683 887 714 942 et
741 879 794 960 qui
826 881 866 944 de
893 879 1040 944 convivis
1073 877 1256 944 auferantur
1289 880 1427 960 crudique

320 981 509 1060 5post1irlie
537 998 571 1044 se
592 999 702 1046 rursus
725 981 928 1062 ingurgitent,
961 981 1014 1062 qui
1042 981 1153 1059 solem,
1186 987 1221 1044 ut
1248 981 1347 1056 aiunt,
1378 997 1428 1044 neo

360 1083 547 1148 occidentem
570 1101 716 1164 umquam
738 1083 872 1147 viderint
895 1101 950 1148 nec
973 1083 1137 1160 orientem,
1170 1083 1224 1164 qui
1246 1083 1428 1162 consumptis

359 1183 553 1265 patrimoniis
576 1194 696 1265 egeant.
746 1184 844 1250 Nemo
877 1191 1018 1248 nostrum
1051 1184 1141 1248 istius
1173 1185 1297 1265 generis
1330 1192 1428 1248 asotos

358 1286 492 1350 iucunde
514 1294 604 1366 putat
627 1287 739 1350 virere.
775 1287 918 1363 lluadoS,
942 1286 1107 1368 elegantes,
1130 1284 1254 1366 optimis
1277 1286 1364 1362 eoois,
1386 1285 1428 1364 pi·

428 1512 449 1556 l.
471 1507 494 1571 [o
516 1505 637 1572 Torquate
656 1509 700 1563 A²,
720 1525 733 1556 o
751 1522 828 1572 supra
846 1505 949 1573 scripto]
997 1512 1019 1556 2
1037 1505 1147 1570 voluptas
1164 1523 1275 1556 mammam
1294 1507 1373 1554 baama
1391 1503 1429 1554 ΡΟ

356 1593 402 1624 non
425 1591 473 1624 om.
496 1575 518 1624 L
575 1581 598 1626 3.
613 1577 708 1640 fingere
729 1575 787 1624 aazia*
807 1577 825 1624 L
891 1581 913 1624 4.
932 1575 1052 1625 mmoIa
1119 1579 1141 1624 b.
1162 1573 1263 1641 [postera
1277 1573 1315 1624 do
1332 1575 1375 1632 Al,
1391 1589 1430 1637 po·

356 1653 418 1692 atero
441 1643 479 1692 die
503 1644 547 1710 Aa]
622 1642 674 1710 [nec
695 1644 738 1694 boc
760 1643 879 1693 cadentem
905 1642 949 1711 Al]
1013 1645 1036 1694 7.
1064 1643 1133 1692 mlius
1162 1671 1192 1680 -
1221 1641 1343 1694 uenatione
1370 1641 1429 1691 Nou.

356 1728 380 1777 p.
400 1715 457 1760 art.
519 1717 542 1762 Β.
562 1712 668 1778 eligentis
686 1711 730 1762 PR
750 1715 793 1776 (-
812 1722 847 1762 tes
865 1712 904 1776 M)
922 1711 1083 1777 deligentrbO
1136 1711 1265 1776 peronam
1280 1710 1430 1776 piscatoribus

352 1781 492 1845 pbcutuR

440 1990 570 2028 stammam
599 1973 691 2027 borram
723 1971 787 2046 vol.)
826 1969 876 2028 sic
908 1988 1010 2027 omnes
1039 1969 1147 2028 Gaiani
1176 1967 1235 2046 [A]
1270 1977 1299 2025 et
1324 1969 1431 2043 aliquot

355 2064 427 2112 vett.
450 2055 514 2112 edd.
538 2053 648 2130 (Crat.
677 2055 785 2130 Vict.);
825 2055 900 2111 aliae
929 2064 999 2111 vett.
1034 2055 1099 2111 edd.
1128 2063 1155 2110 et
1184 2073 1202 2110 a
1230 2054 1365 2112 Manutio
1397 2051 1430 2108 ad

356 2141 508 2196 Bremium
524 2149 557 2196 ut
568 2139 630 2198 PC.
674 2141 747 2198 Mox
770 2141 800 2197 ia
823 2140 922 2197 verbis
945 2143 1088 2196 rectissime
1115 2159 1165 2196 arou
1189 2149 1273 2214 putot
1294 2139 1431 2214 repetitur

355 2225 521 2282 necessario
544 2245 609 2294 norm
632 2226 691 2282 vid.
714 2225 823 2301 Opusc.
853 2243 918 2282 mea
939 2226 1034 2282 Aead.
1055 2225 1081 2294 I,
1104 2245 1133 2300 p.
1158 2223 1219 2281 333
1243 2233 1303 2280 not.

441 2320 470 2366 ut
491 2313 592 2383 soletur)
615 2329 691 2380 oum,
715 2310 826 2386 pudore
839 2309 975 2385 quadam,
994 2310 1148 2368 ostendere
1159 2309 1260 2377 varitia,
1279 2309 1430 2373 luxuriam,

355 2412 444 2468 quam
466 2414 520 2470 per
542 2415 572 2452 se
595 2396 810 2472 reprehendere
834 2404 1003 2452 constanter
1035 2414 1094 2452 non
1124 2395 1263 2471 potest-is,
1298 2403 1431 2450 tamena

356 2479 440 2537 vobis
462 2479 534 2536 reici
557 2481 595 2539 ob
618 2499 662 2552 ea,
687 2497 762 2554 quae
785 2499 849 2537 eam
872 2489 1098 2554 consequantur.
1121 2479 1315 2537 incommoda
1361 2479 1429 2535 Mox

355 2584 411 2641 rag.
434 2564 515 2623 Crat.
533 2576 642 2640 postero
664 2568 707 2622 die
729 2563 776 2642 [nt
798 2563 873 2642 A²].

440 2660 470 2706 ot
491 2649 580 2724 alaerit)
603 2651 767 2707 Dicebatur
795 2650 872 2706 enim
895 2650 950 2706 hoe
974 2650 1062 2726 vulgo
1085 2651 1114 2705 in
1138 2650 1189 2718 iis,
1224 2650 1276 2724 qui
1303 2649 1428 2706 omnium

356 2818 496 2876 Davisius
519 2820 590 2876 citat
613 2820 760 2877 Athenaei
783 2820 834 2876 lib.
858 2821 912 2890 Vl,
936 2841 964 2895 p.
990 2819 1092 2878 2730
1116 2817 1430 2894 (deSmiadyrideSy·

354 2905 459 2971 barita,
482 2905 543 2980 qai,
566 2923 632 2962 cum
655 2904 802 2962 fortunam
826 2923 908 2961 enam
932 2906 1063 2972 iactaret,
1103 2905 1180 2962 intra
1208 2904 1313 2980 viginti
1341 2919 1431 2960 annos

353 3009 385 3046 se
407 2990 499 3047 solem
522 3001 573 3046 aut
596 2989 737 3046 orientem
761 3001 812 3046 aut
834 2991 1014 3046 occidentem
1037 2990 1145 3047 vidisse
1174 2989 1317 3065 negarit).
1359 2987 1430 3047 XII.

352 3095 382 3150 p.
395 3076 456 3132 520
469 3077 499 3132 A
511 3084 539 3132 et
564 3075 624 3132 526
638 3076 673 3141 B,
697 3085 758 3132 tum
771 3094 786 3131 e
798 3075 913 3132 Latinis
926 3075 1070 3134 Catonem
1083 3075 1226 3132 Maiorem
1239 3075 1317 3150 apud
1330 3073 1430 3132 Senee.

353 3160 448 3235 Epist.
476 3161 544 3225 122,
570 3161 587 3216 2
611 3171 641 3216 et
663 3160 777 3218 Colum.
800 3161 816 3216 Ι
839 3159 931 3234 praef.
956 3165 969 3230 ξ
998 3162 1044 3217 16.

440 3247 569 3304 imitatos.
593 3249 722 3319 elegantes
745 3245 815 3318 ete.)
860 3245 958 3321 Vulgo
981 3265 1047 3302 ram
1071 3244 1234 3301 sententiae
1256 3242 1431 3299 interit-usia

353 3329 425 3386 haec
442 3331 735 3406 interpungebantur,
759 3341 792 3387 ut
813 3325 938 3406 prirmirn
962 3331 1034 3387 haer
1056 3330 1249 3386 adhaererent
1275 3327 1431 3403 superiori·

352 3415 407 3471 bus
431 3419 543 3486 (trivere,
567 3415 708 3490 mortales),
743 3415 879 3490 apposita
902 3417 948 3490 (nt
970 3415 1154 3490 grammatici
1176 3415 1352 3488 loquuntur)
1375 3411 1431 3468 illis

353 3503 429 3556 istius
449 3503 553 3573 generis
575 3510 673 3569 asotos,
697 3519 789 3574 usque
811 3501 849 3556 ad
870 3503 1028 3574 aediliciam.
1073 3500 1120 3556 Ex
1144 3517 1202 3574 quo
1225 3497 1367 3557 efficitur.
1401 3505 1431 3552 nt

354 3584 571 3642 confundantur
594 3585 623 3641 ia
647 3603 736 3641 uuum
759 3585 816 3642 duo
839 3603 947 3660 genera
969 3585 1203 3654 luxuriosorum,
1228 3602 1304 3657 quae
1328 3582 1431 3641 Cicero

353 3670 509 3746 diligenter
536 3671 684 3726 contraria
706 3670 813 3744 posuit,
837 3670 962 3726 alterum
985 3689 1096 3735 aarum,
1120 3687 1194 3744 quos
1217 3669 1357 3743 Epicurei
1381 3667 1431 3722 fin·

352 3774 421 3830 gere
444 3755 593 3826 solebant,
627 3755 772 3830 pecudum
799 3756 858 3811 ritu
886 3755 1030 3825 viventes,
1053 3755 1178 3812 alterurn
1206 3772 1325 3822 eorum,
1360 3769 1432 3826 quos

353 3839 457 3898 Cioero
481 3840 550 3916 fingi
573 3839 701 3910 volebat,
725 3857 791 3896 oum
813 3840 960 3915 elegantia
982 3841 1109 3914 quadam
1131 3849 1161 3896 et
1183 3837 1341 3914 prudentia
1357 3839 1433 3894 inter

353 3943 424 3999 opes
447 3922 601 3982 affluentes
623 3925 805 3999 voluptatem
819 3934 974 3995 sectantes,
998 3926 1093 4000 qualis
1110 3923 1309 3982 fuit'llroriue
1321 3923 1433 3980 Balbus

352 4005 445 4088 (infra
468 4013 481 4079 ξ
507 4007 570 4083 63).
614 4011 715 4083 Atque
738 4009 839 4066 eadem
862 4011 920 4068 dno
947 4029 1055 4086 genera
1083 4028 1204 4087 prorsus
1232 4009 1322 4065 simili
1345 4007 1432 4064 modo

353 4094 506 4171 distiagvit
540 4094 644 4152 Cicero
677 4095 707 4151 in
729 4095 830 4151 Pison.
849 4097 887 4152 66
910 4107 938 4152 et
957 4097 1006 4152 ot.
1058 4095 1173 4152 Deinde
1206 4093 1432 4150 annectebatur:

354 4179 414 4234 Hos
436 4199 493 4252 eqo
514 4190 604 4236 motos
627 4181 689 4236 berae
710 4181 816 4254 qru'dear
841 4185 926 4236 vr'uere
948 4190 1018 4248 ete,
1048 4199 1123 4254 quae
1147 4179 1189 4237 sio
1212 4179 1309 4254 posita
1332 4196 1431 4234 neees-

348 4263 431 4320 sario
453 4263 531 4320 idem
553 4265 718 4341 significare
741 4263 862 4336 debent,
887 4265 965 4339 quod
988 4265 1023 4322 de
1044 4265 1149 4322 iisdem
1171 4263 1342 4321 hominibus
1366 4272 1432 4319 ante
