2944 5040
425 353 597 402 exouusus
617 353 658 400 ur.
1018 338 1078 401 811

98 547 146 586 tram
171 535 339 596 annotassent,
373 525 541 584 defensores
569 525 727 584 studiosius
760 527 1001 600 anquisivissent,
1030 537 1081 584 aut

97 615 173 672 ltuibus
189 613 246 670 locis
263 613 288 670 id
310 611 367 669 sibi
390 610 604 670 defendendum
626 630 690 670 esse
713 611 891 670 intellecturi
909 611 1082 670 iueriutaut

96 699 226 770 nitendum,
245 697 371 755 librarios
394 698 536 772 quosdam
558 697 730 756 recentioris
747 698 854 754 aetatis
866 698 941 756 hanc
955 697 1081 756 formam

96 803 153 842 true
169 785 193 840 in
211 793 325 842 veterum
354 783 464 859 scripta
491 783 634 841 intulisse.
678 783 770 842 Velut
796 783 827 840 in
855 783 911 840 hoc
934 803 1022 859 opere
1046 785 1081 842 de

95 869 241 942 itibuslll,3
260 887 332 926 nunc
343 879 476 944 apparet,
500 870 578 944 quod
593 867 749 940 Gruterus,
772 869 923 940 Davisius,
948 869 1082 928 Goeren-

94 973 174 1014 uuen
190 963 327 1026 annuunt,
350 954 529 1012 deteriorum
551 955 685 1012 codicum
706 953 849 1012 familiam
872 954 995 1012 habere:
1018 957 1083 1014 dee

93 1045 170 1098 drame
188 1060 235 1098 nec
252 1041 487 1114 erpumentuedum
510 1041 617 1114 quedem
639 1059 696 1098 esee
717 1041 751 1097 de
762 1043 909 1115 volupttem
932 1040 963 1096 in
975 1040 1081 1098 Erlun·

92 1128 124 1184 nsi
133 1138 155 1183 et
166 1126 313 1184 melioribus
325 1124 412 1203 [ΑΒ]
425 1135 470 1183 ast
480 1145 512 1182 ne
527 1158 565 1168 -
578 1127 694 1200 quidem.
727 1127 763 1184 In
785 1126 962 1184 Tusculanis
983 1126 1026 1198 Π,
1040 1127 1078 1184 31

91 1211 129 1268 lex
151 1211 349 1288 Rehdigeranus
378 1221 407 1268 et
429 1211 585 1270 Gudianus
614 1213 647 1282 2,
676 1221 799 1286 uterque
827 1211 958 1282 infimus,
992 1211 1082 1270 habet

90 1300 238 1372 ¹-qnttem,
258 1297 313 1369 111,
327 1297 364 1354 21
379 1295 558 1356 Oxouisnsis
569 1315 645 1354 uuus
667 1305 697 1354 et
718 1296 951 1372 Rehdigerauus,
971 1297 1026 1369 IV,
1040 1298 1081 1354 84

89 1383 114 1439 td.
133 1385 156 1438 2.
184 1383 263 1458 Apud
283 1382 449 1458 Vergilium
472 1393 517 1440 ter
539 1381 662 1460 (Georg.
679 1383 705 1452 Ι,
726 1383 784 1440 126
804 1390 834 1439 et
846 1383 917 1453 390,
929 1383 988 1454 ΙΠ,
1003 1377 1079 1463 561)

88 1469 117 1524 lti
135 1468 234 1525 codices
254 1468 361 1524 habent
383 1487 430 1524 aee
454 1501 491 1510 -
516 1470 623 1542 quiden
645 1468 797 1542 secutique
824 1487 874 1525 eos
901 1467 964 1526 fere
987 1468 1080 1526 edito·

87 1573 109 1610 es
127 1563 186 1610 ante
205 1553 346 1630 Heynium
368 1563 465 1624 erant;
489 1554 541 1610 sed
552 1573 584 1610 ne
594 1554 742 1629 prioribus
753 1553 826 1610 locis
843 1553 953 1610 hebent
965 1554 1080 1611 codices

87 1639 210 1713 iquissimi
230 1657 379 1710 consensu,
402 1639 491 1696 tertio
512 1639 663 1696 Romanus
685 1649 715 1696 et
737 1639 900 1696 Palatinus.
913 1639 941 1718 ¹)
969 1639 1080 1697 Delen-

86 1745 107 1782 2s
126 1735 212 1782 autem
234 1743 268 1780 ex
289 1724 341 1781 illa
363 1725 494 1782 locorum
518 1725 604 1800 copia
626 1743 684 1782 non
707 1743 757 1781 eos
779 1724 891 1801 eligunt
915 1724 1005 1796 locos,
1028 1725 1080 1781 ubi

98 1811 176 1884 paulo
196 1809 289 1885 plures
311 1819 371 1881 aut,
395 1810 420 1866 si
442 1809 528 1882 forte,
552 1810 688 1868 meliores
710 1819 762 1866 aut
784 1795 888 1866 selter'n
911 1809 1079 1885 probabiles

84 1896 92 1951 i
111 1915 154 1952 nec
174 1928 207 1938 -
232 1897 335 1969 quidem
357 1896 466 1952 habere
488 1895 652 1967 videantur,
675 1904 709 1952 ut
730 1914 780 1954 eos
803 1895 857 1952 sub
875 1914 964 1952 unum
986 1913 1079 1972 genus

83 1981 218 2038 ieiunitate
238 1980 362 2054 quedam
385 1981 489 2038 cadere
501 1980 666 2052 ostendant,
689 1981 749 2050 sed,
773 1981 851 2056 quod
863 1981 893 2038 iu
905 1980 960 2039 hoc
971 1999 1078 2057 genere

82 2065 259 2124 tersiasimum
282 2075 336 2137 est,
359 2066 534 2138 constituto,
558 2075 591 2124 ut
612 2066 668 2124 sibi
691 2065 842 2136 videntur,
876 2066 946 2140 quid
968 2084 1015 2124 nee
1037 2099 1076 2112 ·-

81 2155 119 2208 lem
141 2151 298 2228 significare
321 2151 436 2222 debeat,
460 2153 497 2208 ed
519 2170 583 2210 eam
595 2151 737 2228 regulam,
760 2152 944 2228 quosplaeet
965 2160 995 2209 et
1010 2169 1078 2227 pos·

80 2257 90 2299 2,
111 2238 189 2294 locos
210 2237 439 2308 accommodant,
463 2245 576 2295 cetoros
597 2238 775 2312 relinquunt.
818 2238 911 2296 Velut
929 2236 1079 2297 Gernhar-

97 2341 181 2397 quem
202 2322 334 2397 plerique
356 2323 534 2398 posteriores
557 2333 734 2397 sequuntur,
758 2323 788 2380 in
802 2322 866 2383 Cat.
887 2324 936 2394 27,
959 2323 1011 2381 ubi
1033 2341 1080 2380 nee

78 2411 176 2482 pedem
198 2416 318 2478 tantam,
342 2417 481 2482 quantam
501 2427 647 2483 nusquam
663 2409 747 2480 alies,
770 2409 976 2466 auctoritatem
998 2409 1077 2466 codi-

93 2494 190 2564 babet,
214 2492 243 2548 id
266 2511 324 2550 non
336 2494 451 2569 probat,
475 2503 505 2552 et
525 2495 588 2552 iure
611 2496 796 2570 uonprobet,
820 2495 849 2552 in
861 2493 948 2553 Catil.
964 2495 1023 2566 111,
1037 2495 1078 2551 24

79 2591 117 2647 at,
142 2577 192 2636 ubi
215 2597 262 2635 nec
284 2587 314 2635 et
335 2579 449 2636 abonis
461 2580 609 2637 codicibus
621 2581 766 2650 omnibus,
790 2580 878 2637 etiam
895 2579 1078 2656 perantiquis

92 2683 167 2739 quos
190 2661 322 2722 Orellius
345 2663 469 2722 contulit
497 2663 541 2743 [et
563 2664 728 2743 Halmius],
762 2666 934 2741 repudiatur
961 2675 990 2722 et
1011 2665 1078 2722 Pri-

78 2751 90 2806 i
114 2749 226 2826 tripliei
250 2749 419 2806 testimonio
441 2751 483 2825 (p.
504 2751 585 2808 1003
603 2761 633 2807 et
653 2753 734 2808 1004
746 2759 777 2807 et
797 2746 892 2832 1028)
914 2759 1003 2826 atque
1022 2751 1078 2808 Al·

93 2832 137 2914 (p.
152 2829 255 2914 2124)
278 2835 469 2892 convincitur.
481 2834 511 2912 ²)
554 2837 687 2894 Kritzius
709 2845 807 2894 eutem
825 2838 855 2894 in
868 2837 1002 2896 Sallustii
1013 2838 1078 2914 Ing,

78 3207 104 3240 rc
125 3193 272 3242 sententia:
295 3193 332 3242 Ut
349 3192 496 3241 adulescens
515 3191 579 3239 tauri
599 3201 643 3240 aut
660 3191 787 3256 elephanti
798 3191 863 3241 vires
881 3205 933 3242 nou
950 3189 1077 3240 desidera·

78 3275 123 3320 rm,
145 3261 185 3308 ita
205 3277 239 3310 ne
257 3260 614 3326 nuncquidemadulescentis
625 3260 759 3324 desidere.)
795 3259 885 3325 Itaque
902 3260 1079 3310 blandiebatur

79 3329 171 3377 iorum
192 3331 357 3380 coniectura:
377 3327 431 3380 Nec
449 3345 509 3378 nanc
524 3327 636 3392 equidem.
674 3328 722 3378 Sed
733 3343 813 3392 neque
831 3329 893 3378 haec
911 3343 978 3378 nora
995 3343 1078 3393 repre-

78 3397 192 3448 ensionis
213 3398 338 3448 refutatio
361 3399 487 3462 particula
505 3413 546 3446 nec
564 3398 687 3462 superiori
706 3399 813 3448 orationi
824 3407 953 3462 tamqnam
962 3398 1078 3462 proxime

78 3467 110 3514 de
131 3477 200 3532 apta
229 3475 256 3517 et
278 3483 334 3517 eam
353 3469 457 3532 explens
480 3466 593 3516 subnecti
617 3475 707 3531 potest,
732 3475 757 3516 et
774 3483 835 3518 nunc
853 3468 890 3516 sic
909 3481 1009 3532 quoque
1027 3481 1079 3514 nou

78 3535 133 3583 alto
155 3536 328 3586 commodius
346 3536 479 3587 diceretur.
517 3533 675 3602 [Lahmeyeri
695 3537 821 3586 enarratio
839 3551 917 3601 prava
932 3545 982 3596 est;
1001 3535 1078 3598 signi·

78 3613 140 3653 aret
161 3607 237 3654 enim
255 3605 319 3654 Cato
338 3613 423 3664 caute,
450 3605 504 3654 fieri
528 3601 634 3654 leuasse
652 3613 740 3668 postea
758 3621 838 3670 poaae,
859 3615 887 3654 ut
905 3601 1076 3670 desideraret]

78 3674 127 3721 ›ud
151 3672 313 3724 Svetouium
336 3674 436 3724 codices
458 3673 591 3737 pauciores
614 3673 729 3737 pluresve
755 3691 797 3724 aec
815 3703 846 3712 -
871 3673 964 3738 parilem
985 3673 1079 3722 habent

78 3742 135 3856 iper.
154 3747 198 3800 to,
213 3748 259 3802 21,
281 3742 335 3793 Cal.
352 3747 388 3801 tl,
408 3741 502 3800 01119,
518 3741 630 3792 Vitem.
674 3741 724 3809 [De
743 3743 841 3793 Iustino
858 3743 908 3792 rid.
927 3742 1026 3807 Ieepina
1046 3742 1078 3790 ad

98 3815 148 3868 ,5‚
163 3815 191 3861 8.

78 3809 210 3928 ctissimd
227 3880 274 3938 ibi,
293 3879 376 3943 posite
394 3880 500 3944 reipsa,
521 3877 610 3928 Cicero
628 3880 713 3940 addit,
740 3881 802 3944 quid
824 3881 971 3930 adiunctum
993 3878 1077 3938 luerit,

78 3949 204 4006 enitens,
228 3963 370 4012 numquam
389 3963 404 3996 a
422 3947 490 3997 cirili
508 3947 615 3996 victoria
633 3948 803 3999 calamitatem
818 3950 1025 4014 separariposse:
1050 3964 1078 3997 ae

78 4017 86 4062 i
112 4015 228 4078 quidem
254 4034 314 4081 opas
333 4026 374 4076 est,
392 4025 483 4080 quanm
501 4015 656 4066 deminutione
673 4015 756 4066 civium
779 4027 801 4068 et
825 4026 916 4082 quaeue
941 4017 1079 4068 calomniate

89 4084 244 4150 publicae,
274 4099 376 4151 prorsus
400 4095 428 4134 ut
448 4093 520 4134 ante:
552 4083 592 4136 Ort.
613 4083 726 4135 Octauiae
744 4085 826 4136 consul
847 4086 921 4136 ermis
939 4085 1028 4151 arpalr't
1049 4102 1079 4134 er

78 4171 88 4202 e
123 4151 278 4218 colleyam;
310 4155 370 4218 qnid
399 4155 545 4204 adiunctum
563 4153 628 4203 initi
651 4154 724 4204 omnis
741 4155 778 4204 lu'c
796 4155 860 4204 iocur
878 4165 924 4205 cet.
969 4155 1019 4206 Sed
1037 4153 1078 4204 hie

78 4223 97 4270 tt
127 4231 235 4272 tamen
260 4224 368 4274 breviter
391 4223 488 4284 Cicero,
512 4223 574 4288 qnid
592 4223 723 4284 acciderit,
752 4223 777 4273 in
801 4224 874 4274 Sulla
894 4239 925 4274 ne
949 4223 999 4274 dici
1022 4223 1077 4288 qni-
