3000 5044
420 435 463 480 nu
487 434 567 480 unu.
585 435 648 480 nm.
666 436 699 481 ιι
722 435 794 482 cnr.
815 437 838 482 a.
1098 419 1159 483 501

86 602 158 682 lud,
191 603 275 682 quod
297 621 316 667 a
343 613 375 668 te
401 603 516 668 uicum
545 610 606 683 est,
639 605 857 670 convenienter
889 610 1019 669 natiuae
1046 605 1165 684 vivere3

87 705 172 784 (15.)
194 703 326 780 aiterum
349 704 516 786 significari
537 706 630 784 idem,
652 711 687 771 ut
709 707 734 771 si
756 707 920 786 diceretur,
944 705 1044 771 officia
1066 707 1168 772 media

87 807 193 872 omnia
215 812 271 870 aut
291 807 441 889 pleraque
463 815 638 872 servantem
666 809 778 874 vivere.
828 809 896 874 Hoc
923 809 967 873 sic
994 809 1167 890 expositum

87 909 240 974 dissimile
267 917 316 974 est
342 909 513 990 superiori3
544 909 619 974 illud
642 910 722 974 enim
745 915 862 975 rectum
880 918 928 975 est
949 912 1046 992 (quod
1063 904 1166 986 κατόρ.

87 1017 184 1090 θωμα
207 1009 346 1092 dicebas)
368 1011 580 1094 contingitque
602 1011 734 1093 sapienti
751 1013 821 1091 soli;
843 1013 902 1077 hoc
918 1019 1024 1078 autem
1033 1013 1168 1077 inchoati
1186 1017 1206 1079 5

88 1113 252 1178 cuiusdam
274 1111 366 1177 officii
388 1119 446 1192 est,
468 1131 529 1178 non
552 1112 689 1196 perfecti,
712 1115 795 1196 quod
817 1117 930 1180 cadere
950 1117 982 1180 in
1004 1115 1167 1180 nonnullos

89 1215 274 1297 insipientes
296 1223 408 1298 potest
458 1214 599 1280 Tertium
627 1221 744 1294 autem,
778 1217 920 1282 omnibus
947 1226 1002 1282 aut
1027 1217 1168 1282 maximis

161 1426 183 1472 ι,
202 1421 340 1485 siqnifiwe
360 1419 497 1486 [A]LPCR
530 1419 555 1470 ri
571 1437 620 1470 orn
639 1421 682 1470 tn
699 1429 751 1470 ater
769 1423 825 1487 (pro
843 1431 869 1471 ιιι
885 1423 959 1485 ιῆΟ
993 1422 1072 1471 omnm
1089 1421 1168 1472 media

88 1489 246 1540 ELPCROr.
299 1495 322 1540 a.
347 1497 390 1538 aut
405 1487 521 1553 plean
573 1489 635 1540 Post
656 1499 787 1540 amantem
805 1492 863 1540 edd.
883 1490 981 1540 rueme
960 1489 1076 1609 11me
1093 1491 1117 1540 si
1133 1490 1166 1555 A]

87 1559 132 1608 boc
149 1559 183 1607 eit
200 1559 224 1606 R
267 1564 289 1608 4.
309 1566 396 1606 rectum
414 1557 612 1608 mertoniana
635 1563 694 1618 (om
714 1559 787 1622 quod)
806 1561 830 1610 Ε
851 1568 946 1620 rectum,
968 1577 1013 1624 quo
1053 1569 1112 1618 tom.
1123 1567 1167 1620 est)

88 1627 226 1676 LPCROr.
268 1631 291 1676 b.
313 1623 462 1693 [recipitque
480 1625 515 1693 A]
537 1627 647 1692 coatiupit
665 1627 724 1690 (om.
743 1633 799 1692 que)
819 1628 884 1680 COr.
930 1632 951 1678 7.
970 1637 1012 1678 aut
1029 1645 1077 1678 om.
1096 1629 1120 1678 E

183 1835 229 1890 lb.
252 1836 365 1890 alterum
387 1837 535 1908 si'quificari
555 1836 637 1909 idem)
661 1834 711 1894 Sic
734 1834 826 1894 Gaius
852 1837 940 1893 etiarn
963 1857 978 1894 e
1001 1837 1079 1913 Spir.
1102 1836 1167 1918 [B],

88 1923 146 1978 hoc
171 1929 230 1977 est:
252 1919 387 1990 alterum,
411 1920 490 1994 quod
501 1921 724 1997 significaretur,
748 1939 812 1978 esse
824 1921 910 1992 idem,
923 1931 957 1979 ut
968 1924 994 1981 si
1010 1934 1064 1980 cet
1093 1923 1168 1982 Cum

89 2005 242 2064 sufficeret
269 2005 424 2081 (postilla
447 2008 501 2062 trio
522 2009 682 2080 siqnistcari,
712 2027 793 2063 unum
815 2009 944 2064 ausmodi
964 2006 1033 2083 cet)
1056 2011 1169 2070 almon

88 2095 161 2150 idem
185 2100 250 2162 cet,
273 2089 388 2162 Cicero,
411 2091 490 2165 quod
512 2091 655 2149 nonnulla
676 2092 904 2164 intervenerant,
927 2094 1050 2151 verbum
1061 2095 1168 2152 iterum

89 2176 200 2254 posuit
230 2177 264 2234 Si
273 2185 343 2252 post
359 2187 388 2232 ot
403 2176 517 2234 addidit
528 2177 698 2248 Lambinus,
722 2177 965 2252 confirmavitque
976 2179 1041 2236 Pel.
1056 2182 1083 2250 1,
1107 2189 1168 2236 tum

90 2264 172 2340 Spir.
196 2260 261 2340 [B].
295 2260 483 2338 Intellegitur
505 2271 629 2320 externe
650 2263 799 2320 actionum
822 2265 1169 2322 convenientiacumna·

89 2359 177 2406 turae
198 2347 302 2425 regula
324 2345 503 2422 officiisque,
538 2367 614 2423 quae
641 2347 693 2404 illa
720 2347 822 2426 regula
845 2349 1076 2422 constituuntur,
1110 2369 1168 2408 non

89 2435 232 2492 adiuncto
254 2431 387 2508 perfecto
409 2432 461 2490 illo
484 2433 574 2490 animi
596 2441 626 2491 et
641 2433 803 2491 voluntatis
814 2452 959 2492 consensu
970 2453 1035 2492 curu
1047 2446 1169 2493 naturae

92 2522 167 2597 lege.
213 2515 322 2598 [Media
344 2521 432 2574 omneis
453 2529 501 2575 aut
518 2521 652 2616 pleraque
673 2520 798 2577 rectiore
821 2521 923 2577 ordine
945 2517 999 2599 A.]

178 2615 280 2662 reetmn
301 2615 340 2660 est
363 2605 451 2681 (quod
472 2593 701 2681 κατόρθωμα
724 2603 843 2680 dicebas)
871 2607 1059 2680 contorqitque)
1093 2608 1169 2665 Ver·

89 2692 160 2748 bum
184 2701 223 2746 est
245 2689 358 2746 addunt
385 2689 472 2746 etiam
496 2689 560 2746 Pal.
576 2692 589 2747 l
615 2699 645 2747 et
668 2689 798 2768 Spir[B
798 2689 822 2768 ],
852 2691 1061 2766 confirmatque
1093 2693 1169 2749 banc

89 2777 278 2852 scripturam,
301 2775 380 2849 quod
393 2774 552 2832 deteriores
574 2793 691 2849 quoque
714 2776 829 2832 codices
856 2777 967 2834 habent
992 2781 1171 2854 continpitqoe

89 2862 197 2939 (ceteri
219 2860 307 2932 Pell,
330 2861 414 2918 Parr.
427 2869 487 2918 tres
504 2860 630 2930 Davisii,
652 2861 760 2932 Mean,
784 2861 854 2920 Gzii
875 2873 993 2938 praeter
1013 2864 1099 2934 Bas.;
1133 2864 1170 2921 de

89 2949 172 3007 Oxx.
200 2965 259 3004 non
287 2947 395 3021 liquet;
429 2965 444 3002 e
467 2946 638 3003 Davisianis
661 2946 717 3004 soli
740 2947 785 3004 El.
803 2945 851 3026 (1)
879 2959 909 3005 et
936 2948 1012 3008 CCC
1034 2953 1169 3024 conubqit,

87 3034 140 3090 hic
167 3042 267 3089 tamen
294 3043 334 3088 eat
361 3027 484 3110 rectum),
518 3032 733 3106 persuadetque
760 3033 902 3090 orationis
930 3035 1111 3092 concinnitas
1138 3036 1169 3092 in

87 3120 154 3176 his:
188 3120 257 3175 iilud
285 3127 385 3174 rectum
413 3127 451 3174 est
478 3126 522 3174 et:
550 3118 598 3174 boc
626 3119 743 3174 inchoati
769 3121 910 3176 cuiusdam
932 3122 1014 3194 officii
1034 3131 1081 3178 est.
1115 3122 1169 3179 Di·

88 3213 139 3262 cat
165 3203 283 3277 aliquis,
311 3204 381 3259 iliud
407 3221 465 3259 non
488 3211 568 3259 recte
590 3200 694 3259 referri
723 3203 760 3260 ad
788 3211 880 3261 totum
911 3204 984 3262 illud
1012 3210 1097 3263 civem
1118 3209 1170 3263 ad·

88 3291 220 3347 bibentem
243 3291 379 3346 ιείειιιὶαιιι
402 3297 466 3348 cet.
492 3288 562 3362 quia
583 3289 613 3344 in
636 3307 671 3346 eo
694 3307 753 3345 non
766 3307 866 3360 unum,
890 3291 942 3347 sed
959 3292 1168 3368 multexurop

87 3362 227 3449 θώματα
249 3374 349 3431 insint
395 3373 491 3432 Sed
482 3393 512 3430 ιιι
536 3373 658 3430 eandem
681 3373 885 3431 difficultatem
908 3375 1003 3434 altera
1025 3377 1171 3452 scriptura

88 3460 215 3516 incurrit
238 3460 268 3516 in
290 3459 464 3534 pronomine
487 3461 549 3528 boo3
584 3469 613 3516 et
640 3477 675 3516 eo
703 3458 821 3517 facilius
849 3460 896 3518 bio
924 3479 942 3520 a
965 3472 1027 3520 tota
1048 3463 1110 3520 vita
1132 3461 1170 3518 ad

88 3545 223 3622 singulas
246 3545 377 3602 actiones
400 3544 541 3601 transitus
563 3543 769 3616 ferendusest,
792 3547 930 3620 quoniam
943 3531 1170 3625 κατορθωμαια

87 3632 168 3707 apud
193 3625 310 3690 Stoicos
332 3649 390 3687 non
413 3638 614 3702 numerantur,
638 3640 668 3687 et
691 3631 741 3705 qui
765 3631 855 3688 semel
872 3633 1031 3706 κατορθοῖ,
1055 3651 1171 3707 semper

87 3717 248 3790 κατορθοῖ.
287 3716 483 3773 Parentbeein
506 3725 604 3772 utrum
627 3715 732 3778 Cicero
763 3717 1022 3796 sine-pronomine
1044 3718 1169 3775 relativo

87 3800 280 3871 interiecerit,
303 3810 337 3858 ut
353 3801 493 3876 scriptum
517 3809 563 3858 eet
579 3802 666 3858 etiarn
689 3802 720 3858 in
734 3801 811 3878 Spir.
824 3801 890 3880 [B],
914 3820 973 3877 quo
994 3822 1102 3879 genere
1119 3803 1169 3860 Li·

87 3885 154 3942 vius
177 3885 241 3943 fere
264 3887 371 3958 utitur,
404 3905 442 3943 cn
466 3889 540 3962 quod
566 3887 728 3957 addiderit,
752 3889 899 3965 ambigam
934 3889 985 3944 sed
1007 3907 1170 3964 pronomen
1230 3961 1235 3969 Ι

88 3981 170 4028 tenet
192 3971 259 4028 Pal.
285 3975 299 4029 l
325 3982 354 4029 et
376 3973 562 4030 commendat
583 3973 676 4049 magis
699 3972 853 4032 Ciceronis
876 3974 1065 4031 consvetndo.

180 4057 297 4114 Tertium
314 4069 411 4128 οιιιοιιι,
434 4060 553 4116 omnibus
570 4069 618 4116 aot
632 4062 757 4116 morioris
775 4093 815 4100 —
827 4063 963 4134 furentem
980 4057 1080 4138 οἱυιιο)
1103 4061 1169 4117 Hoc

88 4151 147 4199 esti
181 4143 302 4201 tertium
330 4155 427 4201 autern
456 4145 615 4218 significari
649 4153 704 4202 cet.
748 4145 784 4202 ln
813 4145 1027 4202 recentioribus
1054 4144 1170 4220 aliquot

88 4227 269 4287 editionibus
291 4229 366 4288 male
389 4228 462 4284 baec
484 4229 526 4284 sic
543 4230 766 4288 continuantur:
789 4234 884 4302 uivere,
908 4233 956 4288 boc
977 4242 1080 4288 nonest
1102 4240 1167 4302 cet,

88 4313 138 4370 nbi
166 4333 223 4390 pro
245 4317 294 4371 boc
315 4313 418 4371 saltem
441 4315 472 4371 id
493 4313 648 4372 dicendum
672 4326 749 4389 erat,
778 4335 813 4373 ac
835 4327 933 4374 tamen
956 4316 1100 4374 hocloco
1123 4317 1168 4374 vi·

89 4399 164 4457 tione
188 4398 369 4470 abundaret3
390 4400 565 4458 obscuratur
587 4409 685 4458 autern
707 4401 739 4458 in
761 4400 1012 4460 illa'distinotione
1024 4403 1169 4477 primaria
