3034 5030
475 431 519 476 nu
542 428 623 476 nan.
645 429 707 475 nna
730 429 766 476 111
787 429 860 476 oar.
879 433 901 478 e,
1166 413 1229 478 375

156 619 219 683 qno
240 598 344 664 omnia
364 596 527 664 referenda
537 607 619 678 sunt,
640 596 863 664 honestetacta
875 598 1039 681 ipsumque
1055 597 1228 680 honestum,

227 809 249 852 l.
268 821 314 868 pue
332 819 381 854 om.
399 802 420 854 0
454 802 533 853 onnia
549 801 675 868 radenda
691 811 747 852 rant
764 802 823 862 (sert
841 801 875 860 E)
898 802 978 852 mab
1002 801 1147 869 [amram
1168 805 1229 869 rese·

154 871 232 923 mdo
248 881 302 922 nott
320 873 399 922 omaro
417 871 437 923 0
471 872 566 922 bonate
574 874 651 936 sotto
668 887 717 922 om.
736 871 781 925 Or.

154 1063 267 1140 petitus
289 1071 320 1119 et
340 1062 449 1120 amoris
476 1063 521 1120 sui
549 1063 737 1133 omittebant,
770 1061 821 1136 qni
854 1061 1036 1138 singulorum
1068 1063 1229 1120 commodis

155 1149 249 1206 vitam
274 1155 409 1206 recturus
430 1147 594 1206 videbatur.
644 1147 703 1208 Sed
731 1157 764 1204 nt
795 1147 869 1204 haec
895 1147 1100 1204 convenientia
1127 1166 1230 1206 nonna

155 1235 283 1309 quaedam
306 1231 471 1292 efficeretur
492 1243 522 1291 et
537 1243 697 1326 regeretur,
720 1233 900 1328 cogebantur
915 1241 1038 1290 naturae
1054 1233 1229 1292 convenien-

155 1318 385 1377 tiamadvocare
408 1303 730 1396 (ὁμολογεῖντῇφυσει,
749 1312 800 1394 ζῆν
812 1303 1229 1394 ipoloyovpesoccfioioer);
1329 1355 1332 1362 ·

156 1423 233 1480 qnae
255 1413 334 1462 esset
355 1413 454 1460 autem
475 1403 630 1461 universae
652 1412 775 1460 naturae
797 1402 846 1459 lex
863 1409 894 1458 et
904 1402 1072 1476 quomodo
1062 1421 1095 1460 1n
1106 1403 1229 1480 smguhs

155 1489 270 1548 naturis
291 1497 457 1566 appareret,
480 1497 638 1564 propterea
648 1487 797 1547 difficilius
809 1487 1015 1563 expediebant,
1038 1488 1117 1563 quod
1133 1488 1229 1562 initio,

155 1595 223 1634 cum
245 1575 282 1632 de
304 1575 350 1632 sui
371 1591 471 1632 amore
492 1573 643 1646 dicebant,
677 1574 803 1631 hominis
830 1581 965 1630 naturam
993 1573 1031 1630 ab
1059 1592 1094 1630 ea
1115 1583 1229 1631 tantum

154 1669 241 1738 parte
263 1667 440 1736 spectarent,
463 1677 539 1734 quae
561 1669 624 1718 tota
645 1660 676 1717 in
698 1677 730 1716 se
752 1675 894 1716 conversa
916 1668 1001 1715 esset
1045 1659 1150 1734 Itaque
1175 1677 1230 1718 nec

155 1746 248 1805 oflicii
269 1746 352 1804 notio
374 1745 412 1802 ab
434 1745 490 1802 hac
512 1745 625 1822 origine
647 1753 742 1803 tracte
763 1761 829 1802 cum
846 1761 960 1802 summa
980 1744 1033 1801 illa
1046 1745 1110 1822 lege
1132 1745 1229 1802 coale-

154 1833 257 1890 scebat
268 1839 299 1888 et
319 1831 349 1888 in
372 1831 441 1888 boni
463 1830 583 1888 notione
600 1829 745 1889 desideria
761 1839 883 1887 nomme
895 1829 1076 1904 singulorum
1088 1847 1119 1886 ee
1131 1841 1231 1907 spreta

154 1935 220 1974 esse
242 1915 419 1974 olunabant.
468 1915 528 1975 Sed
557 1915 661 1976 Cicero
678 1917 734 1987 hic,
762 1925 918 1992 postquam
945 1915 1132 1972 selectionem
1161 1933 1229 1974 con·

154 2011 283 2062 stantem
305 2012 557 2076 commotorumque
578 2011 691 2059 naturae
710 2000 881 2071 nominavit,
904 1998 1009 2057 deinde
1031 2009 1129 2058 tamen
1141 1999 1229 2060 Cato·

154 2107 223 2145 nem
252 2086 366 2145 inducit
392 2087 456 2144 sola
477 2085 530 2144 illa
552 2077 710 2162 ὁμολογίας
730 2085 850 2143 notione
872 2095 1017 2156 utentem
1047 2085 1084 2142 ad
1106 2085 1229 2144 alteram

153 2172 314 2232 formulam
335 2172 442 2230 transit
462 2176 477 2243 5
501 2172 551 2244 26,
574 2171 646 2228 haec
668 2189 726 2228 non
748 2180 924 2228 connectens
945 2179 997 2228 aut
1018 2171 1187 2228 concilians.

241 2260 316 2333 quod
336 2277 396 2316 cam
418 2289 459 2300 -
481 2276 541 2315 cum
562 2259 643 2330 r'pr'tar
664 2263 732 2327 cat)
767 2256 842 2315 Cum
864 2255 1071 2314 intervenisset
1097 2256 1229 2315 definitio

153 2343 281 2402 relativa
303 2343 450 2401 sententia
471 2342 681 2418 comprehensa
703 2339 744 2421 (in
766 2361 803 2412 co,
827 2341 922 2416 quud),
945 2341 1049 2400 Cicero
1066 2343 1229 2400 orationem

153 2429 321 2488 institutam
340 2429 383 2487 sic
404 2437 525 2486 revocat
546 2429 619 2506 (cam
640 2424 749 2502 ἱρέων),
778 2435 810 2484 ut
832 2427 920 2484 simul
942 2427 1111 2502 primariam
1133 2429 1229 2486 notio·

152 2534 222 2573 nem
244 2514 305 2571 alia
324 2511 421 2572 forma
442 2513 680 2591 comprehendet,
702 2531 762 2587 qua
782 2512 813 2570 in
832 2512 889 2569 line
912 2511 1076 2571 definiendo
1098 2513 1229 2571 ntisole·

153 2601 241 2658 bant:
264 2601 295 2657 id
315 2601 420 2682 ὼηιιηι,
443 2617 497 2674 quo
517 2602 605 2656 oemio
626 2600 769 2673 reserenda
790 2601 843 2655 sint
865 2594 937 2678 (vid.
950 2597 1023 2669 adI,
1038 2597 1101 2676 29).
1135 2597 1229 2657 Gaius

152 2704 223 2744 cum
250 2685 294 2743 sic
315 2684 576 2744 demonstrativum
609 2703 628 2741 a
653 2684 779 2741 relativo
806 2683 969 2740 divellisset
996 2694 1026 2740 et
1052 2684 1229 2741 sententiam

152 2770 344 2848 peremisset:
362 2773 479 2846 positam
490 2773 525 2828 sit
535 2774 563 2827 in
575 2789 604 2827 eo
615 2769 703 2846 (quod
713 2803 755 2812 —
763 2769 883 2844 placet}-
904 2789 963 2826 cum
986 2778 1051 2840 cet,
1078 2770 1228 2846 ascripsit:

155 2857 288 2928 „Mirum
310 2865 364 2926 est,
387 2855 466 2930 qnod
488 2856 596 2914 totiens
618 2855 808 2914 VV.DD.in
830 2855 998 2929 parenthesi
1016 2855 1229 2930 ponendacae-

151 2941 299 3000 cutiens*⁶
347 2942 443 3000 Omnia
465 2941 609 2998 editiones
631 2949 699 2998 ants
722 2938 839 3000 Gzinna
862 2940 998 2998 Lambini
1021 2950 1153 3016 excepta,
1177 2959 1229 2998 ex·

150 3037 250 3085 tremo
272 3027 338 3084 loco
359 3025 469 3084 habent
491 3028 538 3105 (nt
554 3025 602 3102 0).
636 3026 689 3084 Bis
710 3029 797 3082 omnio
818 3025 959 3082 Davisius
977 3035 1099 3083 annotat
1120 3025 1229 3083 habere

150 3111 233 3173 000
261 3111 424 3184 etMead.,
458 3111 722 3187 Oxx.1tt·,Gziue
744 3111 833 3168 etiarn
856 3110 934 3187 Spir.
956 3107 1010 3190 [B]
1033 3120 1062 3168 et
1084 3111 1228 3180 Vindob.;
1268 3099 1283 3116 ⁸

149 3215 246 3257 musa
267 3215 336 3254 mox
358 3197 521 3298 apparebit.

243 3283 348 3340 baare
362 3287 443 3358 sacto
464 3286 605 3359 ipsrrmw
621 3284 820 3340 borustum-
842 3283 1016 3378 eapetctdsnn
1038 3279 1090 3356 est)
1113 3281 1193 3338 Et·
1169 3299 1228 3338 sm·

146 3368 242 3448 gulae
259 3369 399 3426 honestae
411 3369 541 3426 actiones
563 3351 813 3446 (κατορθωματα,
837 3359 869 3422 αἱ
890 3356 952 3422 κατ’
976 3357 1082 3444 ἀρετὴν
1093 3350 1229 3446 aptista)

146 3454 338 3530 expetendae
360 3463 427 3512 sunt
448 3463 570 3530 propter
591 3471 622 3510 se
646 3451 726 3509 etin
749 3451 834 3509 bonis
856 3461 1047 3509 numerentur
1069 3451 1142 3530 (vid.
1160 3470 1230 3509 mox

146 3547 164 3611 ς
193 3537 235 3596 22
260 3547 290 3596 et
311 3539 362 3612 55,
385 3539 468 3599 Sext
490 3539 603 3615 Empir.
626 3537 692 3594 adv.
716 3537 857 3594 Mathem.
879 3537 937 3608 XI,
956 3539 1005 3608 26,
1029 3537 1228 3615 Diog.Laert.

144 3625 227 3696 VH,
252 3623 306 3700 94)
328 3633 358 3682 et
378 3625 475 3701 ipsum
497 3625 746 3693 illudhonestum,
770 3623 833 3679 sine
855 3640 914 3697 quo
931 3623 1000 3680 illae
1016 3641 1075 3680 non
1091 3631 1168 3694 sunt,
1191 3641 1229 3680 ex

146 3729 215 3788 quo
237 3717 387 3785 tamquam
408 3709 491 3768 fonte
513 3711 647 3768 oriuntur
674 3717 704 3766 et
732 3708 763 3765 in
786 3708 866 3784 qnod
887 3717 1037 3784 tamquam
1059 3718 1147 3785 caput
1169 3708 1229 3765 col·

144 3798 294 3874 liguntnr.
327 3796 443 3870 Itaque,
466 3813 532 3853 cum
554 3796 626 3854 haec
643 3795 758 3852 honesti
769 3793 851 3852 notio
863 3795 1055 3870 praecelleret
1066 3803 1096 3851 et
1106 3793 1229 3851 honeste

143 3883 234 3944 facta
256 3881 513 3958 complecteretur,
541 3881 647 3941 Cicero
668 3897 727 3938 non
749 3881 844 3938 solum
866 3880 904 3937 ed
926 3882 1028 3938 bonesti
1048 3897 1153 3937 nomen
1176 3897 1228 3954 po·

144 3966 278 4029 steriore
305 3966 369 4026 loco
391 3967 519 4044 positum
542 3964 683 4043 singulari
705 3985 827 4025 numero
852 3966 975 4023 verbnm
996 3963 1230 4022 accommodavit

144 4053 256 4134 (orimi-
277 4085 318 4094 -
340 4055 514 4129 etpetendum
535 4050 597 4128 est),
631 4051 683 4109 sed
709 4052 813 4124 etiam,
847 4070 913 4109 cum
935 4051 1016 4109 illam
1039 4049 1229 4108 sententiam:

143 4157 320 4218 qsmmquom
346 4171 389 4180 -
416 4141 502 4196 oritur
528 4137 765 4214 interposuisset,
800 4145 867 4214 post
893 4147 980 4194 tamen
1008 4155 1045 4194 ex
1068 4136 1229 4193 abundanti

144 4223 269 4284 addidit
278 4227 316 4295 id,
327 4233 361 4282 ut
372 4243 437 4282 eam
449 4224 598 4282 notionem
610 4223 734 4300 legentis
745 4224 844 4281 animo
856 4223 985 4281 obiceret
993 4222 1065 4299 (vid.
1072 4222 1111 4279 ad
1118 4223 1156 4294 V,
1165 4222 1228 4298 22).

144 4309 215 4372 Sed
237 4309 365 4368 editores
392 4319 422 4367 et
442 4310 502 4367 iam
524 4319 592 4367 ante
614 4309 727 4367 librarii
750 4310 823 4367 mira
845 4318 1033 4379 erraverunt3
1067 4327 1134 4366 nam
1162 4325 1229 4364 cum

143 4413 213 4456 non
235 4395 515 4468 animadverterent,
549 4394 692 4472 apodosin
715 4395 845 4472 incipere
867 4415 886 4453 a
907 4394 1006 4452 verbis
1028 4395 1133 4452 honeste
1148 4396 1229 4468 scoto
