<?xml version="1.0" encoding="UTF-8"?>
<!DOCTYPE html PUBLIC "-//W3C//DTD XHTML 1.0 Transitional//EN"
    "http://www.w3.org/TR/xhtml1/DTD/xhtml1-transitional.dtd">
<html xmlns="http://www.w3.org/1999/xhtml" xml:lang="en" lang="en">
 <head>
  <title>
</title>
<meta http-equiv="Content-Type" content="text/html;charset=utf-8" />
  <meta name='ocr-system' content='tesseract 3.04.00' />
  <meta name='ocr-capabilities' content='ocr_page ocr_carea ocr_par ocr_line ocrx_word'/>
</head>
<body>
  <div class='ocr_page' id='page_1' title='image "./definibusbonoru04cicegoog_0663.png"; bbox 0 0 3000 5044; ppageno 0'>
   <div class='ocr_carea' id='block_1_1' title="bbox 417 415 1184 480">
    <p class='ocr_par' dir='ltr' id='par_1_1' title="bbox 417 415 1184 480">
     <span class='ocr_line' id='line_1_1' title="bbox 417 415 1184 480; baseline 0.005 -4"><span class='ocrx_word' id='word_1_1' title='bbox 417 431 461 477; x_wconf 87' lang='lat' dir='ltr'><strong>nr</strong></span> <span class='ocrx_word' id='word_1_2' title='bbox 485 429 565 478; x_wconf 76' lang='lat' dir='ltr'><strong>man.</strong></span> <span class='ocrx_word' id='word_1_3' title='bbox 578 430 641 477; x_wconf 86' lang='lat' dir='ltr'><strong>ms.</strong></span> <span class='ocrx_word' id='word_1_4' title='bbox 659 431 694 478; x_wconf 79' lang='grc' dir='ltr'><strong>ιι</strong></span> <span class='ocrx_word' id='word_1_5' title='bbox 716 431 789 479; x_wconf 82' lang='lat' dir='ltr'><strong>cnr.</strong></span> <span class='ocrx_word' id='word_1_6' title='bbox 811 435 852 480; x_wconf 79' lang='lat' dir='ltr'><strong>ss.</strong></span> <span class='ocrx_word' id='word_1_7' title='bbox 1122 415 1184 480; x_wconf 80' lang='lat'><strong>587</strong></span> 
     </span>
    </p>
   </div>
   <div class='ocr_carea' id='block_1_2' title="bbox 105 599 1241 1192">
    <p class='ocr_par' dir='ltr' id='par_1_2' title="bbox 105 599 1241 1192">
     <span class='ocr_line' id='line_1_2' title="bbox 108 599 1186 683; baseline 0 -17"><span class='ocrx_word' id='word_1_8' title='bbox 108 605 232 666; x_wconf 89' lang='lat' dir='ltr'><strong>nestum</strong></span> <span class='ocrx_word' id='word_1_9' title='bbox 258 603 291 665; x_wconf 92' lang='lat' dir='ltr'><strong>et</strong></span> <span class='ocrx_word' id='word_1_10' title='bbox 312 603 404 680; x_wconf 82' lang='lat' dir='ltr'>turpe</span> <span class='ocrx_word' id='word_1_11' title='bbox 425 599 553 665; x_wconf 91' lang='lat' dir='ltr'><strong>nimium</strong></span> <span class='ocrx_word' id='word_1_12' title='bbox 575 609 739 682; x_wconf 89' lang='lat' dir='ltr'><strong>quantum,</strong></span> <span class='ocrx_word' id='word_1_13' title='bbox 767 600 871 666; x_wconf 86' lang='lat' dir='ltr'><strong>nescio</strong></span> <span class='ocrx_word' id='word_1_14' title='bbox 899 601 975 683; x_wconf 91' lang='lat' dir='ltr'><strong>qnid</strong></span> <span class='ocrx_word' id='word_1_15' title='bbox 996 601 1186 680; x_wconf 85' lang='lat' dir='ltr'><strong>immensum,</strong></span> 
     </span>
     <span class='ocr_line' id='line_1_3' title="bbox 106 701 1185 782; baseline 0 -14"><span class='ocrx_word' id='word_1_16' title='bbox 106 703 191 769; x_wconf 87' lang='lat' dir='ltr'><strong>inter</strong></span> <span class='ocrx_word' id='word_1_17' title='bbox 211 707 332 768; x_wconf 83' lang='lat' dir='ltr'><strong>ceteras</strong></span> <span class='ocrx_word' id='word_1_18' title='bbox 355 719 407 767; x_wconf 90' lang='lat' dir='ltr'><strong>res</strong></span> <span class='ocrx_word' id='word_1_19' title='bbox 428 701 505 768; x_wconf 83' lang='lat' dir='ltr'>nihil</span> <span class='ocrx_word' id='word_1_20' title='bbox 528 702 651 768; x_wconf 92' lang='lat' dir='ltr'><strong>omnino</strong></span> <span class='ocrx_word' id='word_1_21' title='bbox 673 702 835 768; x_wconf 76' lang='lat' dir='ltr'><strong>interesse.</strong></span> <span class='ocrx_word' id='word_1_22' title='bbox 878 705 929 768; x_wconf 85' lang='grc'><strong>11.</strong></span> <span class='ocrx_word' id='word_1_23' title='bbox 958 704 1046 770; x_wconf 86' lang='lat' dir='ltr'><strong>Idem</strong></span> <span class='ocrx_word' id='word_1_24' title='bbox 1067 703 1185 782; x_wconf 89' lang='lat' dir='ltr'><strong>adhuc;</strong></span> 
     </span>
     <span class='ocr_line' id='line_1_4' title="bbox 107 803 1185 886; baseline -0.001 -16"><span class='ocrx_word' id='word_1_25' title='bbox 107 805 183 870; x_wconf 92' lang='lat' dir='ltr'><strong>audi</strong></span> <span class='ocrx_word' id='word_1_26' title='bbox 205 803 339 886; x_wconf 86' lang='lat' dir='ltr'><strong>reliqua,</strong></span> <span class='ocrx_word' id='word_1_27' title='bbox 368 811 400 870; x_wconf 92' lang='lat' dir='ltr'><strong>et</strong></span> <span class='ocrx_word' id='word_1_28' title='bbox 421 803 519 869; x_wconf 91' lang='lat' dir='ltr'><strong>risum</strong></span> <span class='ocrx_word' id='word_1_29' title='bbox 540 805 677 884; x_wconf 85' lang='lat' dir='ltr'><strong>contine,</strong></span> <span class='ocrx_word' id='word_1_30' title='bbox 710 805 737 870; x_wconf 92' lang='lat' dir='ltr'><strong>si</strong></span> <span class='ocrx_word' id='word_1_31' title='bbox 764 811 862 886; x_wconf 78' lang='lat' dir='ltr'><strong>potes.</strong></span> <span class='ocrx_word' id='word_1_32' title='bbox 907 804 1010 872; x_wconf 86' lang='lat' dir='ltr'><strong>Media</strong></span> <span class='ocrx_word' id='word_1_33' title='bbox 1036 804 1103 884; x_wconf 84' lang='lat' dir='ltr'><strong>illa,</strong></span> <span class='ocrx_word' id='word_1_34' title='bbox 1136 805 1185 870; x_wconf 93' lang='lat' dir='ltr'><strong>in-</strong></span> 
     </span>
     <span class='ocr_line' id='line_1_5' title="bbox 107 907 1186 990; baseline 0 -18"><span class='ocrx_word' id='word_1_35' title='bbox 107 907 191 990; x_wconf 88' lang='lat' dir='ltr'><strong>quit,</strong></span> <span class='ocrx_word' id='word_1_36' title='bbox 225 907 308 972; x_wconf 88' lang='lat' dir='ltr'><strong>inter</strong></span> <span class='ocrx_word' id='word_1_37' title='bbox 335 925 415 989; x_wconf 88' lang='lat' dir='ltr'><strong>quae</strong></span> <span class='ocrx_word' id='word_1_38' title='bbox 444 907 519 972; x_wconf 86' lang='lat' dir='ltr'>nihil</span> <span class='ocrx_word' id='word_1_39' title='bbox 546 907 694 987; x_wconf 87' lang='lat' dir='ltr'><strong>interest,</strong></span> <span class='ocrx_word' id='word_1_40' title='bbox 727 913 831 974; x_wconf 87' lang='lat' dir='ltr'><strong>tamen</strong></span> <span class='ocrx_word' id='word_1_41' title='bbox 858 907 1009 974; x_wconf 90' lang='lat' dir='ltr'><strong>eiusmodi</strong></span> <span class='ocrx_word' id='word_1_42' title='bbox 1030 913 1117 986; x_wconf 88' lang='lat' dir='ltr'><strong>sunt,</strong></span> <span class='ocrx_word' id='word_1_43' title='bbox 1150 915 1186 973; x_wconf 88' lang='lat' dir='ltr'><strong>ut</strong></span> 
     </span>
     <span class='ocr_line' id='line_1_6' title="bbox 106 1008 1241 1092; baseline 0 -16"><span class='ocrx_word' id='word_1_44' title='bbox 106 1027 216 1076; x_wconf 89' lang='lat' dir='ltr'><strong>eorum</strong></span> <span class='ocrx_word' id='word_1_45' title='bbox 238 1008 300 1074; x_wconf 86' lang='lat' dir='ltr'><strong>alia</strong></span> <span class='ocrx_word' id='word_1_46' title='bbox 322 1009 463 1092; x_wconf 79' lang='lat' dir='ltr'><strong>eligenda</strong></span> <span class='ocrx_word' id='word_1_47' title='bbox 485 1009 557 1088; x_wconf 90' lang='lat' dir='ltr'><strong>sint,</strong></span> <span class='ocrx_word' id='word_1_48' title='bbox 580 1011 642 1075; x_wconf 88' lang='lat' dir='ltr'><strong>alia</strong></span> <span class='ocrx_word' id='word_1_49' title='bbox 665 1009 828 1089; x_wconf 86' lang='lat' dir='ltr'><strong>reicienda,</strong></span> <span class='ocrx_word' id='word_1_50' title='bbox 851 1010 912 1076; x_wconf 84' lang='lat' dir='ltr'><strong>alia</strong></span> <span class='ocrx_word' id='word_1_51' title='bbox 933 1011 1057 1076; x_wconf 89' lang='lat' dir='ltr'><strong>ommno</strong></span> <span class='ocrx_word' id='word_1_52' title='bbox 1079 1009 1184 1092; x_wconf 81' lang='lat' dir='ltr'><strong>negle·</strong></span> <span class='ocrx_word' id='word_1_53' title='bbox 1202 1017 1241 1083; x_wconf 87' lang='lat'><strong>5.</strong></span> 
     </span>
     <span class='ocr_line' id='line_1_7' title="bbox 105 1111 1183 1192; baseline 0.001 -16"><span class='ocrx_word' id='word_1_54' title='bbox 105 1112 218 1192; x_wconf 78' lang='lat' dir='ltr'><strong>ganda,</strong></span> <span class='ocrx_word' id='word_1_55' title='bbox 241 1112 300 1178; x_wconf 91' lang='lat' dir='ltr'><strong>hoc</strong></span> <span class='ocrx_word' id='word_1_56' title='bbox 320 1119 378 1190; x_wconf 81' lang='lat' dir='ltr'><strong>est,</strong></span> <span class='ocrx_word' id='word_1_57' title='bbox 400 1119 436 1176; x_wconf 90' lang='lat' dir='ltr'><strong>ut</strong></span> <span class='ocrx_word' id='word_1_58' title='bbox 457 1112 735 1192; x_wconf 85' lang='lat' dir='ltr'><strong>eorumaliavelis‚</strong></span> <span class='ocrx_word' id='word_1_59' title='bbox 757 1111 917 1190; x_wconf 81' lang='lat' dir='ltr'><strong>uianolis,</strong></span> <span class='ocrx_word' id='word_1_60' title='bbox 939 1111 1183 1178; x_wconf 89' lang='lat' dir='ltr'><strong>alianoncures.</strong></span> 
     </span>
    </p>
   </div>
   <div class='ocr_carea' id='block_1_3' title="bbox 105 1315 1183 1434">
    <p class='ocr_par' dir='ltr' id='par_1_3' title="bbox 105 1315 1183 1434">
     <span class='ocr_line' id='line_1_8' title="bbox 174 1315 1183 1434; baseline 0 -69"><span class='ocrx_word' id='word_1_61' title='bbox 174 1321 200 1434; x_wconf 58' lang='lat' dir='ltr'><strong>ll&#39;.</strong></span> <span class='ocrx_word' id='word_1_62' title='bbox 220 1315 294 1382; x_wconf 80' lang='lat' dir='ltr'><strong>[qaod</strong></span> <span class='ocrx_word' id='word_1_63' title='bbox 309 1317 436 1366; x_wconf 67' lang='lat' dir='ltr'><strong>inmensam</strong></span> <span class='ocrx_word' id='word_1_64' title='bbox 453 1317 485 1366; x_wconf 80' lang='lat' dir='ltr'><strong>rit</strong></span> <span class='ocrx_word' id='word_1_65' title='bbox 502 1316 562 1367; x_wconf 80' lang='lat' dir='ltr'><strong>inter</strong></span> <span class='ocrx_word' id='word_1_66' title='bbox 580 1315 627 1384; x_wconf 79' lang='lat' dir='ltr'><strong>sn]</strong></span> <span class='ocrx_word' id='word_1_67' title='bbox 690 1321 712 1367; x_wconf 77' lang='lat'><strong>2.</strong></span> <span class='ocrx_word' id='word_1_68' title='bbox 732 1316 758 1367; x_wconf 89' lang='lat' dir='ltr'><strong>id</strong></span> <span class='ocrx_word' id='word_1_69' title='bbox 775 1325 809 1366; x_wconf 83' lang='lat' dir='ltr'><strong>cst</strong></span> <span class='ocrx_word' id='word_1_70' title='bbox 826 1319 883 1382; x_wconf 90' lang='lat' dir='ltr'><strong>(pro</strong></span> <span class='ocrx_word' id='word_1_71' title='bbox 901 1317 1012 1378; x_wconf 77' lang='lat' dir='ltr'><strong>idemtll</strong></span> <span class='ocrx_word' id='word_1_72' title='bbox 1069 1322 1092 1368; x_wconf 79' lang='lat'><strong>8.</strong></span> <span class='ocrx_word' id='word_1_73' title='bbox 1111 1317 1183 1366; x_wconf 75' lang='grc' dir='ltr'>ηἰιιιιι</span> 
     </span>
     <span class='ocr_line' id='line_1_9' title="bbox 105 1399 156 1434; baseline 0 0"><span class='ocrx_word' id='word_1_74' title='bbox 105 1399 156 1434; x_wconf 88' lang='lat' dir='ltr'><strong>om.</strong></span> 
     </span>
    </p>
   </div>
   <div class='ocr_carea' id='block_1_4' title="bbox 98 1576 1213 4398">
    <p class='ocr_par' dir='ltr' id='par_1_4' title="bbox 104 1576 1182 2255">
     <span class='ocr_line' id='line_1_10' title="bbox 106 1576 1181 1650; baseline -0.002 -16"><span class='ocrx_word' id='word_1_75' title='bbox 106 1597 136 1634; x_wconf 83' lang='lat' dir='ltr'><strong>se</strong></span> <span class='ocrx_word' id='word_1_76' title='bbox 148 1576 278 1650; x_wconf 88' lang='lat' dir='ltr'><strong>(contra)</strong></span> <span class='ocrx_word' id='word_1_77' title='bbox 290 1578 385 1646; x_wconf 83' lang='lat' dir='ltr'><strong>dicere,</strong></span> <span class='ocrx_word' id='word_1_78' title='bbox 397 1579 466 1633; x_wconf 79' lang='lat' dir='ltr'><strong>inter</strong></span> <span class='ocrx_word' id='word_1_79' title='bbox 477 1588 542 1644; x_wconf 73' lang='lat' dir='ltr'><strong>cet,</strong></span> <span class='ocrx_word' id='word_1_80' title='bbox 560 1577 692 1634; x_wconf 85' lang='lat' dir='ltr'><strong>videram</strong></span> <span class='ocrx_word' id='word_1_81' title='bbox 702 1577 774 1635; x_wconf 91' lang='lat' dir='ltr'><strong>olim</strong></span> <span class='ocrx_word' id='word_1_82' title='bbox 786 1595 840 1634; x_wconf 90' lang='lat' dir='ltr'><strong>nec</strong></span> <span class='ocrx_word' id='word_1_83' title='bbox 851 1587 949 1634; x_wconf 87' lang='lat' dir='ltr'><strong>tamen</strong></span> <span class='ocrx_word' id='word_1_84' title='bbox 961 1587 1078 1636; x_wconf 87' lang='lat' dir='ltr'><strong>secutus</strong></span> <span class='ocrx_word' id='word_1_85' title='bbox 1090 1595 1181 1647; x_wconf 88' lang='lat' dir='ltr'><strong>eram,</strong></span> 
     </span>
     <span class='ocr_line' id='line_1_11' title="bbox 106 1661 1182 1740; baseline 0 -22"><span class='ocrx_word' id='word_1_86' title='bbox 106 1661 163 1719; x_wconf 89' lang='lat' dir='ltr'><strong>etsi</strong></span> <span class='ocrx_word' id='word_1_87' title='bbox 185 1671 214 1718; x_wconf 90' lang='grc'><strong>11</strong></span> <span class='ocrx_word' id='word_1_88' title='bbox 236 1663 344 1736; x_wconf 78' lang='lat' dir='ltr'><strong>differre</strong></span> <span class='ocrx_word' id='word_1_89' title='bbox 365 1661 515 1720; x_wconf 88' lang='lat' dir='ltr'><strong>abundare</strong></span> <span class='ocrx_word' id='word_1_90' title='bbox 532 1662 749 1739; x_wconf 80' lang='lat' dir='ltr'><strong>intellegebam,</strong></span> <span class='ocrx_word' id='word_1_91' title='bbox 772 1665 862 1720; x_wconf 84' lang='lat' dir='ltr'><strong>etsed</strong></span> <span class='ocrx_word' id='word_1_92' title='bbox 878 1681 999 1738; x_wconf 89' lang='lat' dir='ltr'><strong>prorsus</strong></span> <span class='ocrx_word' id='word_1_93' title='bbox 1011 1681 1101 1740; x_wconf 89' lang='lat' dir='ltr'><strong>prave</strong></span> <span class='ocrx_word' id='word_1_94' title='bbox 1113 1663 1182 1739; x_wconf 91' lang='lat' dir='ltr'><strong>poni</strong></span> 
     </span>
     <span class='ocr_line' id='line_1_12' title="bbox 104 1747 1182 1822; baseline 0 -18"><span class='ocrx_word' id='word_1_95' title='bbox 104 1748 137 1804; x_wconf 93' lang='lat' dir='ltr'><strong>in</strong></span> <span class='ocrx_word' id='word_1_96' title='bbox 159 1747 365 1806; x_wconf 89' lang='lat' dir='ltr'><strong>coniunctione</strong></span> <span class='ocrx_word' id='word_1_97' title='bbox 391 1747 629 1822; x_wconf 83' lang='lat' dir='ltr'><strong>reprehensionis</strong></span> <span class='ocrx_word' id='word_1_98' title='bbox 656 1747 781 1806; x_wconf 87' lang='lat' dir='ltr'><strong>aliorum</strong></span> <span class='ocrx_word' id='word_1_99' title='bbox 804 1757 834 1806; x_wconf 90' lang='lat' dir='ltr'><strong>et</strong></span> <span class='ocrx_word' id='word_1_100' title='bbox 855 1766 925 1806; x_wconf 89' lang='lat' dir='ltr'><strong>suae</strong></span> <span class='ocrx_word' id='word_1_101' title='bbox 948 1748 1110 1806; x_wconf 87' lang='lat' dir='ltr'><strong>sententiae</strong></span> <span class='ocrx_word' id='word_1_102' title='bbox 1133 1749 1182 1805; x_wconf 91' lang='lat' dir='ltr'><strong>de-</strong></span> 
     </span>
     <span class='ocr_line' id='line_1_13' title="bbox 106 1833 1182 1910; baseline 0 -20"><span class='ocrx_word' id='word_1_103' title='bbox 106 1833 277 1890; x_wconf 88' lang='lat' dir='ltr'><strong>clarationis</strong></span> <span class='ocrx_word' id='word_1_104' title='bbox 305 1833 476 1908; x_wconf 78' lang='lat' dir='ltr'><strong>apparebat.</strong></span> <span class='ocrx_word' id='word_1_105' title='bbox 530 1833 631 1891; x_wconf 91' lang='lat' dir='ltr'><strong>Minus</strong></span> <span class='ocrx_word' id='word_1_106' title='bbox 659 1833 809 1910; x_wconf 80' lang='lat' dir='ltr'><strong>eleganter</strong></span> <span class='ocrx_word' id='word_1_107' title='bbox 836 1833 927 1891; x_wconf 86' lang='lat' dir='ltr'><strong>verbo</strong></span> <span class='ocrx_word' id='word_1_108' title='bbox 953 1836 1018 1892; x_wconf 72' lang='lat' dir='ltr'><strong>dicit</strong></span> <span class='ocrx_word' id='word_1_109' title='bbox 1045 1834 1182 1910; x_wconf 83' lang='lat' dir='ltr'><strong>subiungi</strong></span> 
     </span>
     <span class='ocr_line' id='line_1_14' title="bbox 106 1914 1182 1998; baseline 0 -22"><span class='ocrx_word' id='word_1_110' title='bbox 106 1917 172 1995; x_wconf 87' lang='lat' dir='ltr'><strong>(sed</strong></span> <span class='ocrx_word' id='word_1_111' title='bbox 195 1918 224 1975; x_wconf 92' lang='lat' dir='ltr'><strong>in</strong></span> <span class='ocrx_word' id='word_1_112' title='bbox 246 1917 340 1975; x_wconf 88' lang='lat' dir='ltr'><strong>altero</strong></span> <span class='ocrx_word' id='word_1_113' title='bbox 363 1914 509 1998; x_wconf 90' lang='lat' dir='ltr'><strong>membro)</strong></span> <span class='ocrx_word' id='word_1_114' title='bbox 531 1920 677 1990; x_wconf 76' lang='lat' dir='ltr'><strong>aedicere,</strong></span> <span class='ocrx_word' id='word_1_115' title='bbox 701 1919 730 1976; x_wconf 94' lang='lat' dir='ltr'><strong>in</strong></span> <span class='ocrx_word' id='word_1_116' title='bbox 754 1919 809 1977; x_wconf 91' lang='lat' dir='ltr'><strong>hoc</strong></span> <span class='ocrx_word' id='word_1_117' title='bbox 837 1938 925 1995; x_wconf 88' lang='lat' dir='ltr'><strong>opere</strong></span> <span class='ocrx_word' id='word_1_118' title='bbox 953 1917 1105 1978; x_wconf 83' lang='lat' dir='ltr'><strong>ferendum</strong></span> <span class='ocrx_word' id='word_1_119' title='bbox 1129 1929 1182 1976; x_wconf 87' lang='lat' dir='ltr'><strong>est.</strong></span> 
     </span>
     <span class='ocr_line' id='line_1_15' title="bbox 106 2002 1181 2080; baseline 0 -18"><span class='ocrx_word' id='word_1_120' title='bbox 106 2003 259 2080; x_wconf 86' lang='lat' dir='ltr'><strong>Inceptsm</strong></span> <span class='ocrx_word' id='word_1_121' title='bbox 287 2002 408 2078; x_wconf 91' lang='lat' dir='ltr'><strong>obliqua</strong></span> <span class='ocrx_word' id='word_1_122' title='bbox 434 2004 567 2062; x_wconf 88' lang='lat' dir='ltr'><strong>oratione</strong></span> <span class='ocrx_word' id='word_1_123' title='bbox 596 2005 724 2062; x_wconf 84' lang='lat' dir='ltr'><strong>Zenonis</strong></span> <span class='ocrx_word' id='word_1_124' title='bbox 762 2005 926 2062; x_wconf 86' lang='lat' dir='ltr'><strong>sententiae</strong></span> <span class='ocrx_word' id='word_1_125' title='bbox 953 2004 1181 2063; x_wconf 79' lang='lat' dir='ltr'><strong>declarationem</strong></span> 
     </span>
     <span class='ocr_line' id='line_1_16' title="bbox 106 2089 1181 2166; baseline -0.003 -16"><span class='ocrx_word' id='word_1_126' title='bbox 106 2089 211 2150; x_wconf 86' lang='lat' dir='ltr'><strong>Cicero</strong></span> <span class='ocrx_word' id='word_1_127' title='bbox 233 2089 396 2165; x_wconf 88' lang='lat' dir='ltr'><strong>abrumpit,</strong></span> <span class='ocrx_word' id='word_1_128' title='bbox 431 2107 519 2164; x_wconf 90' lang='lat' dir='ltr'><strong>quam</strong></span> <span class='ocrx_word' id='word_1_129' title='bbox 548 2108 606 2148; x_wconf 92' lang='lat' dir='ltr'><strong>non</strong></span> <span class='ocrx_word' id='word_1_130' title='bbox 636 2099 833 2148; x_wconf 88' lang='lat' dir='ltr'><strong>consentanea</strong></span> <span class='ocrx_word' id='word_1_131' title='bbox 860 2099 1035 2166; x_wconf 87' lang='lat' dir='ltr'><strong>sequantur,</strong></span> <span class='ocrx_word' id='word_1_132' title='bbox 1069 2091 1181 2148; x_wconf 88' lang='lat' dir='ltr'><strong>attendi</strong></span> 
     </span>
     <span class='ocr_line' id='line_1_17' title="bbox 105 2174 1090 2255; baseline 0.001 -22"><span class='ocrx_word' id='word_1_133' title='bbox 105 2175 220 2246; x_wconf 89' lang='lat' dir='ltr'><strong>iubens,</strong></span> <span class='ocrx_word' id='word_1_134' title='bbox 242 2174 348 2232; x_wconf 90' lang='lat' dir='ltr'><strong>deinde</strong></span> <span class='ocrx_word' id='word_1_135' title='bbox 371 2185 451 2232; x_wconf 88' lang='lat' dir='ltr'><strong>recta</strong></span> <span class='ocrx_word' id='word_1_136' title='bbox 474 2175 608 2233; x_wconf 88' lang='lat' dir='ltr'><strong>oratione</strong></span> <span class='ocrx_word' id='word_1_137' title='bbox 630 2184 760 2234; x_wconf 90' lang='lat' dir='ltr'><strong>utentem</strong></span> <span class='ocrx_word' id='word_1_138' title='bbox 783 2177 933 2234; x_wconf 87' lang='lat' dir='ltr'><strong>Zenonem</strong></span> <span class='ocrx_word' id='word_1_139' title='bbox 955 2175 1090 2255; x_wconf 78' lang='lat' dir='ltr'><strong>inducit]</strong></span> 
     </span>
    </p>

    <p class='ocr_par' dir='ltr' id='par_1_5' title="bbox 105 2259 1181 2598">
     <span class='ocr_line' id='line_1_18' title="bbox 191 2259 1181 2339; baseline 0.001 -22"><span class='ocrx_word' id='word_1_140' title='bbox 191 2263 276 2318; x_wconf 78' lang='grc'>111111</span> <span class='ocrx_word' id='word_1_141' title='bbox 299 2262 367 2334; x_wconf 83' lang='lat' dir='ltr'><strong>quid</strong></span> <span class='ocrx_word' id='word_1_142' title='bbox 387 2259 555 2338; x_wconf 71' lang='lat' dir='ltr'><strong>immensum)</strong></span> <span class='ocrx_word' id='word_1_143' title='bbox 578 2261 752 2320; x_wconf 84' lang='lat' dir='ltr'><strong>Rectissime</strong></span> <span class='ocrx_word' id='word_1_144' title='bbox 774 2262 830 2320; x_wconf 87' lang='lat' dir='ltr'><strong>hoo</strong></span> <span class='ocrx_word' id='word_1_145' title='bbox 851 2261 882 2319; x_wconf 88' lang='lat' dir='ltr'><strong>in</strong></span> <span class='ocrx_word' id='word_1_146' title='bbox 904 2263 1037 2319; x_wconf 86' lang='lat' dir='ltr'><strong>oratione</strong></span> <span class='ocrx_word' id='word_1_147' title='bbox 1054 2280 1181 2339; x_wconf 81' lang='lat' dir='ltr'><strong>exagge-</strong></span> 
     </span>
     <span class='ocr_line' id='line_1_19' title="bbox 105 2346 1181 2426; baseline -0.001 -22"><span class='ocrx_word' id='word_1_148' title='bbox 105 2347 198 2404; x_wconf 86' lang='lat' dir='ltr'><strong>randa</strong></span> <span class='ocrx_word' id='word_1_149' title='bbox 210 2346 301 2422; x_wconf 91' lang='lat' dir='ltr'><strong>priori</strong></span> <span class='ocrx_word' id='word_1_150' title='bbox 313 2346 529 2422; x_wconf 77' lang='lat' dir='ltr'><strong>superadditur,</strong></span> <span class='ocrx_word' id='word_1_151' title='bbox 553 2365 607 2404; x_wconf 91' lang='lat' dir='ltr'><strong>nec</strong></span> <span class='ocrx_word' id='word_1_152' title='bbox 619 2357 690 2418; x_wconf 81' lang='lat' dir='ltr'><strong>erat,</strong></span> <span class='ocrx_word' id='word_1_153' title='bbox 714 2365 767 2404; x_wconf 91' lang='lat' dir='ltr'><strong>cur</strong></span> <span class='ocrx_word' id='word_1_154' title='bbox 784 2349 817 2406; x_wconf 89' lang='lat' dir='ltr'><strong>L.</strong></span> <span class='ocrx_word' id='word_1_155' title='bbox 830 2347 934 2407; x_wconf 89' lang='lat' dir='ltr'><strong>Carrio</strong></span> <span class='ocrx_word' id='word_1_156' title='bbox 957 2347 1074 2426; x_wconf 80' lang='lat' dir='ltr'><strong>(Antiq.</strong></span> <span class='ocrx_word' id='word_1_157' title='bbox 1087 2348 1181 2406; x_wconf 88' lang='lat' dir='ltr'><strong>Lectt.</strong></span> 
     </span>
     <span class='ocr_line' id='line_1_20' title="bbox 105 2429 1181 2511; baseline -0.001 -21"><span class='ocrx_word' id='word_1_158' title='bbox 105 2432 147 2502; x_wconf 84' lang='lat'><strong>11,</strong></span> <span class='ocrx_word' id='word_1_159' title='bbox 164 2429 216 2508; x_wconf 78' lang='lat'><strong>12)</strong></span> <span class='ocrx_word' id='word_1_160' title='bbox 238 2431 498 2503; x_wconf 85' lang='lat' dir='ltr'><strong>sublatumvellet,</strong></span> <span class='ocrx_word' id='word_1_161' title='bbox 521 2451 539 2489; x_wconf 87' lang='lat' dir='ltr'><strong>a</strong></span> <span class='ocrx_word' id='word_1_162' title='bbox 561 2451 614 2490; x_wconf 92' lang='lat' dir='ltr'><strong>suo</strong></span> <span class='ocrx_word' id='word_1_163' title='bbox 638 2432 738 2490; x_wconf 90' lang='lat' dir='ltr'><strong>codice</strong></span> <span class='ocrx_word' id='word_1_164' title='bbox 760 2433 863 2491; x_wconf 89' lang='lat' dir='ltr'><strong>abesse</strong></span> <span class='ocrx_word' id='word_1_165' title='bbox 876 2442 995 2491; x_wconf 84' lang='lat' dir='ltr'><strong>testans.</strong></span> <span class='ocrx_word' id='word_1_166' title='bbox 1024 2431 1083 2511; x_wconf 83' lang='lat' dir='ltr'><strong>[Sit</strong></span> <span class='ocrx_word' id='word_1_167' title='bbox 1099 2433 1181 2490; x_wconf 83' lang='lat' dir='ltr'><strong>addit</strong></span> 
     </span>
     <span class='ocr_line' id='line_1_21' title="bbox 105 2513 1041 2598; baseline 0.002 -24"><span class='ocrx_word' id='word_1_168' title='bbox 105 2518 195 2575; x_wconf 89' lang='lat' dir='ltr'><strong>etiam</strong></span> <span class='ocrx_word' id='word_1_169' title='bbox 218 2517 264 2588; x_wconf 74' lang='lat' dir='ltr'><strong>B,</strong></span> <span class='ocrx_word' id='word_1_170' title='bbox 277 2525 375 2574; x_wconf 86' lang='lat' dir='ltr'><strong>ortum</strong></span> <span class='ocrx_word' id='word_1_171' title='bbox 397 2535 435 2574; x_wconf 86' lang='lat' dir='ltr'><strong>ex</strong></span> <span class='ocrx_word' id='word_1_172' title='bbox 456 2518 641 2595; x_wconf 81' lang='lat' dir='ltr'><strong>ignoratione</strong></span> <span class='ocrx_word' id='word_1_173' title='bbox 664 2518 821 2576; x_wconf 90' lang='lat' dir='ltr'><strong>locutionis</strong></span> <span class='ocrx_word' id='word_1_174' title='bbox 843 2521 929 2577; x_wconf 82' lang='lat' dir='ltr'><strong>nescio</strong></span> <span class='ocrx_word' id='word_1_175' title='bbox 951 2513 1041 2598; x_wconf 75' lang='lat' dir='ltr'><strong>quid]</strong></span> 
     </span>
    </p>

    <p class='ocr_par' dir='ltr' id='par_1_6' title="bbox 98 2603 1213 4398">
     <span class='ocr_line' id='line_1_22' title="bbox 194 2603 1213 2682; baseline 0.002 -22"><span class='ocrx_word' id='word_1_176' title='bbox 194 2605 244 2660; x_wconf 83' lang='lat'><strong>71.</strong></span> <span class='ocrx_word' id='word_1_177' title='bbox 267 2604 343 2660; x_wconf 85' lang='lat' dir='ltr'><strong>ldem</strong></span> <span class='ocrx_word' id='word_1_178' title='bbox 365 2603 471 2670; x_wconf 81' lang='lat' dir='ltr'><strong>adbuc‚·</strong></span> <span class='ocrx_word' id='word_1_179' title='bbox 493 2605 562 2662; x_wconf 84' lang='lat' dir='ltr'><strong>cudi</strong></span> <span class='ocrx_word' id='word_1_180' title='bbox 581 2607 687 2679; x_wconf 80' lang='lat' dir='ltr'><strong>reliqua</strong></span> <span class='ocrx_word' id='word_1_181' title='bbox 710 2603 780 2682; x_wconf 88' lang='lat' dir='ltr'><strong>cet.)</strong></span> <span class='ocrx_word' id='word_1_182' title='bbox 804 2604 854 2664; x_wconf 88' lang='lat' dir='ltr'><strong>Sic</strong></span> <span class='ocrx_word' id='word_1_183' title='bbox 876 2604 1039 2663; x_wconf 89' lang='lat' dir='ltr'><strong>orationem</strong></span> <span class='ocrx_word' id='word_1_184' title='bbox 1052 2605 1180 2662; x_wconf 86' lang='lat' dir='ltr'><strong>editores</strong></span> <span class='ocrx_word' id='word_1_185' title='bbox 1211 2629 1213 2637; x_wconf 60' lang='lat'><strong><em>¹</em></strong></span> 
     </span>
     <span class='ocr_line' id='line_1_23' title="bbox 103 2689 1179 2767; baseline 0.001 -21"><span class='ocrx_word' id='word_1_186' title='bbox 103 2690 326 2765; x_wconf 83' lang='lat' dir='ltr'><strong>interpungunt,</strong></span> <span class='ocrx_word' id='word_1_187' title='bbox 349 2697 382 2745; x_wconf 85' lang='lat' dir='ltr'><strong>ut</strong></span> <span class='ocrx_word' id='word_1_188' title='bbox 404 2698 555 2765; x_wconf 80' lang='lat' dir='ltr'><strong>appareat,</strong></span> <span class='ocrx_word' id='word_1_189' title='bbox 578 2689 681 2747; x_wconf 88' lang='lat' dir='ltr'><strong>eodem</strong></span> <span class='ocrx_word' id='word_1_190' title='bbox 705 2690 792 2747; x_wconf 91' lang='lat' dir='ltr'><strong>modo</strong></span> <span class='ocrx_word' id='word_1_191' title='bbox 814 2709 865 2748; x_wconf 90' lang='lat' dir='ltr'><strong>eos</strong></span> <span class='ocrx_word' id='word_1_192' title='bbox 887 2691 979 2748; x_wconf 85' lang='lat' dir='ltr'><strong>verba</strong></span> <span class='ocrx_word' id='word_1_193' title='bbox 999 2690 1179 2767; x_wconf 88' lang='lat' dir='ltr'><strong>intellegere,</strong></span> 
     </span>
     <span class='ocr_line' id='line_1_24' title="bbox 104 2774 1179 2851; baseline -0.001 -18"><span class='ocrx_word' id='word_1_194' title='bbox 104 2794 165 2850; x_wconf 87' lang='lat' dir='ltr'><strong>quo</strong></span> <span class='ocrx_word' id='word_1_195' title='bbox 186 2774 364 2850; x_wconf 87' lang='lat' dir='ltr'><strong>interpretes</strong></span> <span class='ocrx_word' id='word_1_196' title='bbox 386 2783 417 2832; x_wconf 88' lang='lat' dir='ltr'><strong>et</strong></span> <span class='ocrx_word' id='word_1_197' title='bbox 438 2774 600 2833; x_wconf 86' lang='lat' dir='ltr'><strong>lexicorum</strong></span> <span class='ocrx_word' id='word_1_198' title='bbox 623 2775 782 2851; x_wconf 84' lang='lat' dir='ltr'><strong>scriptores</strong></span> <span class='ocrx_word' id='word_1_199' title='bbox 803 2775 943 2833; x_wconf 89' lang='lat' dir='ltr'><strong>reddunt:</strong></span> <span class='ocrx_word' id='word_1_200' title='bbox 979 2776 1076 2845; x_wconf 87' lang='lat' dir='ltr'><strong>,idem</strong></span> <span class='ocrx_word' id='word_1_201' title='bbox 1098 2777 1179 2834; x_wconf 87' lang='lat' dir='ltr'><strong>Zeno</strong></span> 
     </span>
     <span class='ocr_line' id='line_1_25' title="bbox 103 2859 1178 2938; baseline 0 -20"><span class='ocrx_word' id='word_1_202' title='bbox 103 2869 260 2937; x_wconf 87' lang='lat' dir='ltr'><strong>praeterea</strong></span> <span class='ocrx_word' id='word_1_203' title='bbox 282 2859 381 2917; x_wconf 82' lang='lat' dir='ltr'><strong>dicit.“</strong></span> <span class='ocrx_word' id='word_1_204' title='bbox 428 2859 487 2920; x_wconf 85' lang='lat' dir='ltr'><strong>Sed</strong></span> <span class='ocrx_word' id='word_1_205' title='bbox 510 2861 535 2918; x_wconf 93' lang='lat' dir='ltr'><strong>si</strong></span> <span class='ocrx_word' id='word_1_206' title='bbox 557 2861 613 2918; x_wconf 92' lang='lat' dir='ltr'><strong>hoc</strong></span> <span class='ocrx_word' id='word_1_207' title='bbox 636 2859 741 2921; x_wconf 89' lang='lat' dir='ltr'><strong>Cicero</strong></span> <span class='ocrx_word' id='word_1_208' title='bbox 764 2861 951 2938; x_wconf 79' lang='lat' dir='ltr'><strong>signiticaret,</strong></span> <span class='ocrx_word' id='word_1_209' title='bbox 974 2860 1122 2919; x_wconf 87' lang='lat' dir='ltr'><strong>omisisset</strong></span> <span class='ocrx_word' id='word_1_210' title='bbox 1138 2881 1178 2918; x_wconf 84' lang='lat' dir='ltr'><strong>re-</strong></span> 
     </span>
     <span class='ocr_line' id='line_1_26' title="bbox 102 2945 1179 3022; baseline -0.001 -18"><span class='ocrx_word' id='word_1_211' title='bbox 102 2950 196 3022; x_wconf 82' lang='lat' dir='ltr'><strong>liqua,</strong></span> <span class='ocrx_word' id='word_1_212' title='bbox 230 2945 314 3004; x_wconf 89' lang='lat' dir='ltr'><strong>cuius</strong></span> <span class='ocrx_word' id='word_1_213' title='bbox 336 2945 417 3004; x_wconf 87' lang='lat' dir='ltr'><strong>vocis</strong></span> <span class='ocrx_word' id='word_1_214' title='bbox 445 2946 543 3004; x_wconf 87' lang='lat' dir='ltr'><strong>visin</strong></span> <span class='ocrx_word' id='word_1_215' title='bbox 565 2947 794 3004; x_wconf 81' lang='lat' dir='ltr'><strong>odbucinesset.</strong></span> <span class='ocrx_word' id='word_1_216' title='bbox 840 2946 954 3004; x_wconf 89' lang='lat' dir='ltr'><strong>Deinde</strong></span> <span class='ocrx_word' id='word_1_217' title='bbox 983 2948 1073 3004; x_wconf 80' lang='lat' dir='ltr'><strong>oddae</strong></span> <span class='ocrx_word' id='word_1_218' title='bbox 1101 2945 1179 3022; x_wconf 89' lang='lat' dir='ltr'><strong>apud</strong></span> 
     </span>
     <span class='ocr_line' id='line_1_27' title="bbox 102 3031 1178 3108; baseline -0.002 -18"><span class='ocrx_word' id='word_1_219' title='bbox 102 3031 278 3091; x_wconf 86' lang='lat' dir='ltr'><strong>Ciceronem</strong></span> <span class='ocrx_word' id='word_1_220' title='bbox 301 3040 330 3088; x_wconf 89' lang='lat' dir='ltr'><strong>et</strong></span> <span class='ocrx_word' id='word_1_221' title='bbox 352 3031 415 3089; x_wconf 89' lang='lat' dir='ltr'><strong>eius</strong></span> <span class='ocrx_word' id='word_1_222' title='bbox 433 3033 572 3106; x_wconf 77' lang='lat' dir='ltr'><strong>aequales</strong></span> <span class='ocrx_word' id='word_1_223' title='bbox 594 3031 813 3108; x_wconf 85' lang='lat' dir='ltr'><strong>proximosque</strong></span> <span class='ocrx_word' id='word_1_224' title='bbox 826 3051 879 3108; x_wconf 89' lang='lat' dir='ltr'><strong>pro</strong></span> <span class='ocrx_word' id='word_1_225' title='bbox 888 3042 1029 3107; x_wconf 76' lang='lat' dir='ltr'><strong>praetereo</strong></span> <span class='ocrx_word' id='word_1_226' title='bbox 1042 3051 1100 3090; x_wconf 90' lang='lat' dir='ltr'><strong>non</strong></span> <span class='ocrx_word' id='word_1_227' title='bbox 1112 3031 1178 3102; x_wconf 90' lang='lat' dir='ltr'><strong>dici,</strong></span> 
     </span>
     <span class='ocr_line' id='line_1_28' title="bbox 102 3116 1180 3194; baseline -0.001 -19"><span class='ocrx_word' id='word_1_228' title='bbox 102 3125 183 3176; x_wconf 88' lang='lat' dir='ltr'><strong>recte</strong></span> <span class='ocrx_word' id='word_1_229' title='bbox 207 3125 236 3174; x_wconf 89' lang='lat' dir='ltr'><strong>et</strong></span> <span class='ocrx_word' id='word_1_230' title='bbox 258 3117 296 3174; x_wconf 89' lang='lat' dir='ltr'><strong>ab</strong></span> <span class='ocrx_word' id='word_1_231' title='bbox 318 3116 384 3174; x_wconf 88' lang='lat' dir='ltr'><strong>aliis</strong></span> <span class='ocrx_word' id='word_1_232' title='bbox 408 3127 437 3174; x_wconf 89' lang='lat' dir='ltr'><strong>et</strong></span> <span class='ocrx_word' id='word_1_233' title='bbox 460 3137 555 3194; x_wconf 88' lang='lat' dir='ltr'><strong>nuper</strong></span> <span class='ocrx_word' id='word_1_234' title='bbox 575 3118 613 3175; x_wconf 86' lang='lat' dir='ltr'><strong>ab</strong></span> <span class='ocrx_word' id='word_1_235' title='bbox 635 3117 755 3175; x_wconf 86' lang='lat' dir='ltr'><strong>Handio</strong></span> <span class='ocrx_word' id='word_1_236' title='bbox 778 3117 958 3193; x_wconf 87' lang='lat' dir='ltr'><strong>disputatum</strong></span> <span class='ocrx_word' id='word_1_237' title='bbox 981 3126 1040 3188; x_wconf 91' lang='lat' dir='ltr'><strong>est,</strong></span> <span class='ocrx_word' id='word_1_238' title='bbox 1064 3117 1180 3175; x_wconf 85' lang='lat' dir='ltr'><strong>Tursl</strong></span> 
     </span>
     <span class='ocr_line' id='line_1_29' title="bbox 103 3202 1178 3280; baseline -0.002 -20"><span class='ocrx_word' id='word_1_239' title='bbox 103 3224 131 3280; x_wconf 92' lang='lat' dir='ltr'><strong>p.</strong></span> <span class='ocrx_word' id='word_1_240' title='bbox 155 3203 215 3260; x_wconf 87' lang='grc'><strong>163</strong></span> <span class='ocrx_word' id='word_1_241' title='bbox 233 3210 263 3259; x_wconf 88' lang='grc'><strong>11</strong></span> <span class='ocrx_word' id='word_1_242' title='bbox 285 3203 355 3260; x_wconf 87' lang='grc'>164.</span> <span class='ocrx_word' id='word_1_243' title='bbox 389 3203 453 3260; x_wconf 85' lang='lat' dir='ltr'><strong>Nec</strong></span> <span class='ocrx_word' id='word_1_244' title='bbox 465 3221 509 3274; x_wconf 87' lang='lat' dir='ltr'><strong>ea,</strong></span> <span class='ocrx_word' id='word_1_245' title='bbox 533 3221 608 3278; x_wconf 89' lang='lat' dir='ltr'><strong>quae</strong></span> <span class='ocrx_word' id='word_1_246' title='bbox 621 3213 792 3277; x_wconf 89' lang='lat' dir='ltr'><strong>sequuntur,</strong></span> <span class='ocrx_word' id='word_1_247' title='bbox 815 3202 1008 3260; x_wconf 85' lang='lat' dir='ltr'><strong>additamenti</strong></span> <span class='ocrx_word' id='word_1_248' title='bbox 1022 3203 1087 3260; x_wconf 93' lang='lat' dir='ltr'><strong>loco</strong></span> <span class='ocrx_word' id='word_1_249' title='bbox 1101 3212 1178 3272; x_wconf 89' lang='lat' dir='ltr'><strong>sunt,</strong></span> 
     </span>
     <span class='ocr_line' id='line_1_30' title="bbox 101 3288 1180 3364; baseline -0.003 -17"><span class='ocrx_word' id='word_1_250' title='bbox 101 3289 155 3347; x_wconf 88' lang='lat' dir='ltr'><strong>sed</strong></span> <span class='ocrx_word' id='word_1_251' title='bbox 178 3288 274 3364; x_wconf 90' lang='lat' dir='ltr'><strong>ipsum</strong></span> <span class='ocrx_word' id='word_1_252' title='bbox 297 3288 336 3358; x_wconf 86' lang='lat' dir='ltr'><strong>id,</strong></span> <span class='ocrx_word' id='word_1_253' title='bbox 360 3288 395 3345; x_wconf 89' lang='lat' dir='ltr'><strong>de</strong></span> <span class='ocrx_word' id='word_1_254' title='bbox 418 3307 477 3364; x_wconf 90' lang='lat' dir='ltr'><strong>quo</strong></span> <span class='ocrx_word' id='word_1_255' title='bbox 500 3289 660 3363; x_wconf 86' lang='lat' dir='ltr'><strong>quaeritur,</strong></span> <span class='ocrx_word' id='word_1_256' title='bbox 683 3289 842 3346; x_wconf 90' lang='lat' dir='ltr'><strong>continent.</strong></span> <span class='ocrx_word' id='word_1_257' title='bbox 886 3288 991 3362; x_wconf 85' lang='lat' dir='ltr'><strong>ltaque</strong></span> <span class='ocrx_word' id='word_1_258' title='bbox 1019 3288 1062 3346; x_wconf 91' lang='lat' dir='ltr'><strong>sic</strong></span> <span class='ocrx_word' id='word_1_259' title='bbox 1089 3288 1180 3345; x_wconf 89' lang='lat' dir='ltr'><strong>inter-</strong></span> 
     </span>
     <span class='ocr_line' id='line_1_31' title="bbox 100 3371 1181 3452; baseline -0.002 -20"><span class='ocrx_word' id='word_1_260' title='bbox 100 3373 216 3451; x_wconf 85' lang='lat' dir='ltr'><strong>pretari</strong></span> <span class='ocrx_word' id='word_1_261' title='bbox 238 3374 383 3451; x_wconf 89' lang='lat' dir='ltr'><strong>cogimur:</strong></span> <span class='ocrx_word' id='word_1_262' title='bbox 407 3374 506 3432; x_wconf 79' lang='lat' dir='ltr'><strong>Adbuc</strong></span> <span class='ocrx_word' id='word_1_263' title='bbox 527 3376 597 3432; x_wconf 86' lang='lat' dir='ltr'><strong>idem</strong></span> <span class='ocrx_word' id='word_1_264' title='bbox 619 3374 705 3452; x_wconf 90' lang='lat' dir='ltr'><strong>(dicit</strong></span> <span class='ocrx_word' id='word_1_265' title='bbox 726 3374 822 3444; x_wconf 88' lang='lat' dir='ltr'><strong>Zeno,</strong></span> <span class='ocrx_word' id='word_1_266' title='bbox 846 3373 925 3448; x_wconf 90' lang='lat' dir='ltr'><strong>quod</strong></span> <span class='ocrx_word' id='word_1_267' title='bbox 946 3371 1078 3452; x_wconf 79' lang='lat' dir='ltr'><strong>Aristo);</strong></span> <span class='ocrx_word' id='word_1_268' title='bbox 1111 3375 1181 3431; x_wconf 83' lang='lat' dir='ltr'><strong>cudi</strong></span> 
     </span>
     <span class='ocr_line' id='line_1_32' title="bbox 100 3457 1181 3538; baseline -0.002 -20"><span class='ocrx_word' id='word_1_269' title='bbox 100 3457 210 3538; x_wconf 82' lang='lat' dir='ltr'><strong>(nune)</strong></span> <span class='ocrx_word' id='word_1_270' title='bbox 231 3459 337 3534; x_wconf 82' lang='lat' dir='ltr'><strong>reliqua</strong></span> <span class='ocrx_word' id='word_1_271' title='bbox 359 3469 414 3516; x_wconf 86' lang='lat' dir='ltr'><strong>cet.</strong></span> <span class='ocrx_word' id='word_1_272' title='bbox 458 3458 534 3536; x_wconf 81' lang='lat' dir='ltr'><strong>(cfr.</strong></span> <span class='ocrx_word' id='word_1_273' title='bbox 557 3460 592 3517; x_wconf 91' lang='lat' dir='ltr'><strong>de</strong></span> <span class='ocrx_word' id='word_1_274' title='bbox 616 3460 684 3517; x_wconf 79' lang='lat' dir='ltr'><strong>Div.</strong></span> <span class='ocrx_word' id='word_1_275' title='bbox 706 3460 748 3531; x_wconf 92' lang='lat' dir='ltr'><strong>II,</strong></span> <span class='ocrx_word' id='word_1_276' title='bbox 768 3462 801 3516; x_wconf 74' lang='lat'><strong>42</strong></span> <span class='ocrx_word' id='word_1_277' title='bbox 823 3460 913 3517; x_wconf 80' lang='lat' dir='ltr'><strong>adbuc</strong></span> <span class='ocrx_word' id='word_1_278' title='bbox 935 3460 1000 3517; x_wconf 82' lang='lat' dir='ltr'><strong>llaec</strong></span> <span class='ocrx_word' id='word_1_279' title='bbox 1021 3469 1114 3524; x_wconf 76' lang='lat' dir='ltr'><strong>erum,-</strong></span> <span class='ocrx_word' id='word_1_280' title='bbox 1141 3461 1181 3517; x_wconf 82' lang='lat' dir='ltr'><strong>ad</strong></span> 
     </span>
     <span class='ocr_line' id='line_1_33' title="bbox 100 3542 1181 3625; baseline -0.001 -21"><span class='ocrx_word' id='word_1_281' title='bbox 100 3549 207 3621; x_wconf 80' lang='lat' dir='ltr'><strong>reliquo</strong></span> <span class='ocrx_word' id='word_1_282' title='bbox 230 3542 300 3625; x_wconf 89' lang='lat' dir='ltr'><strong>cet.)</strong></span> <span class='ocrx_word' id='word_1_283' title='bbox 345 3545 439 3603; x_wconf 92' lang='lat' dir='ltr'><strong>Paulo</strong></span> <span class='ocrx_word' id='word_1_284' title='bbox 467 3545 616 3603; x_wconf 88' lang='lat' dir='ltr'><strong>duriorem</strong></span> <span class='ocrx_word' id='word_1_285' title='bbox 643 3546 719 3602; x_wconf 86' lang='lat' dir='ltr'><strong>hanc</strong></span> <span class='ocrx_word' id='word_1_286' title='bbox 746 3545 921 3604; x_wconf 85' lang='lat' dir='ltr'><strong>brevitatem</strong></span> <span class='ocrx_word' id='word_1_287' title='bbox 949 3555 979 3602; x_wconf 89' lang='lat' dir='ltr'><strong>et</strong></span> <span class='ocrx_word' id='word_1_288' title='bbox 1006 3544 1088 3602; x_wconf 86' lang='lat' dir='ltr'><strong>verbi</strong></span> <span class='ocrx_word' id='word_1_289' title='bbox 1116 3545 1181 3603; x_wconf 86' lang='lat' dir='ltr'><strong>dicit</strong></span> 
     </span>
     <span class='ocr_line' id='line_1_34' title="bbox 101 3629 1178 3709; baseline -0.001 -20"><span class='ocrx_word' id='word_1_290' title='bbox 101 3630 310 3709; x_wconf 86' lang='lat' dir='ltr'><strong>repetitionem</strong></span> <span class='ocrx_word' id='word_1_291' title='bbox 333 3631 436 3701; x_wconf 85' lang='lat' dir='ltr'><strong>videri,</strong></span> <span class='ocrx_word' id='word_1_292' title='bbox 460 3649 519 3689; x_wconf 91' lang='lat' dir='ltr'><strong>non</strong></span> <span class='ocrx_word' id='word_1_293' title='bbox 542 3650 634 3708; x_wconf 82' lang='lat' dir='ltr'><strong>nego;</strong></span> <span class='ocrx_word' id='word_1_294' title='bbox 668 3629 758 3709; x_wconf 90' lang='lat' dir='ltr'><strong>[quae</strong></span> <span class='ocrx_word' id='word_1_295' title='bbox 781 3639 880 3689; x_wconf 87' lang='lat' dir='ltr'><strong>tomen</strong></span> <span class='ocrx_word' id='word_1_296' title='bbox 908 3649 985 3688; x_wconf 86' lang='lat' dir='ltr'><strong>nunc</strong></span> <span class='ocrx_word' id='word_1_297' title='bbox 1014 3631 1110 3688; x_wconf 89' lang='lat' dir='ltr'><strong>lenior</strong></span> <span class='ocrx_word' id='word_1_298' title='bbox 1136 3631 1178 3702; x_wconf 88' lang='lat' dir='ltr'><strong>iit,</strong></span> 
     </span>
     <span class='ocr_line' id='line_1_35' title="bbox 99 3715 1179 3794; baseline -0.002 -20"><span class='ocrx_word' id='word_1_299' title='bbox 99 3715 297 3793; x_wconf 87' lang='lat' dir='ltr'><strong>praecedente</strong></span> <span class='ocrx_word' id='word_1_300' title='bbox 319 3718 465 3788; x_wconf 80' lang='lat' dir='ltr'><strong>aedicere,</strong></span> <span class='ocrx_word' id='word_1_301' title='bbox 489 3736 528 3774; x_wconf 86' lang='lat' dir='ltr'><strong>ex</strong></span> <span class='ocrx_word' id='word_1_302' title='bbox 550 3736 609 3792; x_wconf 89' lang='lat' dir='ltr'><strong>quo</strong></span> <span class='ocrx_word' id='word_1_303' title='bbox 631 3717 704 3775; x_wconf 92' lang='lat' dir='ltr'><strong>illud</strong></span> <span class='ocrx_word' id='word_1_304' title='bbox 728 3719 793 3774; x_wconf 80' lang='lat' dir='ltr'><strong>dicit</strong></span> <span class='ocrx_word' id='word_1_305' title='bbox 804 3715 953 3794; x_wconf 68' lang='lat' dir='ltr'><strong>sumitur}</strong></span> <span class='ocrx_word' id='word_1_306' title='bbox 982 3715 1084 3794; x_wconf 82' lang='lat' dir='ltr'><strong>(Quod</strong></span> <span class='ocrx_word' id='word_1_307' title='bbox 1096 3717 1179 3774; x_wconf 87' lang='lat' dir='ltr'><strong>Han·</strong></span> 
     </span>
     <span class='ocr_line' id='line_1_36' title="bbox 100 3801 1178 3879; baseline -0.002 -19"><span class='ocrx_word' id='word_1_308' title='bbox 100 3802 168 3860; x_wconf 92' lang='lat' dir='ltr'><strong>dius</strong></span> <span class='ocrx_word' id='word_1_309' title='bbox 192 3801 331 3860; x_wconf 86' lang='lat' dir='ltr'><strong>Plautum</strong></span> <span class='ocrx_word' id='word_1_310' title='bbox 359 3803 450 3860; x_wconf 80' lang='lat' dir='ltr'><strong>addae</strong></span> <span class='ocrx_word' id='word_1_311' title='bbox 477 3801 530 3860; x_wconf 94' lang='lat' dir='ltr'><strong>illo</strong></span> <span class='ocrx_word' id='word_1_312' title='bbox 559 3803 645 3860; x_wconf 91' lang='lat' dir='ltr'><strong>modo</strong></span> <span class='ocrx_word' id='word_1_313' title='bbox 673 3802 806 3879; x_wconf 86' lang='lat' dir='ltr'><strong>posuisse</strong></span> <span class='ocrx_word' id='word_1_314' title='bbox 834 3803 920 3874; x_wconf 90' lang='lat' dir='ltr'><strong>dicit,</strong></span> <span class='ocrx_word' id='word_1_315' title='bbox 949 3803 974 3860; x_wconf 92' lang='lat' dir='ltr'><strong>si</strong></span> <span class='ocrx_word' id='word_1_316' title='bbox 997 3802 1057 3860; x_wconf 91' lang='lat' dir='ltr'><strong>iam</strong></span> <span class='ocrx_word' id='word_1_317' title='bbox 1079 3801 1178 3859; x_wconf 91' lang='lat' dir='ltr'><strong>Plauti</strong></span> 
     </span>
     <span class='ocr_line' id='line_1_37' title="bbox 99 3886 1180 3965; baseline -0.002 -19"><span class='ocrx_word' id='word_1_318' title='bbox 99 3896 198 3946; x_wconf 87' lang='lat' dir='ltr'><strong>aetate</strong></span> <span class='ocrx_word' id='word_1_319' title='bbox 226 3887 278 3944; x_wconf 89' lang='lat' dir='ltr'><strong>illa</strong></span> <span class='ocrx_word' id='word_1_320' title='bbox 305 3887 480 3965; x_wconf 80' lang='lat' dir='ltr'><strong>significatio</strong></span> <span class='ocrx_word' id='word_1_321' title='bbox 507 3889 537 3945; x_wconf 95' lang='lat' dir='ltr'><strong>in</strong></span> <span class='ocrx_word' id='word_1_322' title='bbox 560 3906 633 3946; x_wconf 90' lang='lat' dir='ltr'><strong>voce</strong></span> <span class='ocrx_word' id='word_1_323' title='bbox 654 3886 725 3958; x_wconf 83' lang='lat' dir='ltr'><strong>init,</strong></span> <span class='ocrx_word' id='word_1_324' title='bbox 760 3907 818 3946; x_wconf 91' lang='lat' dir='ltr'><strong>non</strong></span> <span class='ocrx_word' id='word_1_325' title='bbox 845 3897 944 3964; x_wconf 89' lang='lat' dir='ltr'><strong>potest</strong></span> <span class='ocrx_word' id='word_1_326' title='bbox 970 3887 1005 3944; x_wconf 92' lang='lat' dir='ltr'><strong>de</strong></span> <span class='ocrx_word' id='word_1_327' title='bbox 1028 3887 1180 3946; x_wconf 89' lang='lat' dir='ltr'><strong>Ciceronis</strong></span> 
     </span>
     <span class='ocr_line' id='line_1_38' title="bbox 99 3973 1178 4050; baseline -0.001 -19"><span class='ocrx_word' id='word_1_328' title='bbox 99 3982 199 4031; x_wconf 89' lang='lat' dir='ltr'><strong>aetate</strong></span> <span class='ocrx_word' id='word_1_329' title='bbox 222 3981 286 4031; x_wconf 89' lang='lat' dir='ltr'><strong>tuto</strong></span> <span class='ocrx_word' id='word_1_330' title='bbox 309 3975 418 4050; x_wconf 83' lang='lat' dir='ltr'><strong>negari.</strong></span> <span class='ocrx_word' id='word_1_331' title='bbox 456 3973 516 4033; x_wconf 89' lang='lat' dir='ltr'><strong>Sed</strong></span> <span class='ocrx_word' id='word_1_332' title='bbox 536 3974 568 4031; x_wconf 89' lang='lat' dir='ltr'><strong>in</strong></span> <span class='ocrx_word' id='word_1_333' title='bbox 590 3993 658 4044; x_wconf 86' lang='lat' dir='ltr'><strong>uno,</strong></span> <span class='ocrx_word' id='word_1_334' title='bbox 682 3992 740 4049; x_wconf 93' lang='lat' dir='ltr'><strong>quo</strong></span> <span class='ocrx_word' id='word_1_335' title='bbox 763 3982 792 4030; x_wconf 88' lang='lat' dir='ltr'><strong>et</strong></span> <span class='ocrx_word' id='word_1_336' title='bbox 814 3974 839 4031; x_wconf 92' lang='lat' dir='ltr'><strong>is</strong></span> <span class='ocrx_word' id='word_1_337' title='bbox 856 3974 948 4031; x_wconf 90' lang='lat' dir='ltr'><strong>etalii</strong></span> <span class='ocrx_word' id='word_1_338' title='bbox 960 3983 1089 4045; x_wconf 85' lang='lat' dir='ltr'><strong>utuntur,</strong></span> <span class='ocrx_word' id='word_1_339' title='bbox 1113 3973 1178 4030; x_wconf 93' lang='lat' dir='ltr'><strong>loco</strong></span> 
     </span>
     <span class='ocr_line' id='line_1_39' title="bbox 99 4058 1178 4135; baseline -0.001 -18"><span class='ocrx_word' id='word_1_340' title='bbox 99 4059 277 4117; x_wconf 87' lang='lat' dir='ltr'><strong>Truculenti</strong></span> <span class='ocrx_word' id='word_1_341' title='bbox 298 4058 415 4118; x_wconf 91' lang='lat' dir='ltr'><strong>codices</strong></span> <span class='ocrx_word' id='word_1_342' title='bbox 437 4059 582 4132; x_wconf 88' lang='lat' dir='ltr'><strong>Palatini,</strong></span> <span class='ocrx_word' id='word_1_343' title='bbox 615 4060 646 4117; x_wconf 91' lang='lat' dir='ltr'><strong>in</strong></span> <span class='ocrx_word' id='word_1_344' title='bbox 674 4058 779 4117; x_wconf 90' lang='lat' dir='ltr'><strong>ceteris</strong></span> <span class='ocrx_word' id='word_1_345' title='bbox 802 4060 901 4117; x_wconf 88' lang='lat' dir='ltr'><strong>verbis</strong></span> <span class='ocrx_word' id='word_1_346' title='bbox 923 4059 1068 4135; x_wconf 86' lang='lat' dir='ltr'><strong>corrupti,</strong></span> <span class='ocrx_word' id='word_1_347' title='bbox 1098 4058 1178 4116; x_wconf 90' lang='lat' dir='ltr'><strong>vocis</strong></span> 
     </span>
     <span class='ocr_line' id='line_1_40' title="bbox 99 4141 1178 4224; baseline -0.001 -23"><span class='ocrx_word' id='word_1_348' title='bbox 99 4147 191 4203; x_wconf 81' lang='lat' dir='ltr'><strong>adbuc</strong></span> <span class='ocrx_word' id='word_1_349' title='bbox 213 4145 326 4202; x_wconf 88' lang='lat' dir='ltr'><strong>nullum</strong></span> <span class='ocrx_word' id='word_1_350' title='bbox 349 4146 459 4202; x_wconf 90' lang='lat' dir='ltr'><strong>habent</strong></span> <span class='ocrx_word' id='word_1_351' title='bbox 480 4145 646 4222; x_wconf 80' lang='lat' dir='ltr'><strong>vestigium.</strong></span> <span class='ocrx_word' id='word_1_352' title='bbox 685 4147 722 4204; x_wconf 85' lang='lat' dir='ltr'><strong>Id</strong></span> <span class='ocrx_word' id='word_1_353' title='bbox 742 4155 782 4202; x_wconf 86' lang='lat' dir='ltr'><strong>cst</strong></span> <span class='ocrx_word' id='word_1_354' title='bbox 803 4141 861 4224; x_wconf 85' lang='lat' dir='ltr'><strong>[sic</strong></span> <span class='ocrx_word' id='word_1_355' title='bbox 875 4144 963 4202; x_wconf 84' lang='lat' dir='ltr'><strong>etiam</strong></span> <span class='ocrx_word' id='word_1_356' title='bbox 975 4142 1016 4221; x_wconf 91' lang='lat' dir='ltr'><strong>B]</strong></span> <span class='ocrx_word' id='word_1_357' title='bbox 1040 4162 1092 4220; x_wconf 92' lang='lat' dir='ltr'><strong>pro</strong></span> <span class='ocrx_word' id='word_1_358' title='bbox 1109 4145 1178 4201; x_wconf 81' lang='lat' dir='ltr'><strong>idem</strong></span> 
     </span>
     <span class='ocr_line' id='line_1_41' title="bbox 100 4229 1179 4306; baseline -0.001 -19"><span class='ocrx_word' id='word_1_359' title='bbox 100 4231 129 4287; x_wconf 89' lang='lat' dir='ltr'><strong>in</strong></span> <span class='ocrx_word' id='word_1_360' title='bbox 152 4229 216 4288; x_wconf 84' lang='grc'>1111.</span> <span class='ocrx_word' id='word_1_361' title='bbox 239 4231 411 4306; x_wconf 90' lang='lat' dir='ltr'><strong>saepissime</strong></span> <span class='ocrx_word' id='word_1_362' title='bbox 434 4231 587 4302; x_wconf 89' lang='lat' dir='ltr'><strong>scribitur,</strong></span> <span class='ocrx_word' id='word_1_363' title='bbox 616 4240 646 4288; x_wconf 91' lang='lat' dir='ltr'><strong>et</strong></span> <span class='ocrx_word' id='word_1_364' title='bbox 667 4233 736 4289; x_wconf 84' lang='lat' dir='ltr'><strong>idem</strong></span> <span class='ocrx_word' id='word_1_365' title='bbox 759 4249 813 4306; x_wconf 91' lang='lat' dir='ltr'><strong>pro</strong></span> <span class='ocrx_word' id='word_1_366' title='bbox 835 4232 866 4288; x_wconf 87' lang='lat' dir='ltr'><strong>id</strong></span> <span class='ocrx_word' id='word_1_367' title='bbox 887 4241 939 4301; x_wconf 83' lang='lat' dir='ltr'><strong>eat,</strong></span> <span class='ocrx_word' id='word_1_368' title='bbox 963 4249 999 4287; x_wconf 91' lang='lat' dir='ltr'><strong>ne</strong></span> <span class='ocrx_word' id='word_1_369' title='bbox 1022 4229 1088 4303; x_wconf 87' lang='lat' dir='ltr'><strong>quis</strong></span> <span class='ocrx_word' id='word_1_370' title='bbox 1111 4229 1179 4286; x_wconf 87' lang='lat' dir='ltr'><strong>hine</strong></span> 
     </span>
     <span class='ocr_line' id='line_1_42' title="bbox 98 4312 401 4398; baseline -0.007 -22"><span class='ocrx_word' id='word_1_371' title='bbox 98 4315 212 4392; x_wconf 89' lang='lat' dir='ltr'><strong>aliquid</strong></span> <span class='ocrx_word' id='word_1_372' title='bbox 234 4312 401 4398; x_wconf 87' lang='lat' dir='ltr'><strong>extundat.)</strong></span> 
     </span>
    </p>
   </div>
   <div class='ocr_carea' id='block_1_5' title="bbox 0 0 1504 5044">
    <p class='ocr_par' dir='ltr' id='par_1_7' title="bbox 0 0 1504 5044">
     <span class='ocr_line' id='line_1_43' title="bbox 0 0 1504 5044; baseline 0 2"><span class='ocrx_word' id='word_1_373' title='bbox 0 0 1504 5044; x_wconf 95' lang='lat' dir='ltr'><strong> </strong></span> 
     </span>
    </p>
   </div>
  </div>
 </body>
</html>
