2928 5012
523 352 719 413 repensam.
1067 332 1169 398 XLIX

106 535 177 602 ttrm,
196 523 268 604 quid
295 529 476 602 corruptum
509 538 580 586 esse
608 527 742 600 constet,
776 521 927 601 sequitur.
944 521 1170 586 emendationis

107 631 296 713 inrcsdgatio,
317 636 354 692 ut
374 630 407 695 id
429 630 614 710 repedatur,
636 629 720 710 quod
744 629 885 694 omnibus
898 629 1038 693 codicum
1049 629 1169 695 indiciis

108 753 134 804 et
154 739 315 804 arandae
338 745 369 802 et
390 737 524 802 orationi
547 737 591 802 ita
614 737 706 802 simul
722 734 908 816 satisfaciat,
930 746 966 802 ut
988 737 1063 802 nihil
1085 739 1170 803 aliud

108 849 141 912 iis
159 847 340 928 respondere
362 834 523 927 appareat.
577 847 612 909 ln
641 864 702 927 quo
731 852 766 908 ut
793 845 992 911 est'felicitas
1015 847 1171 928 quaedam

109 967 136 1020 et
158 974 246 1036 sagax
277 954 371 1018 animi
404 965 507 1018 motus
539 955 572 1019 in
599 955 638 1018 iis
666 953 808 1018 celeriter
829 954 1055 1034 excogitandis
1090 974 1171 1036 quae

109 1064 254 1144 scriptoris
275 1063 378 1127 animo
401 1062 514 1127 olierre
536 1081 605 1128 sese
627 1061 799 1144 potuerint,
828 1079 897 1126 eum
919 1062 1029 1127 eodem
1050 1071 1170 1144 tempo-

110 1173 146 1235 ris
165 1179 311 1235 momento
344 1190 383 1234 ex
409 1171 507 1236 altera
535 1181 626 1252 parte
648 1177 805 1248 occurrat,
839 1187 856 1234 e
885 1189 947 1250 qua
975 1189 1050 1234 vera
1072 1169 1171 1236 forma

110 1281 187 1357 haee,
212 1297 289 1360 quae
311 1277 411 1343 fracta
433 1298 515 1343 nunc
537 1285 644 1356 restet,
678 1285 752 1342 nata
780 1279 836 1356 sit,
869 1279 911 1343 ita
934 1279 1100 1358 prudentis
1123 1289 1172 1345 est

108 1389 186 1464 scire,
205 1405 366 1468 quousque
387 1387 537 1468 progredi
559 1387 668 1468 possit.
714 1386 795 1451 liam
816 1386 875 1451 alia
899 1387 1016 1452 videbit
1036 1406 1169 1467 prorsus

104 1515 123 1558 a
142 1513 173 1559 se
194 1495 293 1560 sanari
315 1513 421 1577 posse,
444 1495 503 1560 alia
524 1498 578 1573 ita,
600 1504 636 1560 ut
659 1496 814 1560 sententia
836 1501 868 1559 et
884 1495 1030 1560 universa
1052 1496 1170 1561 oratio·

106 1606 148 1668 nis
168 1603 262 1668 forma
283 1604 529 1682 demonstretur,
564 1603 625 1668 alie
647 1603 851 1684 relinquenda
874 1623 952 1667 esse.
987 1604 1056 1668 Hoc
1077 1605 1171 1668 modo

104 1711 151 1793 qui
172 1712 375 1776 coniecturam
398 1690 620 1790 moderabitur,
643 1711 669 1775 is
692 1711 868 1776 emendabit
890 1719 1029 1775 veterum
1054 1711 1172 1793 scripta

103 1833 130 1884 et
155 1819 358 1884 emendationi
386 1839 461 1884 suae
490 1818 638 1898 confidet,
672 1821 712 1884 de
739 1805 891 1884 modestia
919 1826 1023 1884 autem
1050 1820 1171 1885 coniec-

102 1939 186 1992 turae
204 1939 257 1992 ant
278 1929 448 1992 tentandae
469 1938 525 1992 aut
545 1929 576 1992 in
595 1935 740 1992 contextu
763 1929 926 2008 ponendae
947 1927 993 1991 ita
1014 1927 1171 2006 iudicabit,

98 2039 127 2100 in
148 2041 215 2100 arte
235 2035 387 2117 quidquid
409 2037 581 2116 prudenter
603 2035 672 2116 fiat,
695 2037 771 2101 satis
800 2037 940 2112 modeste
968 2034 1045 2100 fieri.
1086 2037 1172 2101 Haec

99 2146 164 2209 ideo
187 2144 278 2225 paulo
300 2143 443 2225 pluribus
466 2144 567 2209 verbis
595 2145 635 2208 de
663 2143 840 2208 coniectura
862 2143 1004 2224 exposui,
1038 2144 1171 2224 primum

97 2253 176 2334 quod
198 2251 255 2316 lroc
276 2261 427 2332 tempore,
450 2270 518 2317 curn
541 2252 681 2316 homines
703 2252 840 2316 taedium
860 2252 1015 2332 quoddam
1038 2253 1174 2333 cepisset

96 2361 243 2425 inutilium
270 2367 303 2424 et
324 2361 439 2425 levium
466 2361 711 2426 coniecturarum
735 2377 866 2441 cumque
894 2359 985 2422 simul
1011 2366 1173 2441 protracta

93 2479 234 2548 maante
258 2469 395 2532 tenebris
422 2469 693 2550 praestantissima
722 2467 860 2532 codicum
888 2467 1172 2549 manuscriptorum

93 2577 267 2658 praesidia,
290 2578 358 2641 sine
386 2576 498 2657 quibus
525 2557 701 2641 coniectura
729 2575 931 2640 iimdcmento
959 2582 1058 2654 caret,
1098 2583 1172 2640 nata

91 2698 137 2748 est
177 2685 361 2765 superstitio
399 2685 554 2766 quaedam
592 2684 637 2748 ita
675 2703 709 2748 se
732 2684 899 2758 ¹codicibus
938 2684 1100 2762 addicens,
1139 2690 1176 2748 ut
1250 2705 1253 2714 ’

90 2793 184 2856 ctiam
217 2792 444 2856 absurdissima
476 2799 584 2856 contra
611 2791 815 2856 certissimam
843 2792 1090 2856 emendationem
1118 2793 1173 2856 de·

90 2898 211 2976 iendat,
244 2901 485 2981 interpretetur,
520 2907 645 2964 enarret
678 2907 710 2964 et
741 2899 772 2963 in
811 2918 848 2963 eo
882 2918 950 2964 cnm
990 2919 1102 2981 magna
1140 2919 1174 2966 se

89 3007 277 3087 diomedem
309 3009 417 3088 iactet;
452 3008 528 3073 nihil
560 3008 641 3072 enim
676 3026 737 3071 non
771 3008 930 3089 expediat,
965 3007 1028 3084 cui,
1063 3027 1102 3071 ne
1135 3009 1175 3073 de

91 3116 318 3180 sententiarum
351 3121 383 3180 et
411 3135 515 3180 rerum
547 3115 630 3180 vitiis
657 3116 767 3194 dicam,
800 3117 840 3180 ad
863 3115 1090 3180 defendendum
1112 3115 1174 3180 sol-

91 3224 261 3288 oecismum
282 3223 431 3310 mirabilis
453 3224 530 3289 haec
552 3222 686 3288 sufficiat
707 3223 857 3288 orationis
882 3222 1039 3288 distinctio
1068 3223 1174 3304 (Tusc.

92 3329 125 3392 V.
145 3333 241 3412 l2l):
276 3330 318 3394 In
345 3353 406 3414 quo
436 3337 586 3414 quantam
614 3331 717 3395 celeris
737 3329 898 3410 profuturi
929 3349 1051 3394 samus:
1090 3329 1176 3394 laad

88 3435 179 3512 tiele
200 3439 376 3515 dixerimus,
398 3439 571 3521 similiaque
593 3438 713 3505 infinita
736 3439 887 3520 placeant
901 3441 930 3520 ¹)
959 3438 1079 3503 Deinde
1100 3458 1174 3504 vero

92 3543 267 3610 ledendum
290 3547 364 3612 mihi
388 3547 486 3612 visum
509 3553 572 3627 cst,
600 3553 637 3611 ut
658 3566 677 3611 a
698 3547 845 3628 prudenti
868 3547 1046 3611 coniectura
1068 3554 1113 3626 et,
1140 3551 1177 3610 ut

90 3649 133 3714 ita
167 3655 284 3734 dicam,
320 3675 431 3720 severa
463 3666 557 3739 atque
590 3663 676 3720 casta
712 3674 773 3719 non
806 3655 950 3735 ambiguo
983 3653 1058 3732 fine,
1093 3653 1177 3718 velut

119 3981 141 4035 'i
159 3981 253 4030 lleritn
272 3985 435 4031 coniecturas
457 3981 580 4039 oderunt,
608 3985 650 4044 qui
676 3984 723 4044 ipsi
748 3981 892 4036 declarant.
921 3983 1020 4030 nescire
1045 3993 1085 4038 aa,
1113 3981 1175 4042 quid

162 4065 266 4116 diderat
290 4071 495 4130 interponente
519 4069 641 4117 orationis
673 4071 698 4115 et
730 4069 874 4114 sentcntiae
910 4079 923 4114 a
959 4068 1103 4129 perspicuis
1130 4077 1175 4115 eo-

162 4151 253 4200 dicunr
281 4156 398 4214 vestigiis
426 4153 585 4202 discedentia
613 4157 638 4202 et
664 4155 840 4200 corrioctumm
868 4154 908 4199 rin
936 4165 965 4199 ao
989 4154 1088 4200 ratione
1115 4163 1175 4214 pro-

161 4237 317 4296 cedentem,
353 4241 429 4288 culus
458 4241 492 4288 rei
520 4239 666 4300 exemplum
700 4237 866 4285 nmniicstnm
898 4249 1002 4298 ponam.
1055 4235 1102 4285 Pro
1130 4237 1176 4286 de·

165 4329 268 4384 sperato
291 4323 395 4373 habitus
419 4329 458 4373 ost
486 4325 557 4372 locus
581 4325 705 4373 orationis
730 4333 776 4385 pro
800 4324 910 4370 t'aeclna
936 4320 1007 4380 ais.
1053 4322 1077 4372 la
1101 4322 1175 4370 locus

952 4443 969 4481 D
