2998 5020
409 339 451 386 nn
475 339 555 386 man,
572 339 634 386 nm.
654 341 675 386 v
697 341 770 387 cnr.
790 345 813 386 s.
1087 323 1150 388 643

84 507 229 586 explosae
250 507 426 588 eiectaeque
449 509 620 574 sententiae
642 508 827 591 Pyrrhonis,
857 509 1027 589 Aristonis,
1055 509 1151 588 Erilli,

82 610 166 689 quod
186 609 216 672 in
238 609 320 672 bunc
342 609 456 688 orbem,
479 628 570 691 quem
593 611 903 692 circumscripsimus,
930 611 1067 676 incidere
1088 630 1150 676 non

82 719 221 790 possunt,
243 709 435 776 adhibendae
457 712 581 777 omnino
603 733 663 778 non
685 713 818 778 fuerunt
861 713 942 776 Nam
964 731 1033 777 cum
1051 712 1149 778 omnis

81 811 157 876 baec
178 812 317 893 quaestio
345 813 384 876 de
411 811 523 878 finibus
551 823 583 878 et
609 815 698 896 quasi
720 815 759 880 de
781 815 925 880 extremis
948 813 1151 880 bonorumet

80 913 231 978 malorum
257 915 298 978 ab
325 933 361 979 eo
383 914 613 996 proficiscatur,
646 917 729 998 quod
762 916 895 982 diximus
921 923 1053 982 naturae
1080 922 1187 985 esseb

80 1023 187 1098 aptum
209 1022 241 1080 et
261 1017 536 1096 accommodatum,
569 1019 714 1100 quodque
740 1019 843 1100 ipsum
870 1037 928 1099 per
954 1037 989 1083 se
1015 1019 1149 1100 primum

79 1127 253 1198 appetatur,
275 1119 334 1183 boc
355 1127 455 1183 totum
477 1127 509 1184 et
529 1119 551 1183 ii
573 1120 692 1199 tollunt,
715 1120 768 1202 qui
790 1121 821 1184 in
843 1120 936 1185 rebus
957 1119 1004 1199 iis,
1025 1121 1058 1184 in
1079 1120 1148 1201 qui·

79 1219 136 1284 bus
158 1219 232 1284 nihil
260 1227 315 1284 aut
339 1221 504 1286 honestum
531 1230 586 1286 aut
613 1231 706 1303 turpe
733 1222 787 1300 sit,
828 1227 944 1304 negant
964 1239 1035 1287 esse
1055 1221 1148 1286 ullam

113 1407 399 1466 affleturLPtcltOr.
427 1414 448 1458 h.
464 1407 532 1476 [quid
540 1408 588 1474 Et]
617 1407 835 1472 dicintua(P)ROr.
871 1409 1052 1459 actaraeetiom
1061 1408 1147 1459 aaseC

78 1481 91 1524 8
118 1475 195 1540 Qum
211 1494 254 1540 per
271 1493 296 1525 se
314 1476 388 1542 ipsura
406 1477 564 1542 appetotarc
600 1481 622 1530 l.
640 1477 666 1526 li
681 1477 723 1527 LC
758 1477 857 1528 1·ch
893 1484 915 1526 8.
935 1478 998 1528 Post
1014 1476 1072 1526 ubil
1088 1478 1146 1528 add.

76 1545 140 1608 quod
157 1563 203 1594 ooo
221 1561 306 1594 omnes
324 1544 388 1604 achil,
411 1544 492 1612 [quod]
512 1554 554 1594 aut
572 1545 614 1595 Or.
651 1563 701 1596 aare
715 1561 763 1596 om.
781 1547 800 1594 b
818 1545 1026 1612 etiamlproease)
1045 1545 1066 1596 C

75 1736 167 1806 inest,
202 1745 231 1792 et
252 1737 289 1792 ab
312 1737 378 1794 ahie
401 1746 555 1811 separator
576 1735 643 1814 (cfr.
664 1736 702 1792 ad
719 1732 811 1818 522).
854 1737 932 1794 Nam
955 1736 1010 1794 etsi
1032 1737 1063 1792 id
1085 1745 1146 1793 tum

75 1821 139 1878 fieri
162 1822 250 1883 solet,
284 1839 349 1878 cnm
382 1822 495 1896 aliquid
522 1831 590 1898 post
616 1823 830 1879 substantivum
858 1823 1064 1898 interpositum
1092 1829 1146 1892 est,

76 1917 175 1964 tamen
198 1907 230 1964 11
242 1909 279 1964 N.
287 1909 325 1964 D.
339 1909 377 1964 27
402 1907 524 1964 dicitur:
556 1909 614 1963 lam
636 1925 697 1964 uero
719 1910 824 1982 reliqua
845 1919 945 1982 quarta
961 1927 1033 1983 pars
1054 1909 1149 1964 maadi

74 2013 104 2048 eo
126 1996 235 2068 etipsa
257 2003 312 2050 tom
333 2003 432 2049 namra
452 1993 565 2067 ser-aido
591 2003 630 2050 est
657 2001 712 2049 oet.
740 2001 770 2050 et
796 1994 825 2050 in
850 1993 971 2052 Somnio
999 1992 1147 2068 Scipionis

74 2097 97 2134 c.
111 2079 129 2135 8
144 2079 173 2154 (§
188 2077 258 2154 26):
281 2098 353 2135 meos
374 2081 503 2152 cultroque
523 2081 547 2134 is
569 2087 608 2134 est
619 2081 742 2153 quisque,
766 2079 957 2152 similiterque
974 2078 1090 2135 loeutus
1101 2087 1147 2134 est

74 2164 200 2220 Plautus
222 2164 346 2221 Poenul.
359 2165 396 2233 V,
411 2165 439 2234 2,
456 2165 528 2220 109:
552 2165 637 2220 Potor
648 2173 710 2220 tarta
720 2167 744 2220 is
755 2166 911 2238 erotsroter
919 2166 1052 2238 palmalis
1062 2182 1145 2233 meus,

74 2263 110 2309 ec.
134 2249 236 2306 addito
258 2268 328 2318 cero,
353 2248 510 2308 Sallustius
533 2259 602 2306 noto
624 2249 704 2318 loco,
733 2248 820 2308 Catil.
839 2251 888 2307 37.
933 2249 1020 2322 Quod
1041 2248 1147 2307 Cicero

74 2354 113 2406 se,
137 2353 214 2408 quae
237 2335 276 2391 sit
296 2335 383 2391 beato
404 2335 475 2404 vita,
498 2343 586 2410 negat
607 2353 757 2408 quaerere,
780 2335 832 2392 sed
853 2335 930 2391 unde
952 2335 1000 2406 sit,
1023 2334 1053 2390 id
1075 2353 1146 2391 vero

74 2419 102 2475 in
125 2421 207 2478 omni
230 2429 362 2476 veterum
385 2421 481 2477 ethica
504 2420 658 2495 disciplina
685 2421 876 2494 requirimus,
910 2419 988 2494 qnod
1016 2419 1144 2495 priorem

73 2505 155 2562 illam
179 2505 389 2579 quaestionem,
413 2523 471 2579 qna
492 2505 545 2562 illa
566 2523 682 2580 quoqne
699 2506 912 2574 continebatur,
935 2514 1072 2580 possetne
1084 2504 1146 2561 vita

74 2590 205 2664 perfecte
230 2591 315 2647 beata
337 2591 366 2647 in
390 2591 512 2667 singulis
534 2591 701 2648 bominibus
724 2589 811 2662 effici,
834 2591 920 2647 nimis
943 2591 1144 2666 neglexerunt.

159 2679 234 2750 qood
255 2679 372 2733 dieamus
394 2687 507 2733 naturae
528 2696 585 2733 esse
606 2674 714 2754 aptum)
738 2677 824 2733 Dixit
835 2679 951 2751 supra§
967 2678 1003 2734 17
1017 2676 1146 2755 (constitit

71 2761 175 2840 uectem)
199 2771 229 2818 et
250 2761 313 2818 eius
336 2762 514 2819 definitionis
536 2779 613 2818 nnnc
635 2781 688 2818 nos
711 2762 862 2832 admonet;
895 2762 981 2818 aliter
1003 2762 1143 2836 seriptum

71 2857 164 2904 esset:
187 2849 262 2920 quod
282 2857 395 2903 naturae
416 2851 451 2903 sit
471 2858 572 2923 aptam.
606 2846 711 2921 Itaque
729 2845 891 2922 perfectum
914 2857 1043 2922 ternpus.
1066 2847 1144 2920 quod

68 2933 225 3004 vManutius
248 2941 278 2988 et
299 2932 459 2990 Lambinus
487 2932 615 2990 exedit.
643 2932 739 3007 prima
766 2943 934 3002 tenuerant,
968 2932 1144 2988 revocaris

72 3017 233 3089 codicibus,
257 3017 344 3074 etiam
368 3016 434 3095 [B,]
456 3017 536 3093 Εχψ.
580 3017 677 3076 Ceteri
699 3017 762 3075 fere
785 3021 896 3074 dr'ctmns
919 3018 1015 3074 tacite.

159 3105 207 3159 boe
229 3113 311 3160 totam
333 3114 357 3158 et
378 3107 398 3159 ἐπ’
420 3105 513 3160 tollant
529 3139 570 3146 -
587 3113 612 3160 et
634 3101 755 3182 Erillus)
778 3103 828 3162 Sic
850 3122 868 3159 a
890 3102 1036 3160 communi
1058 3102 1143 3158 initio

70 3188 177 3245 horum
199 3187 457 3263 reprehensionem
469 3189 541 3246 Piso
559 3188 672 3245 orditur
695 3197 724 3244 et
746 3189 788 3246 sic
810 3197 975 3264 postvoces
997 3189 1045 3244 hoc
1062 3197 1144 3244 totam

70 3273 261 3348 partitionem
273 3274 410 3344 instituit,
422 3283 495 3330 utet
507 3274 652 3331 sententia
669 3284 698 3330 et
715 3275 809 3331 oratio
831 3276 907 3330 bunc
920 3273 1031 3332 exitum
1043 3281 1143 3348 postu·

69 3358 131 3416 lare
156 3359 304 3416 videatur:
327 3371 351 3415 et
373 3361 479 3416 Erillus
502 3359 571 3438 (boc
593 3367 686 3416 totum
699 3359 800 3433 tollit),
823 3363 872 3434 qm'
892 3368 946 3415 cet.
975 3359 1033 3418 Sed
1045 3358 1144 3415 nescio

68 3445 219 3518 quomodo
240 3445 385 3501 fluctuans
396 3445 652 3520 reprehensionem
665 3445 694 3501 in
708 3445 810 3514 Erillo,
833 3445 941 3501 inflexa
957 3445 1062 3501 leviter
1078 3463 1144 3500 oro-

67 3529 160 3600 tione,
184 3530 243 3586 alio
265 3530 385 3595 avortit,
409 3531 486 3604 quod
510 3529 625 3587 consilii
648 3531 781 3604 capiendi
804 3537 834 3586 et
856 3529 944 3587 officii
967 3529 1143 3605 principium

67 3615 247 3672 sustulisset.
291 3615 385 3689 Atqui
406 3616 438 3672 id
459 3616 560 3673 eodem
583 3616 646 3672 iure
669 3616 699 3671 in
721 3617 891 3672 Aristonem
914 3623 944 3672 et
959 3615 1142 3691 Pyrrhonem

69 3701 128 3757 dici
154 3709 271 3775 poterat
292 3719 346 3756 nec
368 3701 406 3756 ad
428 3701 505 3757 hunc
527 3701 623 3757 locum
647 3701 821 3776 pertinebat.

154 3785 291 3860 inquibus
302 3788 368 3842 nibil
378 3797 426 3842 ortt
439 3784 587 3864 honestam)
600 3786 793 3860 Antiquiores
804 3785 866 3843 fere
879 3786 1039 3856 ediderant,
1053 3793 1086 3842 ut
1098 3794 1143 3843 est

67 3870 97 3926 in
112 3871 199 3928 codd.
223 3870 324 3948 (Pau,
347 3871 473 3942 Davisii,
496 3867 566 3946 ξχψ,
590 3868 687 3949 Gzii):
715 3877 741 3929 io
754 3874 850 3945 quibus
863 3873 1074 3946 aibilqaodaoa
1095 3881 1144 3927 arat

68 3965 134 4028 cea,
160 3956 242 4012 nulla
263 3975 383 4032 prorsus
406 3957 559 4014 sententia.
599 3958 704 4031 Itaque
727 3957 802 4014 Dav.
826 3975 841 4014 e
864 3957 963 4014 Pana
987 3956 1092 4013 edidit:
1115 3959 1142 4012 ia

67 4044 168 4115 qrdbus
186 4043 260 4113 nibil,
289 4044 364 4116 qaod
389 4053 436 4098 ortt
464 4043 614 4110 halestam,
653 4043 741 4116 idque
769 4043 947 4100 recentiores
975 4049 1142 4098 tenuerunt.

67 4127 164 4184 Gaius
186 4128 224 4183 ab
246 4127 308 4184 Erl.
331 4136 361 4184 et
383 4127 461 4202 Spir.
484 4127 650 4185 confirmari
672 4129 771 4198 tradit,
795 4147 859 4185 meo
882 4128 971 4184 etiam
1001 4127 1141 4185 collatore

67 4213 191 4282 silente3
213 4209 279 4293 [sed
302 4214 439 4270 Baiterus
462 4221 491 4270 et
513 4213 574 4270 Erl.
598 4221 628 4269 et
648 4213 675 4270 B
697 4222 730 4269 ut
752 4215 1016 4288 ceteros-qoodnoa
1033 4213 1142 4270 babere

67 4297 196 4375 scribit}
231 4298 411 4356 Pravissime
427 4299 497 4356 hoc:
525 4299 660 4374 inquibus
672 4301 752 4370 nibil,
776 4302 849 4373 qood
865 4299 1009 4374 accipitur
1024 4317 1078 4375 pro
1095 4317 1140 4369 eo,

886 4415 937 4468 41*
