2928 5012
352 407 441 473 XXX
787 425 981 474 rnanrmro.

352 597 533 661 collatorum
556 596 740 674 testimonio,
761 595 910 677 marginis
933 595 1016 661 Crat.
1040 605 1072 660 et
1081 595 1252 674 Moralium,
1275 616 1335 661 non
1364 598 1438 662 sine

353 721 448 770 caum
469 705 581 786 ambigi
605 711 723 786 potest,
745 704 826 768 sitne
841 704 958 785 aliquid
970 704 1001 768 in
1013 703 1104 768 BErl.
1123 723 1198 768 casu
1220 711 1357 781 erratum
1379 724 1436 784 arr,

352 831 422 878 cum
445 818 529 878 esset
549 813 612 877 ianr
633 813 665 876 in
686 813 856 894 archetypo
877 813 1037 891 mendum,
1069 812 1102 877 in
1130 812 1319 877 deteriorum
1341 814 1437 893 prin-

353 921 420 1002 cipe
442 921 620 985 coniectura
643 921 839 985 emendation
862 921 912 1000 (ut
934 919 971 997 V,
994 921 1216 1002 arctabantur
1242 939 1301 1002 pro
1322 925 1436 1003 ayunt,

353 1031 396 1095 34
417 1027 565 1092 acuendae
586 1046 645 1110 pro
667 1027 775 1106 sadoc
797 1029 837 1093 57
861 1026 1071 1109 obpressa,
1094 1029 1135 1093 58
1158 1027 1281 1091 minora
1296 1047 1356 1109 pro
1372 1029 1437 1090 mi-

352 1135 491 1215 amabam
514 1136 629 1201 omissa
651 1134 775 1217 quidem
797 1135 847 1199 hic
868 1135 928 1199 ibic
943 1131 1078 1201 inBllrl.
1099 1137 1209 1215 verba,
1232 1155 1293 1217 quo
1315 1155 1439 1217 genere

353 1264 415 1310 non
438 1263 510 1309 raro
532 1249 672 1326 peccant,
694 1252 829 1325 apparet
848 1243 881 1307 in
904 1244 1110 1310 deterioribus
1128 1262 1166 1308 ex
1179 1244 1349 1326 archetypo
1362 1263 1436 1308 ser-

352 1361 433 1432 rata,
456 1361 492 1417 ut
513 1352 550 1431 V,
562 1354 602 1418 31
626 1351 714 1430 sads,
737 1354 778 1417 37
801 1357 961 1430 mamona
984 1353 1176 1433 maximeque
1198 1353 1238 1417 bl
1261 1350 1437 1432 accvolup-

353 1465 446 1524 totcm
461 1459 647 1540 requirentes
657 1469 689 1524 et
700 1462 741 1525 66
755 1459 788 1522 id
814 1481 835 1522 o
856 1461 1069 1524 communitate
1090 1467 1122 1526 et
1136 1479 1205 1539 aaa,
1227 1461 1312 1541 quod
1322 1459 1437 1525 Baite-

355 1568 561 1647 rusinclusit3
584 1587 655 1632 nam
666 1568 771 1646 1v‚3r
789 1589 852 1632 aon
868 1569 1045 1633 coniectura
1072 1568 1219 1651 supplere
1242 1566 1329 1633 facile
1351 1579 1437 1634 erat

353 1678 390 1742 ln
402 1677 461 1742 hoc
473 1676 553 1741 enim
565 1694 679 1757 genere
690 1677 880 1755 mendorum,
902 1675 1185 1758 iniispraesertim
1208 1695 1289 1757 quae
1298 1685 1440 1758 propter

352 1785 434 1850 idem
462 1791 518 1848 aut
545 1784 643 1848 simile
671 1784 799 1848 verbum
826 1783 874 1848 bis
901 1784 1038 1866 positum
1066 1784 1264 1862 omittuntur,
1297 1785 1438 1850 maxime

353 1911 444 1958 casus
467 1901 499 1957 et
520 1911 610 1958 error
632 1897 750 1974 regnat
772 1911 834 1956 non
856 1891 935 1972 fides
957 1899 1012 1956 aut
1032 1893 1173 1956 mutandi
1194 1892 1347 1957 voluntas,
1382 1893 1438 1959 De

354 1999 463 2066 ordine
484 1998 649 2065 verborum
671 1999 771 2064 dicam
793 1998 884 2064 inira.

439 2108 593 2186 Quamdiu
621 2127 659 2172 err
687 2109 815 2174 meliore
844 2106 959 2172 familia
985 2125 1067 2172 unus
1103 2109 1200 2173 codex
1228 2107 1437 2189 Erlaugensis

352 2216 444 2299 plene
465 2216 595 2280 collatus
618 2222 701 2296 erat,
734 2217 775 2281 ad
796 2215 863 2281 eius
880 2215 1089 2280 testimonium
1112 2215 1328 2281 stabiliendum
1344 2216 1438 2280 utili-

352 2324 568 2388 teriuterdum
589 2323 831 2404 adhibebantur,
860 2339 941 2388 nunc
962 2323 1045 2388 omni
1067 2321 1132 2387 fere
1153 2323 1287 2388 utilitate
1308 2325 1437 2408 carent]

351 2431 409 2510 1111,
443 2450 521 2513 quos
548 2431 661 2496 mixtos
687 2431 760 2496 dixi.
815 2431 857 2496 lli
884 2449 902 2496 e
929 2431 1055 2496 meliore
1086 2429 1202 2496 landlia
1231 2431 1332 2512 prima
1364 2433 1436 2496 ori-

352 2539 424 2620 gine
450 2539 535 2604 ducti
562 2539 751 2604 deteriorum
782 2537 1052 2620 interpolationem
1085 2545 1298 2620 susceperunt.
1346 2539 1436 2604 Nam

353 2647 437 2728 quod
458 2645 590 2711 alterum
612 2647 644 2711 in
666 2653 801 2712 mentem
822 2647 929 2712 venire
945 2653 1077 2728 poterat
1100 2646 1221 2711 codices
1244 2647 1436 2712 edeteriore

353 2753 468 2819 familia
499 2765 586 2819 ortos
619 2755 780 2819 meliorum
807 2754 1040 2836 comparatione
1068 2754 1248 2819 emendatos
1278 2773 1361 2830 esse,
1396 2755 1435 2820 id

352 2861 480 2941 tollitur,
502 2864 586 2943 quod
608 2881 653 2940 ea,
677 2881 757 2943 quae
778 2862 894 2928 babent
915 2881 933 2927 e
955 2859 1091 2926 melioris
1112 2862 1236 2942 generis
1254 2862 1434 2943 scripturis,

352 2969 476 3034 minime
498 2969 648 3035 eiusmodi
671 2977 752 3048 sunt
775 2989 856 3051 quae
878 2971 957 3052 quis,
979 2969 1136 3034 intellecta
1157 2969 1319 3034 meliorum
1340 2971 1433 3034 codi-

352 3095 421 3142 cum
443 3077 646 3158 praestantia
669 3078 837 3160 praecipue
858 3078 931 3142 inde
953 3095 1075 3142 sumere
1096 3076 1232 3141 voluisse
1243 3077 1342 3142 videri
1352 3095 1434 3157 pos-

351 3185 402 3264 sit
423 3191 498 3265 tum,
520 3186 604 3267 quod
625 3185 658 3250 hi
680 3185 802 3251 codices
824 3185 869 3250 ita
891 3185 1063 3265 comparati
1086 3191 1168 3264 suut,
1190 3189 1226 3248 ut
1247 3203 1308 3248 non
1326 3184 1433 3250 solum

351 3293 502 3358 eiusmodi
523 3300 610 3358 recta
630 3294 775 3358 volumtas
797 3312 858 3358 non
880 3299 1041 3374 appareat,
1064 3293 1119 3357 sed
1142 3291 1308 3373 singularis
1330 3311 1433 3372 quae-

350 3401 423 3465 dam
444 3400 576 3466 licentia.
624 3401 781 3466 Facillime
802 3407 915 3480 autem
942 3419 1012 3464 oum
1033 3400 1127 3481 vulgo
1154 3398 1434 3464 circumferrentur

351 3507 472 3574 codices
494 3507 673 3588 interpolati
694 3517 727 3573 et
747 3508 905 3573 hominum
926 3508 1038 3573 iudicio
1060 3515 1219 3589 tamquam
1236 3507 1431 3571 emendatio-

350 3635 402 3682 res
424 3616 641 3697 probarentur,
663 3615 716 3680 illa
738 3622 856 3695 aetate,
890 3633 952 3697 qua
973 3615 1101 3680 incensa
1127 3615 1158 3679 iu
1182 3615 1273 3679 ltalia
1295 3616 1431 3680 exarde-

351 3724 480 3788 scebant
502 3723 607 3787 studia
627 3723 975 3805 ueterumscriptorum
997 3722 1117 3804 aliquis,
1140 3723 1193 3805 qrd
1215 3723 1247 3786 in
1269 3723 1431 3803 antiquius

350 3837 383 3896 et
403 3830 553 3912 integrius
565 3830 722 3912 exemplar
742 3831 901 3912 inciderat„
927 3831 961 3896 id
982 3830 1242 3912 interpolatorum
1263 3847 1430 3912 compara-

350 3938 435 4002 tione
456 3957 657 4019 corrumpere
677 3939 788 4020 potuit

435 4046 473 4110 In
494 4045 553 4111 hoc
574 4046 713 4111 codicum
735 4064 848 4128 genere
869 4044 1030 4110 habendus
1052 4051 1101 4110 est
1122 4045 1258 4126 primum
1279 4045 1340 4124 ille,
1362 4064 1429 4128 quo

350 4152 507 4218 Victorius
530 4171 606 4218 usus
629 4159 685 4218 est
730 4153 897 4232 Isomittit,
919 4153 1053 4234 quaein
1075 4152 1280 4218 deterioribus
1303 4152 1430 4218 addun-

349 4266 402 4326 tur
423 4262 502 4341 1,30
523 4267 555 4326 et
575 4261 617 4326 63
639 4267 671 4326 et
692 4261 733 4340 IL
746 4262 786 4325 12
809 4259 874 4342 (sed
893 4259 973 4342 forta
998 4259 1122 4338 datis),
1155 4259 1322 4343 multisque
1348 4259 1428 4327 locis

350 4385 420 4434 cum
441 4367 531 4434 bonis
553 4368 715 4448 consentit,
736 4369 823 4434 velut
843 4369 901 4448 Ι,4
922 4388 938 4432 e
962 4366 1096 4448 Graecia
1119 4369 1162 4434 20
1176 4366 1306 4448 podab'a,
1326 4367 1429 4434 inter-
