2956 5028
369 412 414 457 nr
438 410 519 458 nan.
542 409 605 456 urs.
628 409 652 455 11
674 409 748 457 cnr.
767 411 878 457 m-ee.
1100 389 1160 454 267

87 583 197 640 stratu
223 579 318 642 omnia
346 579 517 660 voluptatis
550 596 647 644 causa
679 575 834 642 mcmmm
867 595 939 642 esse
966 583 1059 658 teque
1087 575 1162 640 nihil

86 677 247 744 fecissein
267 681 330 744 vita
352 679 412 744 nisi
433 679 605 762 voluptatis
616 680 734 745 eausa?
752 715 787 726 -
809 681 859 744 An
881 696 940 756 me,
962 677 1075 759 inquio,
1098 683 1162 741 tam

85 786 236 846 umentem
262 787 370 862 putes,
404 789 440 846 ut
465 781 552 863 apud
579 781 741 862 imperitos
768 781 829 846 isto
851 779 1097 861 modo-loquer?
1122 813 1161 823 -

85 881 129 944 At
151 887 190 945 tu
207 884 308 948 eadem
330 884 393 948 ista
414 883 465 948 dic
491 883 523 946 in
550 882 664 947 iudicio
686 889 751 961 aut,
772 881 801 947 si
822 899 969 947 coronam
990 880 1090 958 timeo,
1112 879 1162 944 die

84 983 117 1046 in
141 993 253 1049 sensui
296 985 476 1066 Numquam
498 983 602 1049 iacies
647 983 719 1062 Cur,
742 983 801 1049 nisi
823 983 908 1064 quod
936 981 1038 1063 turpis
1061 980 1199 1047 oratiob

84 1087 157 1148 est?
199 1085 282 1150 liene
303 1104 380 1167 ergo
402 1091 434 1151 et
455 1085 613 1150 Triarium
635 1085 746 1167 dignos
768 1085 943 1162 existimas,
971 1084 1056 1165 apud
1079 1100 1158 1164 quos

83 1187 217 1266 turpiter
234 1188 385 1268 loquere?

173 1289 277 1353 XXIII
300 1291 351 1354 75.
386 1289 576 1354 Verumt
527 1295 609 1352 esto:
632 1287 793 1354 verbum
784 1306 889 1370 ipsum
904 1286 1074 1368 voluptatis
1097 1303 1158 1350 non

83 1389 179 1453 babet
197 1390 387 1472 dignitatem,
415 1407 473 1454 nec
493 1408 552 1454 nos
578 1387 713 1454 fortasse
740 1389 959 1470 intellegimus;
992 1387 1050 1452 boc
1078 1386 1158 1452 enim

82 1491 245 1556 identidem
256 1492 369 1569 dicitis,
386 1509 448 1556 non
459 1491 639 1572 intellegere
650 1510 718 1570 nos,
730 1508 825 1572 quam
836 1490 946 1556 dicatis
958 1489 1157 1570 voluptatem.
1177 1493 1220 1559 10

82 1592 163 1656 Rem
183 1591 319 1658 videlicet
340 1591 497 1658 difficilem
518 1598 551 1657 et
571 1593 749 1658 obscuram!
793 1591 959 1658 Indiuidua
975 1589 1158 1656 cumdicitis

152 1812 367 1878 sequace.
385 1813 557 1877 qu.odomE
597 1811 866 1864 namnetica
905 1809 1157 1879 θαίαίνηωμῌι

83 1879 226 1947 auom
243 1880 289 1948 en]
357 1831 417 1930 ΜΨ,
420 1899 448 1930 u
433 1879 560 1945 tepentem
578 1898 650 1945 quam
668 1881 754 1931 dualis
774 1880 920 1932 LPMCR
905 1879 1034 1946 uoluptates
1052 1881 1074 1930 E
1119 1883 1155 1928 ll

82 1901 149 1998 rides
166 1965 254 2006 omum,
273 1953 315 2002 Or.
369 1966 420 1999 cum
438 1949 516 2000 dctis
534 1965 583 2000 om.
601 1949 698 2000 Peles

80 2139 172 2195 Nulla
192 2139 237 2195 bic
259 2140 335 2196 ratio
358 2149 403 2196 est
424 2140 555 2196 incertae
572 2157 716 2215 personae
729 2138 920 2210 inducendae,
944 2157 1010 2197 cum
1023 2139 1053 2196 in
1065 2157 1155 2196 unum

81 2223 261 2298 Torquatum
283 2225 358 2282 haec
380 2224 495 2282 cadant

164 2312 215 2366 reici
233 2311 309 2384 quod
330 2312 419 2384 tutpie
440 2313 526 2368 oratio
547 2307 599 2384 eat)
623 2309 858 2384 Omittuutquod
868 2309 957 2366 etiam
970 2307 1047 2385 Spir.
1060 2305 1114 2389 [B]
1127 2319 1157 2368 et

80 2407 139 2451 tres
160 2394 385 2463 ParaDuvisii3
408 2405 572 2469 sequuntur
593 2413 645 2452 eos
666 2395 714 2452 hic
736 2403 767 2452 et
789 2393 892 2465 Gaius,
915 2393 1033 2474 [contre
1056 2396 1086 2453 A
1111 2393 1155 2473 et]

78 2479 128 2535 rix
150 2489 237 2536 recte.
278 2480 359 2537 Nam
381 2489 432 2536 aut
454 2481 496 2538 sic
518 2480 684 2554 quaeritur:
727 2479 815 2548 Quam
837 2483 919 2538 aliam
940 2499 1051 2538 causam
1074 2481 1155 2537 lobea

79 2567 132 2621 uisi
146 2566 234 2622 dmm?
255 2565 356 2622 idest:
379 2567 433 2622 nisi
442 2567 525 2640 quod,
537 2564 656 2623 autsic:
683 2565 771 2634 Quom
782 2584 892 2623 carmem
904 2563 1051 2646 (omnino)
1063 2566 1154 2636 bobes,

77 2655 102 2706 ei
122 2651 192 2707 banc
212 2669 262 2706 non
286 2651 387 2708 babeat
409 2650 440 2707 id
461 2660 521 2708 est:
544 2655 569 2708 ei
590 2653 678 2726 turpia
688 2653 836 2708 orationon
853 2661 907 2722 eet3
929 2651 1049 2708 tertium
1065 2651 1153 2708 illud:

81 2735 167 2803 Qum
189 2754 299 2792 caueam
311 2736 403 2806 habea
426 2738 480 2793 mai
500 2769 542 2778 -
564 2743 623 2794 est?
649 2737 874 2813 interrogationi
902 2736 940 2793 ed
967 2736 1153 2812 negotionem

76 2820 227 2878 inclinanti
249 2821 454 2896 exceptionem
478 2821 603 2879 similem
625 2821 786 2899 adiungere
808 2820 940 2894 videtur,
968 2839 1003 2878 ac
1025 2821 1051 2878 si
1073 2823 1154 2878 dices

76 2909 128 2962 aaa
140 2909 225 2980 sorte,
248 2905 325 2980 quod
348 2905 417 2963 hinc
439 2906 568 2964 alienum
591 2915 645 2964 est.
678 2907 819 2964 Notabile
842 2915 950 2976 tamen,
972 2905 1153 2978 infra5102

77 2991 210 3048 simfliter
230 2990 260 3047 in
284 2991 456 3048 melioribus
478 2992 629 3050 codicibus
657 2989 724 3070 [sed
751 2990 902 3070 omnibus]
930 3010 995 3049 esse
1023 2995 1088 3064 ubi,
1123 2991 1152 3048 in

75 3076 268 3134 deterioribus
290 3079 344 3133 reici
363 3095 432 3134 mem.
477 3076 610 3134 Verbum
631 3077 737 3134 ultimo
759 3077 824 3134 loco
842 3077 1051 3135 hubentetiam
1065 3076 1152 3152 Spin,

75 3161 151 3232 Bas,
177 3159 255 3220 Gnd.
280 3165 295 3218 1
320 3169 410 3218 etex
431 3163 468 3221 iis
491 3161 594 3221 Gzius.
673 3233 678 3240 Ι

158 3245 232 3322 Cap.
254 3247 377 3317 XXIII,
401 3249 451 3304 75.
485 3267 567 3322 quam
589 3247 871 3324 deodevoltmmtem)
894 3249 1007 3306 Verum
1021 3247 1152 3306 ordinem

74 3331 180 3408 (prave
201 3331 278 3388 enim
300 3332 518 3390 substantivum
539 3332 752 3408 interrogativo
763 3333 1010 3408 praeponebatur,
1033 3333 1062 3390 in
1075 3333 1153 3408 quod

73 3416 246 3491 praesertim
268 3417 364 3476 oratio
377 3413 541 3498 incumbat)
564 3416 799 3476 restituithiue
822 3437 838 3475 e
860 3418 921 3476 suis
939 3417 1023 3475 codd.
1035 3429 1154 3493 praeter

73 3501 153 3560 Gnd.
167 3501 185 3558 2
208 3501 277 3578 (uisi
290 3501 327 3560 de
344 3501 539 3561 deterioribus
550 3502 643 3561 falsus
655 3512 709 3575 est,
733 3511 766 3560 ut
777 3503 813 3560 de
825 3497 951 3584 Marso),
974 3512 1003 3560 et
1020 3503 1153 3560 ediderat

72 3587 109 3644 sic
133 3586 309 3646 Cratander.

159 3671 227 3729 Rem
248 3673 368 3730 uidelicet
390 3674 539 3751 difficilem)
562 3673 598 3731 In
621 3673 757 3732 omnibus
780 3673 874 3744 codd,
898 3673 954 3730 hoc
966 3683 1020 3742 est,
1044 3674 1151 3730 inuno

70 3756 206 3832 principe
228 3757 433 3833 compendium
456 3759 512 3815 hoc
533 3761 587 3816 trid.
610 3757 728 3816 transiit
749 3758 780 3815 in
802 3759 885 3828 vides,
909 3767 942 3816 ut
963 3757 1049 3828 alibi,
1073 3758 1152 3833 quod

70 3851 281 3900 commutatum
310 3851 375 3900 erat
401 3861 467 3901 cum
496 3845 589 3902 altero
611 3845 683 3913 bed,
718 3843 747 3902 in
770 3845 871 3901 iudices
893 3843 962 3920 (pro
984 3844 1087 3902 Planc.
1111 3845 1150 3901 72

71 3927 173 4003 ibique
195 3921 324 4008 Garat).
368 3927 506 3988 Correxit
528 3929 681 3986 Manutius
709 3928 873 3986 certissima
895 3929 1099 3986 emendatione
1122 3939 1152 3986 et

69 4011 212 4070 smultis
233 4013 368 4088 probata,
391 4021 494 4072 contra
516 4033 604 4089 quem
627 4013 721 4072 Gaius
748 4013 859 4072 frustra
881 4023 1001 4091 pugnat
1045 4013 1150 4089 Neque

69 4099 149 4156 enim
172 4097 202 4153 in
224 4089 392 4156 huiusmodi
415 4099 525 4170 ironia,
547 4118 614 4158 cum
632 4099 678 4171 id,
709 4100 788 4174 quod
809 4100 996 4158 adversarius
1018 4099 1150 4178 intellegi

67 4191 168 4262 negat,
185 4191 378 4260 pervagatum
389 4203 455 4242 esse
466 4183 658 4260 significatur,
681 4186 837 4260 quisquam
848 4187 923 4242 videa
934 4185 1032 4243 dicere
1043 4195 1149 4261 potest.

68 4267 152 4344 Quid
173 4267 251 4324 enim
273 4268 325 4326 ille
346 4267 436 4327 uidet?
459 4270 536 4328 Tum
558 4270 610 4328 illo
632 4271 777 4329 vocabulo
800 4271 919 4341 utimur,
942 4289 1008 4328 cum
1025 4271 1150 4330 alterum

67 4357 100 4413 ad
126 4372 193 4410 rem
216 4353 272 4410 sibi
285 4363 395 4425 notam,
418 4372 494 4429 quae
516 4356 554 4413 ed
575 4356 666 4414 alium
678 4356 806 4431 aliquem
819 4355 976 4432 pertineat,
999 4357 1150 4414 attendere
