2920 5012
366 377 411 422 sn
435 375 515 423 usn.
533 376 624 422 unm
646 375 719 424 cle.
740 379 779 424 no.
1071 359 1110 423 77

72 555 146 610 notu
171 551 202 612 et
231 546 369 627 impetus
401 564 464 628 qno
495 545 686 626 pertineant,
724 563 787 610 non
818 544 1045 626 intellegamus3
1078 553 1113 610 tu

71 653 118 711 tan
141 649 271 731 egregios
304 648 390 712 viros
416 665 524 712 censes
551 653 655 712 mnus
678 666 729 712 res
750 647 886 729 gessisse
909 647 975 712 sine
997 649 1112 712 causa?

71 751 107 814 35.
125 750 198 827 ane
213 749 307 815 inerit
324 767 427 828 cansa
444 769 516 814 mox
531 750 653 829 sideru
676 749 796 815 interea
811 750 871 815 hoc
887 750 1007 830 tenebo,
1031 750 1057 815 si
1074 749 1113 814 ob

71 851 175 932 siquam
193 871 319 918 causam
339 852 415 932 ista,
438 871 518 933 quae
540 852 608 917 sine
629 851 722 916 dubio
745 851 908 932 praeclara
929 859 1010 931 sunt
1033 849 1112 918 iece-

70 953 126 1032 c'nt,
154 954 293 1020 nrmtem
325 954 364 1019 iis
396 974 454 1036 per
486 973 521 1019 se
552 955 653 1035 ipsam
686 971 812 1018 causam
844 973 907 1018 non
944 952 1048 1019 finisse.
1073 957 1152 1020 -5

70 1054 194 1137 Torqnen
215 1057 352 1149 detrusit
372 1057 462 1122 hosti.
476 1056 575 1120 -Et
596 1055 720 1138 quidem
742 1073 776 1122 se
797 1055 882 1134 texit
905 1075 944 1121 ne
965 1056 1113 1122 inteniret.

116 1264 135 1309 a.
153 1259 363 1329 [conspuens
394 1268 416 1312 ι.
433 1262 513 1312 eus
541 1266 564 1310 s.
586 1258 616 1330 [e
634 1259 681 1328 nv]
701 1260 755 1311 cs
773 1259 809 1310 se
823 1257 880 1328 [sp
899 1259 1043 1323 (speses.
1078 1237 1114 1327 p}

69 1343 107 1376 un
117 1345 156 1394 per
168 1347 192 1380 se
209 1329 277 1382 COr.
314 1339 393 1380 tanuen
411 1333 471 1396 (pro
490 1331 601 1390 camum)
621 1330 643 1382 C
678 1333 702 1378 ῦ.
719 1338 743 1380 te
761 1335 818 1395 (pro
835 1331 872 1394 se)
890 1330 913 1380 Ε
954 1330 1115 1380 iuterimntE

67 1537 164 1612 tempori
183 1557 250 1596 eam
272 1539 417 1609 ascribat3
446 1547 586 1614 quattuor
613 1537 672 1596 elie
693 1538 779 1614 posui
802 1537 832 1594 in
853 1538 949 1614 Epist.
971 1538 1008 1596 ad
1031 1537 1115 1598 Orcl-

67 1619 120 1678 llmn
146 1643 172 1699 p.
193 1625 251 1694 85;
284 1634 418 1700 poteram
452 1625 553 1700 plurs;
581 1624 660 1681 'nihil
692 1623 771 1680 enim
798 1623 956 1701 vulgatius.
1000 1624 1116 1681 Deinde

66 1707 148 1765 sulcu
174 1719 294 1785 praeter
314 1711 380 1768 Pal
406 1713 420 1768 l
447 1719 477 1767 et
497 1710 560 1769 Eri.
583 1708 732 1767 habebant
764 1709 847 1766 codd.
870 1711 946 1767 ltlor.
975 1719 1005 1766 et
1025 1710 1115 1783 vies,

65 1790 106 1847 hoc
123 1803 175 1866 cst,
208 1795 364 1853 meliorum
397 1795 524 1864 familia;
558 1795 706 1853 hebebant
733 1794 822 1852 etiam
850 1794 988 1853 Lbinieni
1016 1805 1046 1852 et
1078 1815 1115 1852 ex

66 1877 140 1935 ninus
158 1881 243 1939 bonis
263 1882 342 1939 Pell.
367 1881 385 1938 2
408 1890 438 1939 et
461 1884 495 1952 43
518 1883 595 1938 Dav.
617 1875 753 1962 (turbent)
776 1880 850 1938 nihil
866 1880 956 1951 dixis
979 1882 1117 1939 turbentur

64 1961 123 2020 Pell
141 1965 300 2025 deteriores
322 1967 381 2025 dno
403 1961 448 2049 (5,
473 1969 506 2036 63
530 1967 548 2025 3
572 1961 749 2046 uehuntur),
772 1965 852 2026 Oxx.
869 1985 979 2024 omnes.
1023 1965 1117 2026 Guius

63 2047 182 2122 flagitiose
215 2053 354 2122 „codices
386 2061 500 2110 mnium
527 2071 587 2110 non
609 2057 729 2110 omnes“
763 2052 820 2109 hoc
847 2053 957 2110 habere
990 2052 1116 2128 scripsit,

62 2131 109 2190 nc
132 2144 158 2192 et
178 2137 258 2214 Spin.
280 2138 405 2210 oblitus,
438 2139 616 2214 recepitque.
665 2138 817 2195 Turbeutur
850 2136 901 2219 (ab
930 2135 1011 2220 eliis)
1044 2137 1118 2196 nihil

63 2228 107 2288 θεῖς
126 2223 228 2281 tulare
250 2224 386 2283 absolute
409 2223 476 2296 dici,
499 2224 588 2281 etiam
610 2223 792 2294 sCicerone,
815 2231 849 2281 ut
870 2222 910 2281 sit
931 2223 1024 2282 urbas
1041 2225 1116 2284 dore.

61 2300 137 2362 lexico
166 2309 282 2367 decent.
337 2309 402 2366 Nec
423 2309 461 2367 de
483 2310 581 2366 animo
609 2309 657 2366 hic
685 2309 797 2386 agitur,
831 2310 883 2367 sed
916 2310 952 2367 de
985 2309 1117 2388 corporis

62 2399 113 2447 attin
131 2403 159 2450 et
178 2404 261 2452 motu
282 2414 343 2452 non
366 2395 428 2452 sine
451 2413 541 2452 cause
562 2403 709 2471 suscepto.

126 2476 320 2561 numquam)
348 2483 533 2554 uuellepuutur
559 2480 654 2538 codex
681 2481 726 2538 Io.
747 2479 797 2537 Fr.
826 2478 972 2538 Gronovii
999 2481 1117 2557 ignotus

61 2569 83 2614 et
98 2561 165 2621 Dav.
186 2567 350 2641 pessimus,
379 2564 465 2638 CCC,
498 2566 577 2641 quod
605 2565 776 2625 Gronovius
809 2565 992 2624 attractionis
1021 2565 1117 2640 specie

61 2649 208 2707 uomebat.
254 2651 343 2725 Quod
365 2652 498 2726 seqnitur
518 2653 623 2720 edero,
657 2651 693 2709 de
721 2669 756 2708 eo
779 2651 903 2726 exposui
925 2653 955 2709 in
979 2650 1118 2727 disputat.

61 2729 204 2794 deformis
228 2737 406 2812 quibusdam
432 2737 516 2794 verbi
544 2737 659 2810 Latini,
695 2735 804 2813 Opusc.
826 2737 921 2794 Acnd.
943 2737 991 2809 Π,
1024 2756 1053 2814 p.
1077 2737 1116 2794 92

62 2825 83 2870 et
101 2819 144 2875 96.

126 2905 172 2963 35.
189 2925 246 2984 per·
262 2927 292 2966 se
309 2901 412 2988 speum)
435 2906 485 2968 Sic
507 2907 595 2965 etiam
619 2905 689 2986 [A‚]
711 2907 790 2965 Vict.
802 2907 866 2965 cod.
879 2915 909 2965 et
926 2907 1026 2977 „bini“
1040 2905 1118 2966 Gzii.

127 2991 164 3048 Et
184 2995 297 3068 prudent
319 3013 348 3050 se
369 2988 447 3072 tecit)
475 2993 522 3050 De
548 2994 654 3051 harum
681 2992 893 3069 particularum
915 3011 970 3050 usu
992 2993 1022 3049 in
1045 2993 1118 3067 eius,

60 3073 120 3144 qnod
139 3097 176 3134 ex
198 3078 327 3136 adverso
350 3079 460 3136 dictum
488 3088 580 3152 esset,
614 3088 644 3136 et
675 3079 863 3137 concessione
896 3087 927 3135 ct
954 3078 1118 3136 elevatione

61 3163 163 3234 exposui
195 3163 228 3220 in
264 3164 432 3221 Emendatt.
461 3164 562 3222 libello
595 3159 709 3245 (1826)
742 3183 771 3240 p.
796 3165 835 3221 90
859 3183 922 3240 sqq.
953 3165 1119 3239 multosque

60 3239 188 3308 licronis
210 3250 296 3307 locos
318 3250 475 3326 explicavi.
519 3251 560 3307 Et
581 3250 712 3308 annectit
733 3250 984 3322 observationem,
1012 3251 1117 3325 quidun

59 3329 87 3383 sd
108 3333 165 3391 eins
197 3343 378 3411 potestatem
407 3335 519 3393 attendi
541 3336 631 3393 iubet.
674 3336 770 3394 Miror
801 3354 922 3411 prorsus
954 3337 1118 3412 neglectum

60 3431 108 3471 esse
126 3417 179 3477 hoc
200 3439 297 3498 genus
319 3421 358 3478 ab
379 3421 499 3479 Handio
521 3421 552 3479 in
575 3421 721 3499 particule
737 3423 788 3479 Et.
832 3421 988 3498 Singulare
1008 3422 1120 3497 aliquid

58 3497 129 3560 hebet
148 3505 232 3564 locus
256 3506 292 3564 de
314 3506 416 3565 Divin.
438 3507 486 3580 Π,
513 3509 588 3580 114,
610 3507 662 3564 ubi
685 3525 842 3583 expressae
864 3508 1046 3566 concessioni
1068 3527 1120 3564 an·

59 3588 165 3646 nectitur
185 3593 334 3649 elevatio:
356 3593 408 3650 Ille
428 3613 499 3666 vero,
517 3602 542 3650 et
558 3613 590 3650 eu
612 3595 719 3668 quum
741 3589 789 3668 (id
811 3601 870 3666 est,
894 3593 946 3651 sed
967 3593 1042 3650 nihil
1063 3593 1119 3651 nisi

58 3667 108 3752 ts),
128 3696 196 3750 quoe
219 3697 311 3735 mnes
332 3697 362 3735 eo
384 3688 512 3755 ternpore,
545 3699 578 3736 ue
604 3681 768 3748 ueciduent,
803 3680 965 3737 nisebamus.
1010 3679 1119 3737 Rarius

58 3759 184 3820 omittitur
205 3773 248 3835 et,
278 3773 313 3820 nt
340 3764 390 3821 hic
410 3773 479 3840 post
500 3781 595 3840 pauca
617 3766 722 3822 verba:
756 3765 789 3821 Iu
811 3767 894 3822 oculis
915 3766 1023 3840 quidem
1044 3783 1119 3822 euer-

57 3845 123 3917 titus,
157 3867 215 3906 nee
255 3859 355 3907 tamen
393 3869 569 3924 numqusm3
606 3850 665 3908 vid.
698 3852 784 3909 Vere.
819 3852 849 3922 Ι,
889 3851 945 3907 25:
992 3851 1119 3921 Casuum,

57 3929 135 4002 nquit,
166 3937 294 4008 capuensi
325 3945 435 4011 operm.
490 3937 539 3993 Eu
571 3955 602 3994 re
628 3937 749 4011 quidem,
782 3937 858 4011 quod
888 3939 966 3994 aliter
998 3938 1120 3994 occidem-

57 4019 105 4071 Mre'
132 4037 194 4078 reus
228 4041 282 4078 nort
310 4031 400 4096 potest
432 4023 515 4096 (engo
548 4022 728 4080 accusatoris
761 4039 851 4079 causa
883 4021 913 4079 id
954 4029 999 4078 est
1036 4021 1119 4080 insti·

57 4107 149 4174 lutum,
171 4124 234 4163 non
258 4099 331 4187 rei);
364 4107 425 4165 ibd.
447 4108 503 4180 IV,
538 4107 593 4165 20:
638 4107 676 4164 At
693 4109 800 4184 ponhlios
821 4107 1002 4165 cuumodusti.
1057 4107 1120 4166 Νοη

56 4187 100 4243 *tce
128 4209 226 4265 muqoso
261 4194 368 4268 quidem
400 4195 442 4249 rei
469 4193 594 4268 publecae
626 4195 794 4264 ἀεῑήνηεηέος
828 4213 883 4269 pro
916 4192 1002 4252 Caec.
1037 4194 1055 4251 8
1089 4197 1119 4274 (e

55 4272 106 4328 wd-
126 4271 351 4358 palimpsesto):
395 4279 452 4336 Est
482 4281 551 4335 enim
584 4289 662 4356 turpe
694 4281 829 4337 ecdicium.
874 4279 924 4336 Eu
950 4281 1029 4354 sacto
1060 4283 1119 4354 qui-

56 4355 103 4413 dem
132 4366 215 4438 tupi.
269 4363 360 4421 Videte
392 4373 447 4421 etc.
501 4363 549 4422 De
572 4365 611 4422 N.
633 4365 671 4422 D.
694 4366 758 4437 111,
782 4365 837 4423 82:
864 4367 903 4422 At
925 4365 1068 4433 Phalaris,
1091 4376 1120 4421 ot
