2948 5024
312 371 342 416 nr
358 369 436 416 usn.
454 369 516 415 nm.
536 371 556 416 v
579 368 652 416 car.
676 371 785 416 ea-rr.
1013 351 1076 416 745

110 539 199 606 oucule
214 540 295 606 odiar:
313 537 420 610 „Virtus
442 539 484 605 ad
506 539 596 604 beate
607 538 772 604 vivendum
795 557 829 604 se
850 538 921 620 ipsa
931 542 1076 604 contenta

105 651 162 722 est,
183 643 273 720 Quam?
288 641 372 723 inquit;
395 641 577 722 respondet:
604 641 711 720 „Quia
733 641 794 706 nisi
815 641 901 722 quod
911 641 1076 706 honestum

103 751 145 824 est,
161 745 246 810 nullum
262 749 298 810 est
313 743 380 810 alud
400 744 543 810 bonum.“
588 743 659 808 Non
682 761 800 826 quaero
823 743 899 822 iam,
927 761 1076 808 verumne

96 849 138 927 sin
158 847 214 912 ilud
228 847 285 926 dico,
301 865 335 926 ea
352 864 428 928 quae
450 845 542 924 dicae
564 845 724 927 praeclare
744 845 826 910 inter
848 863 883 910 se
900 845 1075 911 cohaerere.

93 951 132 1014 80.
148 948 240 1014 Dixerit
255 949 299 1014 hoo
314 949 379 1014 idem
400 947 564 1037 Epicurus,
587 966 712 1029 semper
733 948 859 1014 beatum
869 965 939 1014 esse
950 947 1075 1029 sapien·
1093 957 1114 1022 5

87 1061 147 1130 tem;
165 1050 332 1133 quodqudem
346 1049 421 1115 solet
432 1050 559 1116 ebullire
571 1068 816 1132 nonnumquam3
838 1069 930 1132 quem
942 1049 1075 1131 quidem,

134 1255 286 1322 simoniden
300 1255 336 1308 CR
364 1261 385 1306 t.
405 1254 478 1322 [quid
495 1253 542 1323 Eh]
564 1255 642 1320 puiC
676 1253 736 1306 soler
753 1255 841 1310 om.E
877 1253 1033 1305 ebullrraraE

85 1451 160 1517 maroa
187 1447 310 1522 utriusque
332 1445 402 1504 anim
430 1447 573 1504 rationem
601 1455 632 1504 et
658 1463 776 1505 eausam
804 1446 954 1522 explicare
981 1447 1077 1504 debet.

85 1552 153 1608 aqua
169 1533 282 1608 primum,
301 1533 425 1590 absoluta
446 1534 500 1590 hac
522 1532 633 1608 protasi
650 1527 861 1614 (consenescat),
885 1532 967 1607 sequi
990 1532 1077 1589 debe·

85 1631 104 1676 tt
121 1618 245 1694 apodasis,
265 1637 327 1693 qnae
337 1618 459 1676 Zenonis
470 1617 653 1676 constantiae
664 1618 892 1676 declarationem
905 1619 1077 1688 contineret,

88 1704 147 1761 inde
166 1713 257 1774 autem,
276 1723 342 1762 nova
360 1705 471 1780 protasi
493 1704 599 1779 posita,
622 1703 716 1761 altera
731 1703 879 1779 epodosis,
902 1722 977 1778 quae
1000 1711 1077 1760 cate·

85 1810 93 1848 s
113 1810 129 1846 a
149 1809 176 1846 se
192 1789 325 1847 dissembe
344 1789 517 1860 ostenderet,
540 1790 596 1846 hac
607 1788 669 1846 fera
683 1789 825 1847 orationis
836 1787 945 1847 forma:
971 1788 1077 1863 „Quia

85 1897 104 1932 n
125 1895 143 1932 a
161 1875 265 1932 Zenorm
284 1910 330 1947 -‚
351 1875 416 1932 huic
439 1876 556 1932 decreto
579 1875 726 1946 convenit,
749 1875 828 1949 quod
844 1873 964 1946 iudicat,
987 1875 1078 1932 hone·

86 1982 110 2018 m
131 1961 215 2018 solum
237 1961 332 2018 bonnm
353 1978 431 2030 esse3
460 1979 526 2018 curn
549 1961 587 2018 ab
609 1961 738 2036 Epicuro
760 1960 882 2018 vobisne
904 1960 982 2018 idam
1003 1959 1078 2016 illud

85 2048 147 2118 itur,
167 2059 328 2122 repugnant,
349 2065 423 2121 quae
446 2045 590 2104 debonis
612 2057 642 2103 et
663 2046 748 2103 malis
770 2046 927 2104 statuitis.“
973 2045 1078 2106 Cicero

85 2133 182 2190 tionem
195 2131 353 2189 vividiorenl
366 2131 495 2190 efficiens
517 2151 555 2189 ne
577 2132 607 2189 in
630 2131 727 2208 priore
745 2131 862 2207 quidem
890 2139 974 2208 parte
995 2131 1078 2188 illam

85 2237 145 2274 nam
167 2218 261 2289 tenuit,
284 2217 341 2286 sed,
364 2218 484 2275 inducta
505 2217 745 2294 interrogationis
768 2225 798 2274 et
819 2217 953 2292 responsi
975 2217 1078 2294 figura,

85 2304 167 2374 losin,
182 2302 213 2360 ‘si
233 2303 268 2360 de
287 2303 476 2380 grammatica
495 2303 610 2360 ‘ratione
633 2303 810 2378 quaerimus,
833 2303 862 2360 in
885 2303 977 2360 verbo
994 2305 1081 2378 inquit

88 2386 148 2468 uis)
169 2389 323 2461 constituit,
345 2389 383 2446 ad
404 2388 579 2464 particulam
602 2392 666 2463 quaa
688 2407 746 2445 non
763 2397 841 2464 apte,
864 2389 933 2462 quia
949 2389 1077 2446 nondum

85 2475 172 2531 luitur
199 2473 376 2532 constantiae
411 2473 577 2533 Stoicorum
606 2473 792 2550 significatio}
838 2474 944 2549 Itaque
971 2474 1019 2530 hic
1046 2474 1077 2530 in

91 2559 214 2618 eandem
236 2560 378 2618 habemus
400 2561 523 2637 figuram
542 2560 754 2617 orationisnon
777 2559 876 2616 statim
888 2559 925 2617 ad
937 2560 976 2630 id,
1000 2559 1079 2634 quod

85 2645 146 2702 rula
168 2645 321 2722 expectari
337 2646 428 2716 iubet,
450 2645 676 2722 progredientis,
698 2664 785 2720 quam
808 2645 883 2716 adI,
898 2647 936 2702 18
959 2645 989 2702 in
1012 2648 1079 2702 enim

86 2751 140 2806 que
162 2731 323 2788 declaravi.
369 2729 444 2809 [Cir.
469 2730 516 2788 hic
537 2731 627 2803 11‚a;
650 2732 790 2802 Tusc.V‚
805 2730 869 2809 32]
898 2731 930 2789 C.
940 2731 1078 2808 Sigonius

85 2817 198 2874 acutius
215 2837 278 2874 cam
305 2817 459 2874 abendam
480 2817 632 2892 putabant,
656 2835 715 2874 non
736 2817 1013 2886 animadvertentes,
1036 2816 1079 2874 sic

85 2923 98 2960 n
124 2903 251 2960 omnino
274 2903 352 2974 eius,
377 2917 463 2978 quam
481 2906 547 2977 quio
568 2902 724 2978 promittit,
747 2903 909 2959 sententiae
932 2902 1078 2978 significa·

85 3010 90 3045 ι
116 3007 196 3046 esse.
249 2987 449 3046 Recentiores
475 2989 544 3046 inde
566 3006 584 3044 a
605 2987 730 3045 Davisio
752 2987 817 3065 (qni
839 2987 927 3045 scribi
945 2987 1078 3045 volebat:

98 3076 266 3149 rimari-enti,
286 3073 448 3149 mspondet)
461 3073 758 3149 conanturapodosin
780 3073 811 3129 in
828 3073 920 3131 verbo
936 3075 1079 3149 respondet

85 3179 159 3218 nere
184 3159 446 3236 (velutBremins
463 3159 625 3216 scribebat:
647 3166 751 3234 quare!
776 3162 803 3216 ai
822 3161 945 3234 quaeris,
968 3177 1077 3234 respon-

87 3255 120 3302 ta
151 3246 247 3321 prior
276 3263 356 3321 pars
384 3245 563 3316 absolvitur,
596 3245 719 3301 alteram
742 3244 843 3302 deesse
865 3263 924 3301 non
946 3243 1093 3302 animad-·

87 3373 90 3386 .
131 3329 372 3408 (Coniecturae
399 3330 466 3388 illas
494 3330 626 3388 ordinem
656 3331 823 3401 verborum,
852 3331 1024 3406 praesertim
1046 3329 1077 3386 in

86 3416 246 3492 rpodosis,
279 3435 418 3492 pravum
446 3425 476 3474 et
503 3425 670 3474 contortum
699 3416 823 3478 habere,
851 3435 889 3473 ox
917 3415 1077 3473 abundanti

96 3502 254 3560 Orellius
274 3501 487 3560 anacoluthon
503 3502 635 3560 hocesse
657 3510 756 3578 putat,
779 3501 905 3560 fortasse
922 3521 981 3560 non
1004 3501 1078 3558 mul·

85 3605 233 3663 crepans
267 3588 314 3644 ab
342 3605 382 3645 ea
403 3588 534 3659 ratione,
568 3605 656 3662 quam
679 3587 813 3664 exposui.

107 3675 170 3731 hoc
196 3671 302 3753 adens)
331 3673 389 3734 Sic
410 3669 458 3754 [nt
478 3673 567 3730 etiam
589 3670 630 3752 B]
653 3672 801 3732 Gruterus
822 3691 838 3730 e
860 3673 969 3730 Pall.4
991 3683 1022 3730 et
1043 3673 1077 3742 63

86 3779 127 3816 ea
141 3759 326 3816 edebatur
338 3761 460 3834 quiden,
483 3759 562 3832 quod
573 3767 638 3816 erat
648 3759 678 3816 in
691 3757 770 3818 ΟΠ.
782 3759 927 3830 omnibus,
950 3757 1030 3817 Gud.
1045 3761 1077 3827 13

85 3859 91 3904 l
122 3855 160 3902 et
190 3843 294 3904 Gud.
319 3846 342 3902 2
370 3845 547 3902 omittebant
568 3863 680 3916 vocem,
704 3845 783 3920 qnod
805 3844 881 3901 Dav.
904 3843 1057 3920 probabat

85 3934 93 3982 l
119 3932 264 4006 quadem
293 3933 376 3988 solet
397 3927 520 4008 ebullire)
543 3931 604 3988 Pro
626 3932 701 4005 quod
722 3930 809 3986 etiam
823 3929 879 3988 Ox.
891 3947 910 4004 χ
926 3927 1075 3987 etGud.l

101 4020 171 4091 qm'
196 4019 300 4092 quod
328 4015 425 4094 solet).
468 4016 637 4074 Insvaviter
658 4015 732 4073 duae
755 4015 893 4091 deinceps
915 4015 1078 4073 sententiae

87 4121 114 4159 a
142 4101 348 4178 particula
373 4102 481 4176 quidem
503 4101 670 4177 pronomini
691 4101 786 4158 eidem
814 4101 946 4158 subiecta
968 4099 1078 4178 (minus

86 4229 87 4234 κ
120 4188 250 4244 habet
279 4188 378 4245 illud
399 4187 576 4247 incatbO:
598 4187 689 4262 Atque
712 4189 777 4244 boec
798 4188 905 4262 quidem
927 4209 986 4252 —,·
1008 4205 1078 4261 qaae

87 4275 125 4330 in
168 4283 349 4348 utraque
387 4281 485 4331 tamen
518 4292 571 4348 per
604 4291 635 4330 se
668 4281 736 4349 apte
768 4272 914 4349 particula
951 4271 1077 4329 additur.

102 4380 112 4416 ε
145 4361 256 4434 quod
286 4358 398 4436 solet.)
431 4356 506 4440 [Sed
533 4359 671 4433 quoniam
699 4357 787 4416 etiam
814 4358 841 4416 B
868 4359 933 4416 solet
959 4357 1077 4426 omittit,
