3018 5052
451 399 494 445 nr
519 399 598 444 unu.
621 361 683 446 nis.
706 401 740 446 tv
762 401 834 446 cnr.
858 405 878 448 ι.
1127 385 1187 450 481

124 570 287 648 assentiar,
310 568 366 634 sed
387 568 507 649 pudore
528 568 693 649 impedium
726 569 771 634 ita
792 569 887 634 multa
903 569 1018 650 dicunt,
1040 589 1120 653 qnae
1142 572 1193 636 vix

123 671 309 752 intellegam.
353 669 509 748 Obscura,
531 670 644 752 inquit,
675 672 826 753 quaedam
849 690 919 738 esse
940 671 1103 752 confiteor;
1136 693 1193 740 nec

123 781 229 839 tamen
250 773 290 838 ab
311 772 371 838 illis
393 773 437 838 ita
458 771 603 838 dicuntur·
624 773 663 838 de
684 773 845 854 industria,
868 775 923 840 sed
944 775 1026 840 inest
1046 775 1077 840 in
1099 775 1192 841 rebus

122 876 202 958 ipsis
224 874 406 941 obscuritas.
451 873 514 939 Cur
535 874 630 956 igitur
652 877 776 940 easdem
793 893 854 954 res,
874 876 1010 958 inquam,
1031 877 1191 959 Peripate-

123 978 193 1044 ticis
215 976 395 1056 dicentibus,
417 976 545 1041 verbum
568 977 685 1042 nullum
707 983 763 1056 est,
785 979 870 1059 quod
891 998 953 1042 non
973 978 1230 1061 intellegaturlb

122 1081 298 1144 Easdemne
319 1078 528 1160 res‘linquit3
550 1097 590 1143 an
612 1097 723 1160 pamm
745 1080 886 1159 dissensi,
908 1099 970 1145 non
991 1081 1094 1146 verbis
1112 1081 1191 1145 Stoi·

122 1201 179 1248 eos
200 1201 220 1246 a
240 1180 464 1262 Peripateticis,
486 1181 543 1246 sed
564 1181 709 1247 universa
731 1201 764 1246 re
787 1189 819 1246 et
840 1187 906 1246 tota
928 1183 1079 1247 sententia
1100 1183 1192 1248 dissi-

121 1285 222 1350 dere?
244 1283 348 1365 Atqui,
366 1284 505 1364 'inquam
528 1283 614 1363 Ceto,
636 1284 663 1348 si
684 1283 769 1348 istud
780 1284 959 1364 obtinueris,
981 1285 1129 1348 traducas
1143 1303 1192 1350 me
1287 1283 1289 1289 ’
1385 1271 1389 1278 ’

121 1387 166 1452 ad
189 1395 221 1450 te
242 1393 340 1450 totum
366 1385 478 1450 licebit
526 1385 677 1450 Putabam
705 1385 847 1467 equidem
874 1386 966 1466 satis,
999 1386 1111 1468 inquit,
1143 1405 1193 1453 me

121 1489 249 1554 dixisse.
293 1488 397 1565 Quare
419 1489 459 1552 ad
487 1487 696 1569 caprimum,
724 1488 750 1552 si
772 1487 908 1567 videtum
942 1488 990 1552 sin
1011 1489 1096 1553 aliud
1118 1488 1193 1570 quid
1211 1495 1253 1558 10

120 1590 220 1668 uoles,
242 1597 360 1671 postea.
393 1590 490 1654 lmmo
512 1589 597 1654 istud
619 1590 750 1670 quidem,
772 1589 907 1672 inquam,
930 1609 991 1672 quo
1013 1591 1080 1656 loco
1103 1590 1192 1672 quid·

121 1711 188 1774 que
199 1692 243 1772 **,
272 1689 331 1756 nisi
357 1691 497 1774 iniquum
528 1691 665 1773 postulo,
709 1691 862 1756 arbitratu
888 1712 964 1758 meo.
1014 1693 1056 1758 Ut
1083 1681 1192 1774 placet,

197 1917 217 1962 l.
236 1912 315 1962 meunt
331 1921 356 1962 at
373 1913 414 1961 υιζτ
431 1912 452 1961 L
481 1919 519 1964 ,4.
538 1929 588 1962 cum
607 1912 628 1963 O
663 1912 765 1977 qailpno
779 1913 857 1979 tyrium
871 1913 894 1964 ‘E
931 1895 1123 2032 ¹&Jintellt‘pitar
1141 1913 1190 1982 ub]

119 1985 147 2030 ὃ.
170 1979 275 2048 [dant
290 1981 325 2046 ΔΙ
366 1984 388 2030 t.
407 1997 425 2029 a
441 1982 527 2034 omli
566 1980 744 2046 univermsere
761 1983 785 2032 R
818 1983 927 2032 etiamC
985 1984 1121 2034 bsme
1143 1982 1193 2032 dis·

117 2049 251 2100 seutircC
300 2053 322 2101 8.
341 2047 455 2114 isqns'tc
502 2053 539 2100 to.
562 2049 640 2117 [nlt'ud
656 2050 719 2114 quod
737 2049 782 2118 sb]
822 2055 859 2100 ll.
880 2051 980 2116 quidque
997 2067 1047 2102 om.
1067 2051 1088 2103 C
1106 2069 1151 2118 quo
1169 2063 1194 2102 et

117 2117 227 2184 quidque
244 2133 293 2168 om.
311 2117 354 2168 Or.
373 2133 419 2167 uec
441 2128 526 2168 notam
548 2117 656 2167 lacunae
674 2119 749 2168 habet
795 2123 831 2170 lt.
851 2119 899 2169 aui
914 2119 1015 2184 iniquum
1034 2135 1082 2170 om.
1102 2120 1123 2169 L
1145 2119 1195 2170 atsi

118 2187 220 2238 fficium
242 2188 264 2236 E
306 2186 400 2251 postulo
408 2187 523 2251 responde
533 2187 649 2236 arbitratu
659 2186 748 2237 LPCR
763 2187 864 2252 postulo,
874 2187 1013 2254 respondere
1022 2189 1139 2238 arbitram
1150 2188 1193 2240 Or.

117 2395 329 2466 Emendetum,
352 2405 385 2452 ut
406 2395 436 2452 in
458 2396 483 2454 L
505 2405 615 2466 nostro,
638 2395 668 2451 in
691 2396 755 2452 Pal.
779 2397 839 2452 iet
855 2396 961 2468 Mead,
985 2397 1014 2454 in
1027 2397 1108 2454 editt.
1125 2398 1193 2454 inde
1287 2437 1292 2448 .

118 2481 162 2539 ab
184 2480 275 2538 Aldo.
318 2481 412 2538 Paulo
440 2490 506 2556 post
528 2483 667 2538 dissentire
695 2499 732 2538 ex
757 2481 802 2538 ed.
830 2483 924 2557 prima
950 2483 980 2538 in
1003 2483 1077 2540 alias
1098 2483 1193 2552 venit;

118 2568 256 2626 desum
276 2566 405 2624 restituit
426 2567 512 2637 Dav,
535 2575 568 2622 ut
584 2577 648 2624 erat
669 2566 699 2623 in
722 2586 778 2642 mg.
802 2567 891 2635 Crat,
914 2567 990 2625 Pall.
1011 2571 1025 2625 l
1047 2579 1076 2625 et
1090 2571 1118 2640 4,
1136 2568 1193 2640 El,

118 2654 238 2710 Parrl
258 2652 328 2723 et3,
352 2652 445 2708 tribus
467 2651 586 2727 optimis
609 2650 686 2722 Gaii,
710 2649 724 2729 [
751 2650 774 2728 ].

210 2757 264 2812 quo
285 2739 340 2794 loco
351 2739 470 2812 quidque
480 2735 525 2808 **,
538 2740 592 2794 aaa·
605 2740 725 2812 iniquum
733 2739 848 2813 postulo,
871 2739 1004 2795 arbitratu
1015 2737 1083 2814 meo)
1106 2737 1193 2795 Edidi

120 2825 202 2881 hunc
224 2823 335 2894 locum,
369 2823 476 2898 partim
503 2830 537 2879 ut
563 2823 593 2878 in
616 2823 702 2899 longe
725 2823 872 2898 plurimis,
906 2825 1013 2899 partim
1035 2823 1118 2880 utin
1142 2843 1193 2899 op·

122 2909 205 2966 timis
239 2908 388 2965 codicibus
421 2909 547 2984 scriptus
580 2918 638 2976 est,
672 2908 729 2965 nisi
765 2909 843 2982 quod
876 2909 998 2966 lacunae
1021 2919 1120 2966 uotam
1143 2909 1193 2966 ad-

121 2995 194 3052 didi.
238 2993 316 3051 Nam
338 3013 390 3068 quo
408 2997 463 3052 loco
485 2995 603 3068 quidque
630 2996 682 3050 nisi
703 2994 778 3050 Pell.
804 2998 830 3054 l.
849 2995 877 3066 3,
902 2997 930 3066 l,
955 2997 988 3062 6,
1024 3014 1080 3070 mg.
1103 2994 1192 3063 Crat,

121 3079 168 3138 ed
192 3079 285 3137 Marsi
307 3087 346 3152 at,
368 3079 486 3154 opinor,
509 3079 624 3136 codices
645 3077 707 3136 iere
730 3097 844 3148 omues3
875 3098 943 3136 nam
966 3099 1018 3154 qno
1039 3082 1094 3136 loco
1116 3079 1193 3154 apud

121 3167 201 3223 Dav.
223 3165 308 3222 Pars.
331 3173 404 3236 tres,
432 3164 547 3236 Medd,
570 3163 650 3222 Oxx.
677 3183 792 3235 onmes,
822 3163 889 3222 Gzii
918 3184 1027 3237 onmes,
1056 3164 1091 3222 de
1114 3167 1193 3239 qrdd·

122 3271 176 3326 que
197 3249 339 3308 Davisius
366 3269 486 3326 prorsus
514 3250 623 3308 oblitus
651 3261 696 3308 est
725 3249 834 3320 dicere,
869 3251 898 3306 in
929 3249 1008 3308 Oxx.
1040 3244 1113 3318 EU}
1140 3268 1193 3325 pro

122 3339 178 3394 atei
203 3335 293 3394 scribi
314 3338 433 3410 quidque
453 3345 590 3392 narratur
617 3353 724 3392 errore.
752 3334 845 3393 Gaius
873 3337 991 3410 quidque
1019 3355 1034 3392 o
1058 3334 1136 3394 Gud.
1168 3338 1193 3400 1.

122 3423 250 3496 quodque
278 3439 294 3478 e
313 3421 484 3478 Monacensi
507 3419 628 3496 profert,
652 3420 688 3478 de
710 3420 770 3478 Erl.
794 3429 880 3493 tacet,
904 3429 936 3478 ut
958 3422 1042 3492 seius,
1066 3421 1136 3495 quid
1158 3421 1194 3477 de

122 3507 231 3565 ceteris
253 3506 317 3564 eius
339 3507 456 3564 silentio
468 3506 652 3564 tribuendum
671 3507 723 3576 sit;
745 3506 810 3564 Pal.
824 3507 841 3563 2
854 3507 981 3564 habebat
993 3511 1066 3581 quin,
1085 3507 1194 3580 borrid-

122 3613 216 3668 quam,
238 3592 345 3649 leviter
365 3592 513 3648 aberrans.
541 3592 588 3649 Ex
610 3591 655 3648 his
678 3592 809 3668 vestigiis
832 3591 987 3650 uranifesto
1009 3591 1193 3668 perspicitur,

121 3679 201 3736 hanc
221 3676 313 3735 fuisse
335 3677 476 3735 orationis
492 3676 630 3734 formam:
653 3678 737 3734 Iramo
753 3680 827 3734 istud
836 3680 952 3752 quidem,
974 3698 1028 3752 quo
1044 3681 1099 3734 bico
1115 3679 1194 3752 quid·

123 3783 179 3838 que
199 3765 424 3836 visumjuerit
441 3769 468 3820 s.
491 3766 690 3832 occurrerit,
713 3766 766 3820 nisi
786 3767 904 3838 iniquum
922 3766 1039 3838 postulo,
1061 3763 1194 3820 arbitratu

122 3868 191 3906 meo.
211 3850 247 3906 In
259 3848 360 3906 codice
371 3847 531 3924 archetypo
542 3848 598 3909 bic,
616 3857 648 3904 ut
658 3848 845 3923 aliquotiens,
858 3869 916 3906 vox
929 3849 1087 3906 exciderat.
1115 3850 1196 3905 Istud

123 3935 169 3992 ita
191 3933 316 3992 refertur
337 3934 375 3990 ad
397 3933 437 4004 id,
460 3933 538 4008 quod
560 3951 578 3989 a
601 3932 712 3992 Catone
734 3935 861 4009 positum
884 3945 947 3991 erat
969 3933 1019 4010 (de
1035 3943 1195 3991 rerumaut

123 4018 283 4076 verborum
306 4013 464 4098 dissensu),
486 4027 528 4090 ut,
551 4037 617 4076 curn
640 4018 744 4078 Cicero
766 4038 797 4076 se
819 4020 849 4076 id
872 4020 922 4089 ibi,
946 4019 997 4076 ubi
1018 4039 1050 4076 se
1066 4019 1194 4093 quidque

123 4104 276 4178 obtulerit,
299 4113 492 4162 tractaturum
514 4104 602 4176 dicat,
625 4103 681 4161 boc
703 4105 790 4162 simul
811 4105 848 4162 ad
871 4105 964 4163 omnis
987 4104 1194 4180 disputationis

122 4190 249 4248 formam
271 4190 427 4266 pertineat,
450 4205 537 4264 quam
559 4209 590 4246 se
613 4207 666 4247 suo
678 4190 800 4247 arbitrio
813 4190 1028 4248 moderaturum
1040 4190 1193 4266 significat,

123 4275 185 4333 nisi
208 4293 241 4332 ea
262 4276 422 4352 postulatio
445 4274 551 4333 Catoni
573 4275 675 4349 iniqua
696 4275 838 4333 videatur.
872 4276 1033 4334 Videamus
1055 4293 1131 4332 nunc
1149 4295 1194 4332 er·

123 4377 219 4419 rores.
259 4361 392 4418 Primum
404 4360 542 4418 omisslrm
565 4371 611 4418 est
631 4363 751 4436 quidque
771 4359 895 4418 fortasse
918 4362 947 4418 in
970 4380 1028 4418 uno
1051 4370 1081 4417 et
1102 4361 1194 4419 altero

958 4477 989 4530 31
