2998 5020
352 393 414 458 652
741 411 785 456 nn
807 411 938 477 νιιιιιιιιοΙ
960 411 1032 458 nou.

352 585 384 644 et
405 579 479 644 nihil
501 581 686 660 requirente.
732 582 781 644 27.
804 580 891 644 Haeo
912 579 1008 661 igitur
1029 581 1118 645 nobis
1141 581 1323 662 explicanda
1335 595 1409 651 suut:

352 682 408 746 sed
430 682 457 746 si
479 683 648 762 enodatius,
671 701 727 747 voe
749 683 923 764 ignoscetis.
958 682 1058 746 Huius
1080 683 1162 747 enim
1184 683 1278 747 aetati
1300 689 1333 748 et
1343 683 1410 750 huic.

352 802 432 848 nuno
454 784 529 848 haec
549 784 683 865 primum
705 783 839 849 fortasse
861 781 1007 864 audienti,
1030 775 1148 850 s'ervire
1174 785 1330 850 debemus.
1371 785 1411 849 lta

422 975 442 1019 l.
461 969 531 1020 Haec
549 972 618 1036 ipitur
637 999 667 1010 ·-
686 973 763 1021 aetati
779 973 876 1022 Nonius
893 989 919 1037 p,
941 977 969 1020 16
1032 978 1057 1025 2.
1075 971 1148 1030 cuius,
1167 988 1216 1022 om.
1235 973 1307 1030 anun,
1325 973 1411 1021 Nonius

351 1043 375 1088 6.
393 1055 455 1088 auno
472 1039 509 1088 tic
526 1041 549 1088 E
568 1059 626 1090 ιιυιισ
643 1041 686 1090 doc
704 1051 769 1102 cett,
788 1041 830 1090 Or.
851 1045 919 1103 (nanc
933 1040 1033 1106 primum
1051 1041 1094 1090 doe
1113 1041 1141 1100 C)
1180 1040 1306 1109 [audiendi
1322 1040 1368 1108 Eu]

351 1213 428 1288 apud
452 1214 665 1289 Peripateticos
693 1215 947 1272 commemorando
976 1215 1154 1286 celebratur,
1189 1234 1247 1272 non
1271 1217 1366 1272 tamen
1386 1225 1410 1268 ut

351 1299 414 1375 ipse
437 1298 467 1355 in
490 1318 603 1357 summa
625 1310 759 1376 ponetur,
783 1300 835 1357 sed
856 1310 890 1357 ut
911 1300 1014 1358 virtuti
1025 1301 1210 1377 adiungatur,
1235 1300 1411 1375 quemadmo-

351 1386 419 1442 dum
441 1383 513 1442 facit
535 1387 598 1462 ipse
621 1386 725 1446 Cicero
748 1388 789 1457 Π,
803 1387 843 1442 38
860 1383 953 1464 (totitas
962 1389 1122 1461 perfectione
1133 1391 1202 1443 or'toe
1213 1385 1410 1462 locupletatam).

351 1471 432 1528 Nota
454 1479 499 1527 est
521 1481 550 1528 et
572 1472 636 1547 ipsa
657 1472 829 1529 Aristotelis
852 1471 982 1529 definitio
1011 1472 1041 1528 in
1063 1472 1131 1530 Eth.
1155 1472 1272 1530 Nicom.
1289 1474 1315 1543 Ι,
1335 1475 1361 1540 7,
1381 1475 1409 1526 ll

350 1565 380 1613 et
406 1557 457 1611 15:
481 1555 562 1632 ψυγί
563 1575 579 1622 ς
601 1549 728 1632 ἐνέργεια
750 1549 817 1613 κατ’
842 1547 950 1632 α’ρετῆν
973 1551 1002 1612 ἕν
1023 1549 1077 1631 βίῳ
1096 1551 1206 1628 τελείῳ,
1226 1557 1410 1632 etquaebinc

351 1641 502 1698 derivatae
524 1659 589 1699 cnm
613 1642 713 1716 eliqua
734 1644 877 1699 varietate
900 1650 929 1698 et
939 1641 1103 1698 adiectione
1116 1641 1194 1716 apud
1205 1643 1283 1718 altos
1295 1643 1382 1700 ub
1360 1659 1410 1698 arur

351 1737 381 1784 et
392 1725 666 1826 Peripateticorum
689 1728 806 1784 nomine
828 1734 986 1803 ponuntur,
1010 1726 1091 1784 velut
1112 1727 1192 1801 apud
1214 1729 1354 1805 Diopv,
1318 1728 1411 1784 itt:

349 1803 573 1887 χρῆσιςιίρετῆς
593 1805 621 1869 ἐν
641 1805 694 1888 βίῳ
716 1807 825 1910 esterp,
849 1823 879 1869 et
901 1813 979 1888 apud
1002 1813 1163 1872 Stobaeum
1186 1813 1253 1870 Ecl.
1252 1814 1392 1888 Ethp.6
1379 1813 1410 1868 68

349 1906 379 1953 et
397 1896 437 1952 70
460 1889 609 1972 (χρῆσις’
592 1893 698 1995 αηιτῆς
719 1891 870 1962 τελείας’
856 1915 885 1953 εν
906 1889 1138 1974 προηγουμένοις
1155 1907 1184 1954 et
1203 1891 1342 1994 ἕνίργεια
1353 1887 1408 1952 κατ’

351 1997 458 2057 αρετην
480 1974 629 2037 τελείἀν
615 1999 644 2037 εν
663 1975 719 2078 γλίῳ
736 1977 836 2054 τελείῳ
847 1976 1051 2056 προηγουμένη
1074 1989 1104 2036 et
1126 1979 1229 2057 χρῆσις
1251 1975 1357 2058 ολριτίγς
1375 1999 1408 2037 rt·

351 2058 472 2128 iet'oc’
458 2084 486 2121 ιν
516 2058 569 2139 βίῳ
591 2057 692 2135 τελειῳ
721 2060 955 2164 προηγουμένης)
983 2075 1063 2166 etp.
1088 2067 1148 2123 276
1172 2076 1202 2123 et
1225 2069 1287 2125 278
1311 2063 1387 2142 (χρη
1378 2083 1410 2127 t·

350 2139 460 2226 α’ρετης
482 2144 633 2216 τελειηυς
619 2167 648 2206 εν
670 2145 723 2225 βίῳ
745 2144 846 2223 τελείῳ
867 2145 1071 2248 προηγουμένη
1095 2171 1111 2226 η
1105 2137 1408 2225 ζωῆςτελεί-σιςὲνέρ

349 2251 413 2308 γειιι
435 2224 503 2290 κατ’
528 2223 657 2331 ηλρετήν).
709 2234 768 2294 Sed
795 2234 903 2311 apud'
894 2254 991 2310 ipsum
1013 2235 1204 2293 Aristotelem
1228 2231 1292 2314 βίος
1313 2229 1410 2295 τέλειος

319 2317 325 2332 “
350 2317 387 2374 ad
416 2317 555 2393 temporis
583 2320 758 2378 diuturnitat
746 2329 805 2378 tem
832 2319 991 2391 refertur,
1006 2321 1166 2416 eademque
1194 2319 1366 2415 significatio
1389 2315 1410 2371 ei

351 2402 494 2460 subicitur
515 2405 593 2478 apud
617 2405 777 2464 Stobaenm
800 2427 827 2482 p.
848 2408 901 2476 72,
930 2397 1018 2463 ubi‘
1004 2425 1020 2480 η
1043 2394 1199 2470 διάστασις
1217 2403 1270 2481 τῆς
1292 2391 1409 2480 χρήσεως

348 2484 407 2542 τῶν
431 2479 554 2563 ripaticis
577 2501 621 2547 est
643 2492 759 2550 duratio
786 2493 843 2568 (dre
865 2490 1063 2566 Auedebnunp)
1086 2491 1172 2547 huius
1195 2509 1275 2560 usus,
1300 2507 1365 2552 non
1385 2495 1409 2540 ut

349 2573 474 2630 vertitur
496 2573 558 2631 sine
580 2576 642 2633 ulla
663 2596 714 2635 sen
718 2578 823 2647 etutia,
847 2577 1017 2646 discrimen,
1041 2585 1071 2633 et
1092 2576 1276 2651 apertissime
1299 2595 1327 2651 p.
1350 2573 1408 2628 780-

348 2659 460 2716 Vemm
473 2666 579 2732 tamen,
603 2680 669 2718 cum
680 2664 751 2720 satis
763 2672 927 2738 appareret
949 2661 1141 2720 Aristotelem
1153 2662 1230 2718 bona
1249 2673 1369 2720 externa
1387 2667 1409 2711 et

350 2744 481 2819 corporis
503 2745 602 2820 eliqua
624 2767 662 2803 ex
684 2757 767 2823 parte
789 2749 938 2823 requirere
960 2748 1033 2825 (vid.
1057 2765 1132 2820 quae
1156 2747 1279 2822 ascripsi
1302 2746 1339 2803 ad
1354 2747 1367 2812 6
1380 2742 1407 2797 12

350 2839 380 2886 et
401 2829 468 2886 Eth.
481 2830 652 2890 Nicomach.
674 2835 699 2904 Ι,
713 2835 741 2902 8,
757 2835 809 2891 15-
815 2832 866 2908 17)
889 2843 918 2890 et
940 2831 1340 2890 eainstrumentinecessarir
1334 2830 1408 2884 loco

349 2914 467 2983 habere,
489 2919 668 2990 posteriores
690 2919 796 2995 partim
819 2919 945 2993 aliquid,
980 2919 1009 2975 in
1037 2937 1096 2992 quo
1124 2937 1224 2974 eorum
1248 2913 1408 3010 significatio

349 3009 436 3073 esset,
459 3001 537 3059 vitae
549 3003 697 3079 perfectae
709 3003 900 3081 appellationi
912 3005 1068 3074 addebant
1092 3015 1125 3059 ut
1134 3003 1209 3059 illud
1218 2992 1407 3098 προηγουμένη

349 3093 401 3142 aut
424 3079 452 3141 ἐν
474 3083 713 3188 προηγουμένοις,
736 3091 815 3166 quod
838 3089 1022 3164 Stobaeusp
1037 3091 1076 3146 72
1100 3088 1265 3155 addidicit,
1288 3099 1409 3160 uragu·

349 3171 466 3242 fieetur,
489 3189 541 3246 την
515 3171 671 3272 γγρῆσιν
689 3167 717 3232 ἐν
731 3167 866 3272 ἄγαθοις
888 3168 1039 3266 γίγνεσθαι
1061 3192 1109 3230 και
1132 3191 1172 3247 μη
1194 3165 1223 3229 ἐν
1245 3175 1357 3240 κακοῖς,
1386 3175 1407 3221 et

349 3277 378 3332 p
371 3257 453 3314 ‚280
476 3256 514 3313 ad
535 3276 573 3314 τοι
596 3249 675 3313 κατὰ
697 3277 785 3334 (γυσιν
808 3245 912 3335 ἀγαθοί
936 3257 1040 3329 refert,
1068 3257 1176 3332 partim
1198 3277 1251 3333 pro
1273 3257 1336 3313 vita
1354 3271 1409 3328 por·

349 3340 427 3398 fecta
449 3343 756 3402 commemorationem
768 3347 985 3440 commodorum
999 3344 1224 3404 substituebant
1247 3342 1329 3400 velut
1343 3335 1408 3414 apud

352 3426 511 3486 Stobaeum
534 3447 563 3503 p
577 3428 652 3485 268.
675 3420 742 3485 κατ’
766 3419 872 3524 ἄρετην
896 3422 983 3505 ζῆν’
969 3447 997 3484 εν
1018 3447 1084 3494 τοις
1104 3447 1170 3528 περι
1192 3425 1279 3502 σῶμα
1296 3415 1408 3483 καὶτοῖς

350 3504 462 3580 ἔξωθεν
490 3503 632 3609 ἀγαθοῖς
651 3500 668 3589 ἢ
695 3511 785 3571 πᾶσιν
808 3535 824 3588 η
851 3517 914 3579 τοῖς
941 3508 1088 3579 πλείστοις
1108 3531 1157 3572 και
1173 3499 1367 3607 κυριωτάτοις
1385 3513 1407 3560 et

350 3616 377 3693 p.
393 3596 468 3652 278:
489 3593 592 3671 χρῆσιν
614 3588 720 3673 οἶρετης
743 3591 772 3653 ἓν
793 3600 857 3662 τοῖς
874 3588 951 3655 κατὰ
964 3614 1053 3671 φυσιν
1068 3586 1290 3671 ἀνεμπόδιστον,
1315 3593 1407 3671 partim

350 3680 380 3737 in
403 3681 469 3757 ipsa
489 3679 639 3756 perfectae
661 3682 739 3740 vitae
762 3683 959 3758 appellatione
979 3683 1057 3740 illam
1071 3681 1407 3759 significationemineae

350 3767 499 3838 volebant,
521 3767 678 3825 verborum
701 3777 806 3825 natura
827 3787 885 3826 non
909 3787 978 3826 sene
990 3778 1181 3845 repugnante,
1204 3785 1262 3841 quo
1279 3759 1406 3856 illaapud

352 3851 563 3928 Stobaeump
582 3854 621 3909 70
651 3853 780 3912 definitio
807 3863 942 3951 spectare
964 3854 1095 3918 videtur,
1129 3872 1188 3929 qua
1211 3871 1228 3926 η
1250 3840 1407 3924 εὐδαιμονία

351 3938 457 3995 dicitur
480 3956 543 3994 esse
566 3931 629 4012 βίος
651 3929 740 4004 καλὸς
767 3957 815 3995 και
837 3933 948 4004 τέλειος
968 3923 1197 4014 προηγοίᾚμενος
1241 3935 1405 3993 Antiochum

351 4023 454 4080 saltem
477 4023 568 4080 vitam
591 4023 751 4098 perfectam
773 4023 816 4080 sic
838 4043 1005 4094 enarrasse,
1042 4043 1079 4081 ex
1102 4023 1254 4082 Ciceronis
1276 4023 1345 4079 locis
1364 4037 1406 4091 ap

350 4126 454 4183 parere
476 4108 601 4165 videtur.

437 4195 486 4252 27.
509 4195 600 4252 Huius
621 4197 688 4251 enim
710 4197 793 4251 aetati
813 4203 837 4251 et
859 4196 919 4252 loric
941 4190 1011 4273 cet.)
1048 4194 1125 4252 Mire
1153 4193 1259 4250 aetatis
1282 4184 1405 4248 mentioni

350 4279 557 4355 superadditur
568 4280 734 4356 copulative
746 4281 908 4337 communis
920 4280 1048 4338 eiusdem
1061 4279 1187 4336 hominis
1198 4279 1311 4335 notatio
1321 4270 1405 4354 (lati),

351 4364 430 4438 quod
453 4365 591 4435 sentiens,
615 4366 728 4441 opinor,
751 4365 881 4423 Kernius
904 4366 977 4423 duos
999 4366 1131 4422 homines
1148 4364 1306 4440 significari
1317 4358 1405 4418 voluit
