<?xml version="1.0" encoding="UTF-8"?>
<!DOCTYPE html PUBLIC "-//W3C//DTD XHTML 1.0 Transitional//EN"
    "http://www.w3.org/TR/xhtml1/DTD/xhtml1-transitional.dtd">
<html xmlns="http://www.w3.org/1999/xhtml" xml:lang="en" lang="en">
 <head>
  <title>
</title>
<meta http-equiv="Content-Type" content="text/html;charset=utf-8" />
  <meta name='ocr-system' content='tesseract 3.04.00' />
  <meta name='ocr-capabilities' content='ocr_page ocr_carea ocr_par ocr_line ocrx_word'/>
</head>
<body>
  <div class='ocr_page' id='page_1' title='image "./definibusbonoru04cicegoog_0209.png"; bbox 0 0 2938 5020; ppageno 0'>
   <div class='ocr_carea' id='block_1_1' title="bbox 348 373 1130 438">
    <p class='ocr_par' dir='ltr' id='par_1_1' title="bbox 348 373 1130 438">
     <span class='ocr_line' id='line_1_1' title="bbox 348 373 1130 438; baseline 0.003 -4"><span class='ocrx_word' id='word_1_1' title='bbox 348 389 391 434; x_wconf 83' lang='lat' dir='ltr'>en</span> <span class='ocrx_word' id='word_1_2' title='bbox 414 387 494 434; x_wconf 74' lang='lat' dir='ltr'>unu.</span> <span class='ocrx_word' id='word_1_3' title='bbox 517 387 580 434; x_wconf 83' lang='lat' dir='ltr'>mn.</span> <span class='ocrx_word' id='word_1_4' title='bbox 603 389 613 432; x_wconf 91' lang='lat'>1</span> <span class='ocrx_word' id='word_1_5' title='bbox 636 387 709 434; x_wconf 80' lang='lat' dir='ltr'>cnr.</span> <span class='ocrx_word' id='word_1_6' title='bbox 733 391 842 436; x_wconf 81' lang='lat' dir='ltr'>ro-ar.</span> <span class='ocrx_word' id='word_1_7' title='bbox 1072 373 1130 438; x_wconf 89' lang='grc'>131</span> 
     </span>
    </p>
   </div>
   <div class='ocr_carea' id='block_1_2' title="bbox 78 556 1195 1768">
    <p class='ocr_par' dir='ltr' id='par_1_2' title="bbox 78 556 1195 1768">
     <span class='ocr_line' id='line_1_2' title="bbox 81 556 1135 640; baseline 0.003 -18"><span class='ocrx_word' id='word_1_8' title='bbox 81 565 106 622; x_wconf 82' lang='grc'>11</span> <span class='ocrx_word' id='word_1_9' title='bbox 124 558 313 639; x_wconf 83' lang='lat' dir='ltr'>perspicuum</span> <span class='ocrx_word' id='word_1_10' title='bbox 336 565 394 636; x_wconf 89' lang='lat' dir='ltr'>est,</span> <span class='ocrx_word' id='word_1_11' title='bbox 415 556 491 622; x_wconf 81' lang='lat' dir='ltr'>nihil</span> <span class='ocrx_word' id='word_1_12' title='bbox 513 557 553 622; x_wconf 86' lang='lat' dir='ltr'>ad</span> <span class='ocrx_word' id='word_1_13' title='bbox 568 557 702 622; x_wconf 89' lang='lat' dir='ltr'>iucunde</span> <span class='ocrx_word' id='word_1_14' title='bbox 713 557 879 622; x_wconf 88' lang='lat' dir='ltr'>vivendum</span> <span class='ocrx_word' id='word_1_15' title='bbox 890 557 1021 640; x_wconf 85' lang='lat' dir='ltr'>reperiri</span> <span class='ocrx_word' id='word_1_16' title='bbox 1032 577 1135 640; x_wconf 84' lang='lat' dir='ltr'>posse,</span> 
     </span>
     <span class='ocr_line' id='line_1_3' title="bbox 80 658 1135 740; baseline 0.002 -16"><span class='ocrx_word' id='word_1_17' title='bbox 80 661 151 740; x_wconf 85' lang='lat' dir='ltr'>qnod</span> <span class='ocrx_word' id='word_1_18' title='bbox 171 660 381 726; x_wconf 86' lang='lat' dir='ltr'>coniunctione</span> <span class='ocrx_word' id='word_1_19' title='bbox 403 659 458 724; x_wconf 78' lang='lat' dir='ltr'>teli</span> <span class='ocrx_word' id='word_1_20' title='bbox 480 658 522 724; x_wconf 89' lang='lat' dir='ltr'>sit</span> <span class='ocrx_word' id='word_1_21' title='bbox 542 659 656 740; x_wconf 88' lang='lat' dir='ltr'>aptius.</span> <span class='ocrx_word' id='word_1_22' title='bbox 689 659 808 738; x_wconf 82' lang='lat' dir='ltr'><strong>Quibus</strong></span> <span class='ocrx_word' id='word_1_23' title='bbox 830 677 868 725; x_wconf 92' lang='lat' dir='ltr'>ex</span> <span class='ocrx_word' id='word_1_24' title='bbox 890 659 1032 726; x_wconf 87' lang='lat' dir='ltr'>omnibus</span> <span class='ocrx_word' id='word_1_25' title='bbox 1052 660 1135 726; x_wconf 92' lang='lat' dir='ltr'>iudi·</span> 
     </span>
     <span class='ocr_line' id='line_1_4' title="bbox 81 761 1134 844; baseline 0.002 -18"><span class='ocrx_word' id='word_1_26' title='bbox 81 763 133 826; x_wconf 84' lang='lat' dir='ltr'>cari</span> <span class='ocrx_word' id='word_1_27' title='bbox 152 769 260 844; x_wconf 73' lang='lat' dir='ltr'>potest,</span> <span class='ocrx_word' id='word_1_28' title='bbox 281 781 344 827; x_wconf 94' lang='lat' dir='ltr'>non</span> <span class='ocrx_word' id='word_1_29' title='bbox 365 763 457 827; x_wconf 93' lang='lat' dir='ltr'>modo</span> <span class='ocrx_word' id='word_1_30' title='bbox 479 779 541 826; x_wconf 93' lang='lat' dir='ltr'>non</span> <span class='ocrx_word' id='word_1_31' title='bbox 562 761 705 844; x_wconf 89' lang='lat' dir='ltr'>impediri</span> <span class='ocrx_word' id='word_1_32' title='bbox 732 761 883 828; x_wconf 89' lang='lat' dir='ltr'>rationem</span> <span class='ocrx_word' id='word_1_33' title='bbox 909 761 1075 842; x_wconf 76' lang='lat' dir='ltr'>amicitiae,</span> <span class='ocrx_word' id='word_1_34' title='bbox 1107 763 1134 829; x_wconf 90' lang='lat' dir='ltr'>si</span> 
     </span>
     <span class='ocr_line' id='line_1_5' title="bbox 80 864 1134 946; baseline 0.003 -18"><span class='ocrx_word' id='word_1_35' title='bbox 80 883 214 930; x_wconf 87' lang='lat' dir='ltr'>summum</span> <span class='ocrx_word' id='word_1_36' title='bbox 235 866 350 930; x_wconf 91' lang='lat' dir='ltr'>bonnm</span> <span class='ocrx_word' id='word_1_37' title='bbox 370 865 403 929; x_wconf 90' lang='lat' dir='ltr'>in</span> <span class='ocrx_word' id='word_1_38' title='bbox 425 864 740 946; x_wconf 86' lang='lat' dir='ltr'>voluptateponatur‚</span> <span class='ocrx_word' id='word_1_39' title='bbox 762 865 819 930; x_wconf 89' lang='lat' dir='ltr'>sed</span> <span class='ocrx_word' id='word_1_40' title='bbox 841 865 909 932; x_wconf 86' lang='lat' dir='ltr'>sine</span> <span class='ocrx_word' id='word_1_41' title='bbox 929 865 989 931; x_wconf 92' lang='lat' dir='ltr'>boc</span> <span class='ocrx_word' id='word_1_42' title='bbox 1008 864 1134 931; x_wconf 87' lang='lat' dir='ltr'>institu-</span> 
     </span>
     <span class='ocr_line' id='line_1_6' title="bbox 80 967 1172 1048; baseline 0.003 -17"><span class='ocrx_word' id='word_1_43' title='bbox 80 968 179 1032; x_wconf 85' lang='lat' dir='ltr'>tionem</span> <span class='ocrx_word' id='word_1_44' title='bbox 199 967 323 1033; x_wconf 90' lang='lat' dir='ltr'>omnino</span> <span class='ocrx_word' id='word_1_45' title='bbox 345 967 498 1034; x_wconf 77' lang='lat' dir='ltr'>amicitiae</span> <span class='ocrx_word' id='word_1_46' title='bbox 519 986 581 1032; x_wconf 93' lang='lat' dir='ltr'>non</span> <span class='ocrx_word' id='word_1_47' title='bbox 603 985 698 1048; x_wconf 89' lang='lat' dir='ltr'>posse</span> <span class='ocrx_word' id='word_1_48' title='bbox 719 967 859 1048; x_wconf 84' lang='lat' dir='ltr'>reperiri</span> <span class='ocrx_word' id='word_1_49' title='bbox 1152 971 1172 1034; x_wconf 86' lang='lat'>5</span> 
     </span>
     <span class='ocr_line' id='line_1_7' title="bbox 151 1069 1134 1152; baseline 0.001 -18"><span class='ocrx_word' id='word_1_50' title='bbox 151 1070 230 1134; x_wconf 78' lang='lat' dir='ltr'>xxi</span> <span class='ocrx_word' id='word_1_51' title='bbox 274 1071 326 1134; x_wconf 80' lang='lat'>71.</span> <span class='ocrx_word' id='word_1_52' title='bbox 349 1070 548 1151; x_wconf 77' lang='lat' dir='ltr'>Quapropter</span> <span class='ocrx_word' id='word_1_53' title='bbox 570 1070 597 1134; x_wconf 89' lang='lat' dir='ltr'>si</span> <span class='ocrx_word' id='word_1_54' title='bbox 619 1088 665 1148; x_wconf 86' lang='lat' dir='ltr'>ea,</span> <span class='ocrx_word' id='word_1_55' title='bbox 687 1087 768 1152; x_wconf 88' lang='lat' dir='ltr'>quae</span> <span class='ocrx_word' id='word_1_56' title='bbox 790 1070 866 1150; x_wconf 85' lang='lat' dir='ltr'>dixi,</span> <span class='ocrx_word' id='word_1_57' title='bbox 888 1071 954 1136; x_wconf 88' lang='lat' dir='ltr'>sole</span> <span class='ocrx_word' id='word_1_58' title='bbox 974 1070 1044 1151; x_wconf 88' lang='lat' dir='ltr'>ipso</span> <span class='ocrx_word' id='word_1_59' title='bbox 1065 1069 1134 1135; x_wconf 89' lang='lat' dir='ltr'>illu·</span> 
     </span>
     <span class='ocr_line' id='line_1_8' title="bbox 80 1170 1135 1256; baseline 0.001 -20"><span class='ocrx_word' id='word_1_60' title='bbox 80 1173 179 1238; x_wconf 81' lang='lat' dir='ltr'>striora</span> <span class='ocrx_word' id='word_1_61' title='bbox 199 1179 230 1238; x_wconf 91' lang='lat' dir='ltr'>et</span> <span class='ocrx_word' id='word_1_62' title='bbox 252 1172 385 1238; x_wconf 83' lang='lat' dir='ltr'>clariora</span> <span class='ocrx_word' id='word_1_63' title='bbox 407 1177 489 1250; x_wconf 76' lang='lat' dir='ltr'>sunt,</span> <span class='ocrx_word' id='word_1_64' title='bbox 511 1172 538 1236; x_wconf 90' lang='lat' dir='ltr'>si</span> <span class='ocrx_word' id='word_1_65' title='bbox 561 1172 663 1238; x_wconf 92' lang='lat' dir='ltr'>omnia</span> <span class='ocrx_word' id='word_1_66' title='bbox 685 1170 776 1256; x_wconf 88' lang='lat' dir='ltr'>[dixi]</span> <span class='ocrx_word' id='word_1_67' title='bbox 799 1173 912 1238; x_wconf 86' lang='lat' dir='ltr'>bansta</span> <span class='ocrx_word' id='word_1_68' title='bbox 933 1191 951 1238; x_wconf 92' lang='lat' dir='ltr'>e</span> <span class='ocrx_word' id='word_1_69' title='bbox 972 1171 1058 1238; x_wconf 85' lang='lat' dir='ltr'>fonte</span> <span class='ocrx_word' id='word_1_70' title='bbox 1078 1191 1135 1238; x_wconf 91' lang='lat' dir='ltr'>na-</span> 
     </span>
     <span class='ocr_line' id='line_1_9' title="bbox 79 1273 1135 1354; baseline 0.001 -15"><span class='ocrx_word' id='word_1_71' title='bbox 79 1284 167 1354; x_wconf 83' lang='lat' dir='ltr'>turae,</span> <span class='ocrx_word' id='word_1_72' title='bbox 198 1275 223 1340; x_wconf 86' lang='lat' dir='ltr'>si</span> <span class='ocrx_word' id='word_1_73' title='bbox 257 1281 325 1340; x_wconf 85' lang='lat' dir='ltr'>tota</span> <span class='ocrx_word' id='word_1_74' title='bbox 356 1274 456 1340; x_wconf 84' lang='lat' dir='ltr'>oratio</span> <span class='ocrx_word' id='word_1_75' title='bbox 488 1281 598 1340; x_wconf 86' lang='lat' dir='ltr'>nostro</span> <span class='ocrx_word' id='word_1_76' title='bbox 630 1293 751 1340; x_wconf 89' lang='lat' dir='ltr'>onmem</span> <span class='ocrx_word' id='word_1_77' title='bbox 784 1275 842 1340; x_wconf 86' lang='lat' dir='ltr'>sibi</span> <span class='ocrx_word' id='word_1_78' title='bbox 874 1273 967 1342; x_wconf 88' lang='lat' dir='ltr'>fidem</span> <span class='ocrx_word' id='word_1_79' title='bbox 993 1275 1135 1340; x_wconf 84' lang='lat' dir='ltr'>sensibus</span> 
     </span>
     <span class='ocr_line' id='line_1_10' title="bbox 79 1375 1135 1460; baseline -0.001 -19"><span class='ocrx_word' id='word_1_80' title='bbox 79 1375 236 1458; x_wconf 86' lang='lat' dir='ltr'>confirmat,</span> <span class='ocrx_word' id='word_1_81' title='bbox 270 1379 303 1444; x_wconf 93' lang='lat' dir='ltr'>id</span> <span class='ocrx_word' id='word_1_82' title='bbox 335 1385 396 1456; x_wconf 77' lang='lat' dir='ltr'>est,</span> <span class='ocrx_word' id='word_1_83' title='bbox 428 1377 616 1458; x_wconf 82' lang='lat' dir='ltr'>incorruptis</span> <span class='ocrx_word' id='word_1_84' title='bbox 648 1383 743 1459; x_wconf 88' lang='lat' dir='ltr'>atque</span> <span class='ocrx_word' id='word_1_85' title='bbox 774 1377 904 1460; x_wconf 81' lang='lat' dir='ltr'>integris</span> <span class='ocrx_word' id='word_1_86' title='bbox 931 1378 1076 1458; x_wconf 82' lang='lat' dir='ltr'>testibus,</span> <span class='ocrx_word' id='word_1_87' title='bbox 1109 1377 1135 1442; x_wconf 87' lang='lat' dir='ltr'>ai</span> 
     </span>
     <span class='ocr_line' id='line_1_11' title="bbox 79 1478 1195 1562; baseline 0.004 -20"><span class='ocrx_word' id='word_1_88' title='bbox 79 1478 193 1546; x_wconf 79' lang='lat' dir='ltr'>inientes</span> <span class='ocrx_word' id='word_1_89' title='bbox 214 1481 319 1562; x_wconf 91' lang='lat' dir='ltr'>pueri,</span> <span class='ocrx_word' id='word_1_90' title='bbox 352 1487 457 1545; x_wconf 87' lang='lat' dir='ltr'>mutae</span> <span class='ocrx_word' id='word_1_91' title='bbox 478 1481 571 1546; x_wconf 89' lang='lat' dir='ltr'>etiam</span> <span class='ocrx_word' id='word_1_92' title='bbox 593 1480 710 1546; x_wconf 73' lang='lat' dir='ltr'>bestiom</span> <span class='ocrx_word' id='word_1_93' title='bbox 731 1498 832 1560; x_wconf 88' lang='lat' dir='ltr'>paene</span> <span class='ocrx_word' id='word_1_94' title='bbox 852 1481 1036 1561; x_wconf 87' lang='lat' dir='ltr'>loquuntur,</span> <span class='ocrx_word' id='word_1_95' title='bbox 1068 1499 1134 1546; x_wconf 90' lang='lat' dir='ltr'>ma·</span> <span class='ocrx_word' id='word_1_96' title='bbox 1154 1484 1195 1547; x_wconf 89' lang='grc'>10</span> 
     </span>
     <span class='ocr_line' id='line_1_12' title="bbox 78 1581 1134 1664; baseline 0.002 -18"><span class='ocrx_word' id='word_1_97' title='bbox 78 1581 162 1660; x_wconf 75' lang='lat' dir='ltr'>gistra</span> <span class='ocrx_word' id='word_1_98' title='bbox 180 1601 216 1648; x_wconf 88' lang='lat' dir='ltr'>ao</span> <span class='ocrx_word' id='word_1_99' title='bbox 237 1584 318 1648; x_wconf 87' lang='lat' dir='ltr'>duce</span> <span class='ocrx_word' id='word_1_100' title='bbox 339 1589 462 1660; x_wconf 76' lang='lat' dir='ltr'>nanno,</span> <span class='ocrx_word' id='word_1_101' title='bbox 485 1582 560 1647; x_wconf 91' lang='lat' dir='ltr'>nibil</span> <span class='ocrx_word' id='word_1_102' title='bbox 583 1600 653 1647; x_wconf 87' lang='lat' dir='ltr'>esse</span> <span class='ocrx_word' id='word_1_103' title='bbox 664 1600 851 1664; x_wconf 87' lang='lat' dir='ltr'>prosperum</span> <span class='ocrx_word' id='word_1_104' title='bbox 862 1582 1134 1664; x_wconf 87' lang='lat' dir='ltr'>nisivoluptatem,</span> 
     </span>
     <span class='ocr_line' id='line_1_13' title="bbox 79 1684 1133 1768; baseline 0 -20"><span class='ocrx_word' id='word_1_105' title='bbox 79 1684 141 1748; x_wconf 90' lang='lat' dir='ltr'>nibil</span> <span class='ocrx_word' id='word_1_106' title='bbox 160 1703 304 1768; x_wconf 83' lang='lat' dir='ltr'>asperum</span> <span class='ocrx_word' id='word_1_107' title='bbox 325 1685 386 1750; x_wconf 84' lang='lat' dir='ltr'>nisi</span> <span class='ocrx_word' id='word_1_108' title='bbox 407 1684 553 1764; x_wconf 85' lang='lat' dir='ltr'>dolorem,</span> <span class='ocrx_word' id='word_1_109' title='bbox 576 1686 616 1749; x_wconf 93' lang='lat' dir='ltr'>de</span> <span class='ocrx_word' id='word_1_110' title='bbox 638 1684 749 1766; x_wconf 80' lang='lat' dir='ltr'>qroibus</span> <span class='ocrx_word' id='word_1_111' title='bbox 772 1703 872 1766; x_wconf 88' lang='lat' dir='ltr'>neque</span> <span class='ocrx_word' id='word_1_112' title='bbox 894 1687 1065 1766; x_wconf 83' lang='lat' dir='ltr'>depravate</span> <span class='ocrx_word' id='word_1_113' title='bbox 1086 1684 1133 1748; x_wconf 93' lang='lat' dir='ltr'>iu-</span> 
     </span>
    </p>
   </div>
   <div class='ocr_carea' id='block_1_3' title="bbox 79 1786 1134 1972">
    <p class='ocr_par' dir='ltr' id='par_1_3' title="bbox 79 1786 1134 1972">
     <span class='ocr_line' id='line_1_14' title="bbox 79 1786 1134 1869; baseline 0.001 -18"><span class='ocrx_word' id='word_1_114' title='bbox 79 1786 167 1852; x_wconf 85' lang='lat' dir='ltr'>dicant</span> <span class='ocrx_word' id='word_1_115' title='bbox 184 1806 287 1869; x_wconf 88' lang='lat' dir='ltr'>neque</span> <span class='ocrx_word' id='word_1_116' title='bbox 309 1793 470 1868; x_wconf 90' lang='lat' dir='ltr'>corrupte,</span> <span class='ocrx_word' id='word_1_117' title='bbox 503 1805 604 1852; x_wconf 92' lang='lat' dir='ltr'>nonne</span> <span class='ocrx_word' id='word_1_118' title='bbox 626 1787 655 1852; x_wconf 90' lang='lat' dir='ltr'>ei</span> <span class='ocrx_word' id='word_1_119' title='bbox 680 1786 842 1852; x_wconf 85' lang='lat' dir='ltr'>maximam</span> <span class='ocrx_word' id='word_1_120' title='bbox 865 1786 997 1869; x_wconf 83' lang='lat' dir='ltr'>gretiam</span> <span class='ocrx_word' id='word_1_121' title='bbox 1019 1786 1134 1852; x_wconf 88' lang='lat' dir='ltr'>babere</span> 
     </span>
     <span class='ocr_line' id='line_1_15' title="bbox 79 1887 1134 1972; baseline 0.001 -20"><span class='ocrx_word' id='word_1_122' title='bbox 79 1888 216 1968; x_wconf 84' lang='lat' dir='ltr'>debenus,</span> <span class='ocrx_word' id='word_1_123' title='bbox 239 1889 302 1972; x_wconf 81' lang='lat' dir='ltr'>qui,</span> <span class='ocrx_word' id='word_1_124' title='bbox 324 1891 383 1954; x_wconf 82' lang='lat' dir='ltr'>bac</span> <span class='ocrx_word' id='word_1_125' title='bbox 399 1889 545 1954; x_wconf 86' lang='lat' dir='ltr'>exaudita</span> <span class='ocrx_word' id='word_1_126' title='bbox 561 1889 650 1971; x_wconf 88' lang='lat' dir='ltr'>quasi</span> <span class='ocrx_word' id='word_1_127' title='bbox 661 1907 737 1954; x_wconf 91' lang='lat' dir='ltr'>voce</span> <span class='ocrx_word' id='word_1_128' title='bbox 748 1897 888 1970; x_wconf 87' lang='lat' dir='ltr'>naturae,</span> <span class='ocrx_word' id='word_1_129' title='bbox 911 1887 1134 1955; x_wconf 87' lang='lat' dir='ltr'>siceamfirme</span> 
     </span>
    </p>
   </div>
   <div class='ocr_carea' id='block_1_4' title="bbox 80 2075 1136 2214">
    <p class='ocr_par' dir='ltr' id='par_1_4' title="bbox 80 2075 1136 2214">
     <span class='ocr_line' id='line_1_16' title="bbox 139 2075 1136 2144; baseline 0.003 -21"><span class='ocrx_word' id='word_1_130' title='bbox 139 2080 157 2124; x_wconf 92' lang='lat' dir='ltr'>l.</span> <span class='ocrx_word' id='word_1_131' title='bbox 176 2076 301 2144; x_wconf 67' lang='grc' dir='ltr'>[νερριτίνιΙ</span> <span class='ocrx_word' id='word_1_132' title='bbox 316 2078 350 2136; x_wconf 82' lang='grc' dir='ltr'>Δ,</span> <span class='ocrx_word' id='word_1_133' title='bbox 367 2077 468 2142; x_wconf 79' lang='lat' dir='ltr'>repen&#39;re</span> <span class='ocrx_word' id='word_1_134' title='bbox 486 2077 535 2143; x_wconf 82' lang='lat' dir='ltr'>Eh]</span> <span class='ocrx_word' id='word_1_135' title='bbox 572 2081 595 2126; x_wconf 76' lang='lat'>5.</span> <span class='ocrx_word' id='word_1_136' title='bbox 609 2077 729 2128; x_wconf 65' lang='lat' dir='ltr'>amicitur</span> <span class='ocrx_word' id='word_1_137' title='bbox 742 2077 832 2127; x_wconf 79' lang='lat' dir='ltr'>omnt&#39;rw</span> <span class='ocrx_word' id='word_1_138' title='bbox 846 2075 1010 2128; x_wconf 80' lang='lat' dir='ltr'>LPrchor.</span> <span class='ocrx_word' id='word_1_139' title='bbox 1047 2079 1069 2125; x_wconf 79' lang='grc'>6.</span> <span class='ocrx_word' id='word_1_140' title='bbox 1084 2075 1136 2126; x_wconf 63' lang='lat' dir='ltr'>ddi</span> 
     </span>
     <span class='ocr_line' id='line_1_17' title="bbox 80 2143 1132 2214; baseline 0.004 -22"><span class='ocrx_word' id='word_1_141' title='bbox 80 2143 191 2195; x_wconf 62' lang='lat' dir='ltr'>diadema</span> <span class='ocrx_word' id='word_1_142' title='bbox 208 2157 230 2194; x_wconf 82' lang='lat' dir='ltr'>et</span> <span class='ocrx_word' id='word_1_143' title='bbox 246 2145 297 2196; x_wconf 78' lang='lat' dir='ltr'>sole</span> <span class='ocrx_word' id='word_1_144' title='bbox 314 2145 462 2196; x_wconf 76' lang='lat' dir='ltr'>clarioraL</span> <span class='ocrx_word' id='word_1_145' title='bbox 500 2143 584 2196; x_wconf 68' lang='grc'><strong>111111</strong></span> <span class='ocrx_word' id='word_1_146' title='bbox 599 2147 652 2196; x_wconf 84' lang='lat' dir='ltr'>aine</span> <span class='ocrx_word' id='word_1_147' title='bbox 670 2147 742 2196; x_wconf 83' lang='lat' dir='ltr'>nocie</span> <span class='ocrx_word' id='word_1_148' title='bbox 760 2145 803 2196; x_wconf 88' lang='lat' dir='ltr'>Or.</span> <span class='ocrx_word' id='word_1_149' title='bbox 839 2151 862 2196; x_wconf 82' lang='grc'>8.</span> <span class='ocrx_word' id='word_1_150' title='bbox 884 2145 974 2214; x_wconf 77' lang='lat' dir='ltr'>[crucio</span> <span class='ocrx_word' id='word_1_151' title='bbox 988 2144 1035 2214; x_wconf 64' lang='grc' dir='ltr'>ΔΙ]</span> <span class='ocrx_word' id='word_1_152' title='bbox 1071 2163 1132 2196; x_wconf 78' lang='lat' dir='ltr'>rens.</span> 
     </span>
    </p>
   </div>
   <div class='ocr_carea' id='block_1_5' title="bbox 73 2213 1134 2334">
    <p class='ocr_par' dir='ltr' id='par_1_5' title="bbox 73 2213 1134 2334">
     <span class='ocr_line' id='line_1_18' title="bbox 73 2213 1134 2334; baseline 0.002 -72"><span class='ocrx_word' id='word_1_153' title='bbox 73 2213 171 2334; x_wconf 51' lang='lat' dir='ltr'>‚itssag</span> <span class='ocrx_word' id='word_1_154' title='bbox 216 2220 238 2265; x_wconf 83' lang='lat'>9.</span> <span class='ocrx_word' id='word_1_155' title='bbox 258 2216 385 2277; x_wconf 72' lang='lat' dir='ltr'>corfinnot</span> <span class='ocrx_word' id='word_1_156' title='bbox 402 2216 489 2265; x_wconf 85' lang='lat' dir='ltr'>omE</span> <span class='ocrx_word' id='word_1_157' title='bbox 541 2223 563 2264; x_wconf 81' lang='lat' dir='ltr'>et</span> <span class='ocrx_word' id='word_1_158' title='bbox 586 2217 643 2280; x_wconf 88' lang='lat' dir='ltr'>(pro</span> <span class='ocrx_word' id='word_1_159' title='bbox 667 2215 779 2280; x_wconf 57' lang='lat' dir='ltr'>atquem</span> <span class='ocrx_word' id='word_1_160' title='bbox 834 2221 872 2264; x_wconf 82' lang='grc'>14.</span> <span class='ocrx_word' id='word_1_161' title='bbox 894 2215 954 2264; x_wconf 81' lang='lat' dir='ltr'>baec</span> <span class='ocrx_word' id='word_1_162' title='bbox 976 2213 1074 2266; x_wconf 82' lang='lat' dir='ltr'>LMcR</span> <span class='ocrx_word' id='word_1_163' title='bbox 1105 2233 1134 2264; x_wconf 76' lang='lat' dir='ltr'>cz</span> 
     </span>
     <span class='ocr_line' id='line_1_19' title="bbox 79 2297 133 2329; baseline 0.019 -1"><span class='ocrx_word' id='word_1_164' title='bbox 79 2297 133 2329; x_wconf 79' lang='lat' dir='ltr'>no</span> 
     </span>
    </p>
   </div>
   <div class='ocr_carea' id='block_1_6' title="bbox 79 2473 1250 4348">
    <p class='ocr_par' dir='ltr' id='par_1_6' title="bbox 79 2473 1134 2808">
     <span class='ocr_line' id='line_1_20' title="bbox 80 2473 1133 2552; baseline 0.003 -24"><span class='ocrx_word' id='word_1_165' title='bbox 80 2473 171 2546; x_wconf 80' lang='lat' dir='ltr'>(ipsein</span> <span class='ocrx_word' id='word_1_166' title='bbox 200 2475 281 2532; x_wconf 87' lang='lat' dir='ltr'>illam</span> <span class='ocrx_word' id='word_1_167' title='bbox 316 2491 394 2545; x_wconf 88' lang='lat' dir='ltr'>rem,</span> <span class='ocrx_word' id='word_1_168' title='bbox 427 2493 514 2549; x_wconf 86' lang='lat' dir='ltr'>quam</span> <span class='ocrx_word' id='word_1_169' title='bbox 542 2474 604 2532; x_wconf 87' lang='lat' dir='ltr'>fieri</span> <span class='ocrx_word' id='word_1_170' title='bbox 627 2493 714 2550; x_wconf 85' lang='lat' dir='ltr'>posse</span> <span class='ocrx_word' id='word_1_171' title='bbox 735 2474 947 2552; x_wconf 84' lang='lat' dir='ltr'>intellegimus)</span> <span class='ocrx_word' id='word_1_172' title='bbox 970 2477 1068 2534; x_wconf 88' lang='lat' dir='ltr'>omnia</span> <span class='ocrx_word' id='word_1_173' title='bbox 1090 2475 1133 2532; x_wconf 89' lang='lat' dir='ltr'>in-</span> 
     </span>
     <span class='ocr_line' id='line_1_21' title="bbox 79 2557 1134 2639; baseline 0.005 -27"><span class='ocrx_word' id='word_1_174' title='bbox 79 2557 134 2614; x_wconf 79' lang='lat' dir='ltr'>sint.</span> <span class='ocrx_word' id='word_1_175' title='bbox 173 2560 266 2618; x_wconf 79' lang='lat' dir='ltr'>Malui</span> <span class='ocrx_word' id='word_1_176' title='bbox 288 2567 387 2616; x_wconf 88' lang='lat' dir='ltr'>tamen</span> <span class='ocrx_word' id='word_1_177' title='bbox 418 2561 554 2617; x_wconf 89' lang='lat' dir='ltr'>mendum</span> <span class='ocrx_word' id='word_1_178' title='bbox 587 2569 719 2618; x_wconf 85' lang='lat' dir='ltr'>notatum</span> <span class='ocrx_word' id='word_1_179' title='bbox 752 2560 927 2636; x_wconf 88' lang='lat' dir='ltr'>relinquere.</span> <span class='ocrx_word' id='word_1_180' title='bbox 983 2559 1134 2639; x_wconf 79' lang='lat' dir='ltr'>[Halmius</span> 
     </span>
     <span class='ocr_line' id='line_1_22' title="bbox 79 2645 1133 2721; baseline 0.006 -24"><span class='ocrx_word' id='word_1_181' title='bbox 79 2663 145 2718; x_wconf 72' lang='lat' dir='ltr'>coepe</span> <span class='ocrx_word' id='word_1_182' title='bbox 164 2649 260 2703; x_wconf 67' lang='lat' dir='ltr'>coeam</span> <span class='ocrx_word' id='word_1_183' title='bbox 282 2647 410 2703; x_wconf 80' lang='lat' dir='ltr'>videmus.</span> <span class='ocrx_word' id='word_1_184' title='bbox 464 2646 533 2703; x_wconf 88' lang='lat' dir='ltr'>Non</span> <span class='ocrx_word' id='word_1_185' title='bbox 555 2645 653 2721; x_wconf 85' lang='lat' dir='ltr'>placet</span> <span class='ocrx_word' id='word_1_186' title='bbox 680 2655 746 2720; x_wconf 85' lang='lat' dir='ltr'>poet</span> <span class='ocrx_word' id='word_1_187' title='bbox 771 2648 836 2720; x_wconf 70' lang='lat' dir='ltr'>fieri</span> <span class='ocrx_word' id='word_1_188' title='bbox 864 2647 1026 2704; x_wconf 87' lang='lat' dir='ltr'>subiectum</span> <span class='ocrx_word' id='word_1_189' title='bbox 1053 2646 1133 2704; x_wconf 90' lang='lat' dir='ltr'>aliud</span> 
     </span>
     <span class='ocr_line' id='line_1_23' title="bbox 79 2729 207 2808; baseline 0.047 -27"><span class='ocrx_word' id='word_1_190' title='bbox 79 2729 207 2808; x_wconf 72' lang='lat' dir='ltr'>verbum]</span> 
     </span>
    </p>

    <p class='ocr_par' dir='ltr' id='par_1_7' title="bbox 79 2815 1135 3660">
     <span class='ocr_line' id='line_1_24' title="bbox 151 2815 1132 2894; baseline 0 -20"><span class='ocrx_word' id='word_1_191' title='bbox 151 2815 218 2892; x_wconf 85' lang='lat' dir='ltr'>Cap.</span> <span class='ocrx_word' id='word_1_192' title='bbox 240 2816 336 2884; x_wconf 85' lang='lat' dir='ltr'>XXI,</span> <span class='ocrx_word' id='word_1_193' title='bbox 361 2816 410 2872; x_wconf 82' lang='lat'>71.</span> <span class='ocrx_word' id='word_1_194' title='bbox 454 2820 479 2873; x_wconf 82' lang='lat' dir='ltr'>ni</span> <span class='ocrx_word' id='word_1_195' title='bbox 504 2820 591 2872; x_wconf 74' lang='lat' dir='ltr'>motoria</span> <span class='ocrx_word' id='word_1_196' title='bbox 620 2815 707 2894; x_wconf 80' lang='lat' dir='ltr'>[dior]</span> <span class='ocrx_word' id='word_1_197' title='bbox 736 2817 844 2892; x_wconf 74' lang='lat' dir='ltr'>borreto)</span> <span class='ocrx_word' id='word_1_198' title='bbox 878 2818 1052 2893; x_wconf 86' lang='lat' dir='ltr'>Suspectum</span> <span class='ocrx_word' id='word_1_199' title='bbox 1076 2817 1132 2874; x_wconf 87' lang='lat' dir='ltr'>Tb.</span> 
     </span>
     <span class='ocr_line' id='line_1_25' title="bbox 79 2897 1132 2972; baseline 0.003 -17"><span class='ocrx_word' id='word_1_200' title='bbox 79 2897 196 2958; x_wconf 89' lang='lat' dir='ltr'>Bentleio</span> <span class='ocrx_word' id='word_1_201' title='bbox 219 2911 248 2958; x_wconf 84' lang='lat' dir='ltr'>ct</span> <span class='ocrx_word' id='word_1_202' title='bbox 269 2902 391 2960; x_wconf 87' lang='lat' dir='ltr'>Bremio</span> <span class='ocrx_word' id='word_1_203' title='bbox 413 2903 480 2972; x_wconf 67' lang='grc'><strong>111211,</strong></span> <span class='ocrx_word' id='word_1_204' title='bbox 503 2920 561 2958; x_wconf 88' lang='lat' dir='ltr'>non</span> <span class='ocrx_word' id='word_1_205' title='bbox 584 2903 647 2960; x_wconf 86' lang='lat' dir='ltr'>sine</span> <span class='ocrx_word' id='word_1_206' title='bbox 669 2920 771 2971; x_wconf 57' lang='lat' dir='ltr'>cauam</span> <span class='ocrx_word' id='word_1_207' title='bbox 795 2901 872 2962; x_wconf 85' lang='lat' dir='ltr'>Gzio</span> <span class='ocrx_word' id='word_1_208' title='bbox 889 2902 1057 2960; x_wconf 83' lang='lat' dir='ltr'>defendenti</span> <span class='ocrx_word' id='word_1_209' title='bbox 1074 2921 1132 2960; x_wconf 90' lang='lat' dir='ltr'>non</span> 
     </span>
     <span class='ocr_line' id='line_1_26' title="bbox 80 2984 1132 3064; baseline 0.005 -25"><span class='ocrx_word' id='word_1_210' title='bbox 80 2984 108 3039; x_wconf 88' lang='lat' dir='ltr'>de</span> <span class='ocrx_word' id='word_1_211' title='bbox 136 2987 250 3044; x_wconf 81' lang='lat' dir='ltr'>auribus</span> <span class='ocrx_word' id='word_1_212' title='bbox 283 2987 417 3063; x_wconf 84' lang='lat' dir='ltr'>purgatis</span> <span class='ocrx_word' id='word_1_213' title='bbox 450 2986 604 3044; x_wconf 88' lang='lat' dir='ltr'>dicendum</span> <span class='ocrx_word' id='word_1_214' title='bbox 637 2997 710 3059; x_wconf 86' lang='lat' dir='ltr'>erat,</span> <span class='ocrx_word' id='word_1_215' title='bbox 744 2989 796 3045; x_wconf 85' lang='lat' dir='ltr'>sed</span> <span class='ocrx_word' id='word_1_216' title='bbox 818 2988 1033 3064; x_wconf 85' lang='lat' dir='ltr'>quaerendum,</span> <span class='ocrx_word' id='word_1_217' title='bbox 1062 3007 1132 3045; x_wconf 89' lang='lat' dir='ltr'>num</span> 
     </span>
     <span class='ocr_line' id='line_1_27' title="bbox 80 3069 1133 3148; baseline 0.006 -24"><span class='ocrx_word' id='word_1_218' title='bbox 80 3069 139 3128; x_wconf 86' lang='lat' dir='ltr'>baec</span> <span class='ocrx_word' id='word_1_219' title='bbox 168 3073 241 3129; x_wconf 85' lang='lat' dir='ltr'>hane</span> <span class='ocrx_word' id='word_1_220' title='bbox 274 3073 450 3130; x_wconf 81' lang='lat' dir='ltr'>sententiam</span> <span class='ocrx_word' id='word_1_221' title='bbox 482 3073 591 3130; x_wconf 87' lang='lat' dir='ltr'>habere</span> <span class='ocrx_word' id='word_1_222' title='bbox 623 3083 758 3148; x_wconf 82' lang='lat' dir='ltr'>possent:</span> <span class='ocrx_word' id='word_1_223' title='bbox 797 3078 835 3130; x_wconf 82' lang='lat' dir='ltr'>r&#39;ta</span> <span class='ocrx_word' id='word_1_224' title='bbox 863 3077 934 3144; x_wconf 73' lang='lat' dir='ltr'>dici,</span> <span class='ocrx_word' id='word_1_225' title='bbox 969 3085 997 3130; x_wconf 86' lang='lat' dir='ltr'>ot</span> <span class='ocrx_word' id='word_1_226' title='bbox 1035 3075 1133 3130; x_wconf 82' lang='lat' dir='ltr'>locusta</span> 
     </span>
     <span class='ocr_line' id='line_1_28' title="bbox 80 3158 1131 3234; baseline 0.005 -24"><span class='ocrx_word' id='word_1_227' title='bbox 80 3168 150 3212; x_wconf 63' lang='lat' dir='ltr'>eser</span> <span class='ocrx_word' id='word_1_228' title='bbox 170 3162 273 3232; x_wconf 80' lang='lat' dir='ltr'>escrote</span> <span class='ocrx_word' id='word_1_229' title='bbox 296 3169 422 3224; x_wconf 81' lang='lat' dir='ltr'>naturae,</span> <span class='ocrx_word' id='word_1_230' title='bbox 445 3158 556 3230; x_wconf 88' lang='lat' dir='ltr'>idest,</span> <span class='ocrx_word' id='word_1_231' title='bbox 580 3163 676 3228; x_wconf 71' lang='lat' dir='ltr'>mortio,</span> <span class='ocrx_word' id='word_1_232' title='bbox 699 3179 768 3234; x_wconf 76' lang='lat' dir='ltr'>proce</span> <span class='ocrx_word' id='word_1_233' title='bbox 790 3161 862 3229; x_wconf 76' lang='lat' dir='ltr'>diri,</span> <span class='ocrx_word' id='word_1_234' title='bbox 896 3161 994 3216; x_wconf 79' lang='lat' dir='ltr'>borreto</span> <span class='ocrx_word' id='word_1_235' title='bbox 1009 3161 1131 3233; x_wconf 73' lang='lat' dir='ltr'>sucrum.</span> 
     </span>
     <span class='ocr_line' id='line_1_29' title="bbox 80 3239 1135 3321; baseline 0.005 -25"><span class='ocrx_word' id='word_1_236' title='bbox 80 3239 141 3300; x_wconf 78' lang='lat' dir='ltr'>tlibi</span> <span class='ocrx_word' id='word_1_237' title='bbox 167 3243 197 3300; x_wconf 89' lang='lat' dir='ltr'>id</span> <span class='ocrx_word' id='word_1_238' title='bbox 222 3243 283 3300; x_wconf 84' lang='lat' dir='ltr'>lieri</span> <span class='ocrx_word' id='word_1_239' title='bbox 306 3263 393 3320; x_wconf 86' lang='lat' dir='ltr'>posse</span> <span class='ocrx_word' id='word_1_240' title='bbox 415 3262 473 3302; x_wconf 91' lang='lat' dir='ltr'>non</span> <span class='ocrx_word' id='word_1_241' title='bbox 496 3244 612 3301; x_wconf 86' lang='lat' dir='ltr'>videtur</span> <span class='ocrx_word' id='word_1_242' title='bbox 639 3244 862 3319; x_wconf 78' lang='lat' dir='ltr'>necessarioque</span> <span class='ocrx_word' id='word_1_243' title='bbox 890 3245 1042 3321; x_wconf 83' lang='lat' dir='ltr'>coniungi:</span> <span class='ocrx_word' id='word_1_244' title='bbox 1075 3247 1135 3301; x_wconf 79' lang='lat' dir='ltr'>diri</span> 
     </span>
     <span class='ocr_line' id='line_1_30' title="bbox 81 3326 1132 3406; baseline 0.004 -24"><span class='ocrx_word' id='word_1_245' title='bbox 81 3326 179 3392; x_wconf 69' lang='lat' dir='ltr'>bruneto,</span> <span class='ocrx_word' id='word_1_246' title='bbox 201 3339 232 3386; x_wconf 88' lang='lat' dir='ltr'>ut</span> <span class='ocrx_word' id='word_1_247' title='bbox 254 3329 392 3386; x_wconf 84' lang='lat' dir='ltr'>audiatur</span> <span class='ocrx_word' id='word_1_248' title='bbox 413 3349 482 3399; x_wconf 78' lang='lat' dir='ltr'>esec3</span> <span class='ocrx_word' id='word_1_249' title='bbox 516 3331 596 3404; x_wconf 76' lang='lat' dir='ltr'>atqrxi</span> <span class='ocrx_word' id='word_1_250' title='bbox 626 3331 655 3386; x_wconf 93' lang='lat' dir='ltr'>id</span> <span class='ocrx_word' id='word_1_251' title='bbox 677 3331 832 3388; x_wconf 86' lang='lat' dir='ltr'>ridiculum</span> <span class='ocrx_word' id='word_1_252' title='bbox 855 3339 914 3402; x_wconf 85' lang='lat' dir='ltr'>eet,</span> <span class='ocrx_word' id='word_1_253' title='bbox 948 3331 1132 3406; x_wconf 75' lang='lat' dir='ltr'>Torquatum</span> 
     </span>
     <span class='ocr_line' id='line_1_31' title="bbox 81 3413 1132 3491; baseline 0.006 -25"><span class='ocrx_word' id='word_1_254' title='bbox 81 3429 108 3466; x_wconf 91' lang='lat' dir='ltr'>eo</span> <span class='ocrx_word' id='word_1_255' title='bbox 131 3413 195 3483; x_wconf 89' lang='lat' dir='ltr'>niti,</span> <span class='ocrx_word' id='word_1_256' title='bbox 217 3415 296 3488; x_wconf 88' lang='lat' dir='ltr'>quod</span> <span class='ocrx_word' id='word_1_257' title='bbox 323 3415 387 3491; x_wconf 84' lang='lat' dir='ltr'>ipse</span> <span class='ocrx_word' id='word_1_258' title='bbox 415 3416 456 3472; x_wconf 84' lang='lat' dir='ltr'>ita</span> <span class='ocrx_word' id='word_1_259' title='bbox 478 3433 542 3473; x_wconf 84' lang='lat' dir='ltr'>esee</span> <span class='ocrx_word' id='word_1_260' title='bbox 564 3416 680 3472; x_wconf 82' lang='lat' dir='ltr'>dixerit.</span> <span class='ocrx_word' id='word_1_261' title='bbox 726 3416 877 3474; x_wconf 83' lang='lat' dir='ltr'>Librarius</span> <span class='ocrx_word' id='word_1_262' title='bbox 900 3418 1031 3488; x_wconf 87' lang='lat' dir='ltr'>verbum,</span> <span class='ocrx_word' id='word_1_263' title='bbox 1055 3416 1132 3491; x_wconf 88' lang='lat' dir='ltr'>quod</span> 
     </span>
     <span class='ocr_line' id='line_1_32' title="bbox 80 3495 1132 3578; baseline 0.006 -26"><span class='ocrx_word' id='word_1_264' title='bbox 80 3495 165 3556; x_wconf 73' lang='lat' dir='ltr'>‹leesse</span> <span class='ocrx_word' id='word_1_265' title='bbox 188 3500 354 3571; x_wconf 83' lang='lat' dir='ltr'>ridebatur,</span> <span class='ocrx_word' id='word_1_266' title='bbox 377 3501 540 3577; x_wconf 84' lang='lat' dir='ltr'>supplevit,</span> <span class='ocrx_word' id='word_1_267' title='bbox 564 3520 621 3558; x_wconf 86' lang='lat' dir='ltr'>non</span> <span class='ocrx_word' id='word_1_268' title='bbox 644 3503 812 3573; x_wconf 83' lang='lat' dir='ltr'>attendens,</span> <span class='ocrx_word' id='word_1_269' title='bbox 843 3513 905 3559; x_wconf 81' lang='lat' dir='ltr'>eunt</span> <span class='ocrx_word' id='word_1_270' title='bbox 926 3503 1073 3578; x_wconf 88' lang='lat' dir='ltr'>pertinere</span> <span class='ocrx_word' id='word_1_271' title='bbox 1096 3502 1132 3558; x_wconf 88' lang='lat' dir='ltr'>ad</span> 
     </span>
     <span class='ocr_line' id='line_1_33' title="bbox 80 3585 410 3660; baseline 0.018 -24"><span class='ocrx_word' id='word_1_272' title='bbox 80 3595 217 3660; x_wconf 86' lang='lat' dir='ltr'>ntrnrnque</span> <span class='ocrx_word' id='word_1_273' title='bbox 240 3585 410 3644; x_wconf 79' lang='lat' dir='ltr'>membrum.</span> 
     </span>
    </p>

    <p class='ocr_par' dir='ltr' id='par_1_8' title="bbox 80 3670 1250 3832">
     <span class='ocr_line' id='line_1_34' title="bbox 149 3670 1250 3750; baseline 0.002 -23"><span class='ocrx_word' id='word_1_274' title='bbox 149 3673 294 3744; x_wconf 72' lang='lat' dir='ltr'>confirmor)</span> <span class='ocrx_word' id='word_1_275' title='bbox 321 3670 388 3730; x_wconf 91' lang='lat' dir='ltr'>Om.</span> <span class='ocrx_word' id='word_1_276' title='bbox 405 3672 493 3729; x_wconf 87' lang='lat' dir='ltr'>etiarn</span> <span class='ocrx_word' id='word_1_277' title='bbox 511 3672 587 3749; x_wconf 88' lang='lat' dir='ltr'>Spir.</span> <span class='ocrx_word' id='word_1_278' title='bbox 611 3681 640 3729; x_wconf 86' lang='lat' dir='ltr'>et</span> <span class='ocrx_word' id='word_1_279' title='bbox 657 3670 734 3732; x_wconf 90' lang='lat' dir='ltr'>God.</span> <span class='ocrx_word' id='word_1_280' title='bbox 749 3674 782 3744; x_wconf 73' lang='lat'>23</span> <span class='ocrx_word' id='word_1_281' title='bbox 814 3670 880 3749; x_wconf 86' lang='lat' dir='ltr'>[sed</span> <span class='ocrx_word' id='word_1_282' title='bbox 896 3683 977 3730; x_wconf 86' lang='lat' dir='ltr'>tenet</span> <span class='ocrx_word' id='word_1_283' title='bbox 997 3671 1052 3750; x_wconf 83' lang='lat' dir='ltr'>A].</span> <span class='ocrx_word' id='word_1_284' title='bbox 1075 3673 1132 3730; x_wconf 90' lang='lat' dir='ltr'>Te·</span> <span class='ocrx_word' id='word_1_285' title='bbox 1240 3701 1250 3718; x_wconf 53' lang='lat' dir='ltr'>s</span> 
     </span>
     <span class='ocr_line' id='line_1_35' title="bbox 80 3757 765 3832; baseline 0.01 -25"><span class='ocrx_word' id='word_1_286' title='bbox 80 3765 140 3810; x_wconf 83' lang='lat' dir='ltr'>rent.</span> <span class='ocrx_word' id='word_1_287' title='bbox 160 3757 230 3814; x_wconf 90' lang='lat' dir='ltr'>Hec.</span> <span class='ocrx_word' id='word_1_288' title='bbox 253 3758 308 3826; x_wconf 88' lang='lat' dir='ltr'>IV,</span> <span class='ocrx_word' id='word_1_289' title='bbox 333 3758 361 3828; x_wconf 79' lang='lat'>2,</span> <span class='ocrx_word' id='word_1_290' title='bbox 386 3759 418 3814; x_wconf 88' lang='lat'>5:</span> <span class='ocrx_word' id='word_1_291' title='bbox 441 3761 467 3815; x_wconf 84' lang='lat' dir='ltr'>ci</span> <span class='ocrx_word' id='word_1_292' title='bbox 486 3762 526 3816; x_wconf 82' lang='lat' dir='ltr'>rei</span> <span class='ocrx_word' id='word_1_293' title='bbox 539 3761 660 3832; x_wconf 81' lang='lat' dir='ltr'>firooooti</span> <span class='ocrx_word' id='word_1_294' title='bbox 673 3761 765 3831; x_wconf 70' lang='lat' dir='ltr'>ficiem</span> 
     </span>
    </p>

    <p class='ocr_par' dir='ltr' id='par_1_9' title="bbox 80 3842 1133 4261">
     <span class='ocr_line' id='line_1_36' title="bbox 151 3842 1133 3920; baseline 0.001 -22"><span class='ocrx_word' id='word_1_295' title='bbox 151 3843 213 3900; x_wconf 78' lang='lat' dir='ltr'>nibil</span> <span class='ocrx_word' id='word_1_296' title='bbox 237 3862 293 3900; x_wconf 78' lang='lat' dir='ltr'>eece</span> <span class='ocrx_word' id='word_1_297' title='bbox 316 3842 491 3920; x_wconf 79' lang='lat' dir='ltr'>procpcrnom)</span> <span class='ocrx_word' id='word_1_298' title='bbox 524 3844 678 3917; x_wconf 87' lang='lat' dir='ltr'>Nusquam</span> <span class='ocrx_word' id='word_1_299' title='bbox 712 3843 797 3911; x_wconf 87' lang='lat' dir='ltr'>alibi,</span> <span class='ocrx_word' id='word_1_300' title='bbox 831 3844 908 3918; x_wconf 90' lang='lat' dir='ltr'>quod</span> <span class='ocrx_word' id='word_1_301' title='bbox 942 3845 1048 3914; x_wconf 87' lang='lat' dir='ltr'>sciam,</span> <span class='ocrx_word' id='word_1_302' title='bbox 1081 3851 1133 3903; x_wconf 84' lang='lat' dir='ltr'>aut</span> 
     </span>
     <span class='ocr_line' id='line_1_37' title="bbox 81 3923 1131 4006; baseline 0.006 -26"><span class='ocrx_word' id='word_1_303' title='bbox 81 3923 170 3984; x_wconf 73' lang='lat' dir='ltr'>Cicero</span> <span class='ocrx_word' id='word_1_304' title='bbox 196 3938 245 3986; x_wconf 87' lang='lat' dir='ltr'>aut</span> <span class='ocrx_word' id='word_1_305' title='bbox 267 3929 421 4003; x_wconf 84' lang='lat' dir='ltr'>quisquam</span> <span class='ocrx_word' id='word_1_306' title='bbox 449 3930 524 3987; x_wconf 81' lang='lat' dir='ltr'>alius</span> <span class='ocrx_word' id='word_1_307' title='bbox 553 3949 713 4006; x_wconf 71' lang='lat' dir='ltr'>prosperam</span> <span class='ocrx_word' id='word_1_308' title='bbox 739 3929 829 4000; x_wconf 85' lang='lat' dir='ltr'>dixit,</span> <span class='ocrx_word' id='word_1_309' title='bbox 863 3931 940 4004; x_wconf 90' lang='lat' dir='ltr'>quod</span> <span class='ocrx_word' id='word_1_310' title='bbox 974 3928 1131 3986; x_wconf 87' lang='lat' dir='ltr'>iucundum</span> 
     </span>
     <span class='ocr_line' id='line_1_38' title="bbox 80 4015 1131 4091; baseline 0.009 -28"><span class='ocrx_word' id='word_1_311' title='bbox 80 4019 144 4066; x_wconf 74' lang='lat' dir='ltr'>esset</span> <span class='ocrx_word' id='word_1_312' title='bbox 164 4023 193 4070; x_wconf 90' lang='lat' dir='ltr'>et</span> <span class='ocrx_word' id='word_1_313' title='bbox 213 4022 326 4090; x_wconf 81' lang='lat' dir='ltr'>gratum</span> <span class='ocrx_word' id='word_1_314' title='bbox 350 4023 379 4071; x_wconf 91' lang='lat' dir='ltr'>et</span> <span class='ocrx_word' id='word_1_315' title='bbox 401 4015 438 4070; x_wconf 92' lang='lat' dir='ltr'>ob</span> <span class='ocrx_word' id='word_1_316' title='bbox 461 4015 537 4072; x_wconf 88' lang='lat' dir='ltr'>hanc</span> <span class='ocrx_word' id='word_1_317' title='bbox 559 4033 675 4073; x_wconf 84' lang='lat' dir='ltr'>causam</span> <span class='ocrx_word' id='word_1_318' title='bbox 699 4016 910 4091; x_wconf 83' lang='lat' dir='ltr'>expetendum,</span> <span class='ocrx_word' id='word_1_319' title='bbox 934 4016 985 4073; x_wconf 86' lang='lat' dir='ltr'>sed</span> <span class='ocrx_word' id='word_1_320' title='bbox 1008 4024 1131 4088; x_wconf 75' lang='lat' dir='ltr'>tantum,</span> 
     </span>
     <span class='ocr_line' id='line_1_39' title="bbox 80 4097 1131 4174; baseline 0.008 -24"><span class='ocrx_word' id='word_1_321' title='bbox 80 4097 146 4167; x_wconf 79' lang='lat' dir='ltr'>ouod</span> <span class='ocrx_word' id='word_1_322' title='bbox 175 4097 298 4156; x_wconf 78' lang='lat' dir='ltr'>feliciter</span> <span class='ocrx_word' id='word_1_323' title='bbox 330 4101 510 4174; x_wconf 90' lang='lat' dir='ltr'>procederet.</span> <span class='ocrx_word' id='word_1_324' title='bbox 554 4102 681 4160; x_wconf 90' lang='lat' dir='ltr'>Videtur</span> <span class='ocrx_word' id='word_1_325' title='bbox 702 4100 807 4160; x_wconf 88' lang='lat' dir='ltr'>Cicero</span> <span class='ocrx_word' id='word_1_326' title='bbox 841 4101 946 4159; x_wconf 84' lang='lat' dir='ltr'>lusisse</span> <span class='ocrx_word' id='word_1_327' title='bbox 979 4102 1009 4158; x_wconf 94' lang='lat' dir='ltr'>in</span> <span class='ocrx_word' id='word_1_328' title='bbox 1043 4101 1131 4158; x_wconf 86' lang='lat' dir='ltr'>simili</span> 
     </span>
     <span class='ocr_line' id='line_1_40' title="bbox 81 4185 394 4261; baseline 0.022 -26"><span class='ocrx_word' id='word_1_329' title='bbox 81 4197 140 4238; x_wconf 71' lang='lat' dir='ltr'>cono</span> <span class='ocrx_word' id='word_1_330' title='bbox 160 4185 239 4243; x_wconf 82' lang='lat' dir='ltr'>verbi</span> <span class='ocrx_word' id='word_1_331' title='bbox 259 4205 394 4261; x_wconf 68' lang='lat' dir='ltr'>capenum.</span> 
     </span>
    </p>

    <p class='ocr_par' dir='ltr' id='par_1_10' title="bbox 151 4271 1131 4348">
     <span class='ocr_line' id='line_1_41' title="bbox 151 4271 1131 4348; baseline 0.002 -21"><span class='ocrx_word' id='word_1_332' title='bbox 151 4275 197 4344; x_wconf 77' lang='lat' dir='ltr'>poi</span> <span class='ocrx_word' id='word_1_333' title='bbox 216 4273 265 4328; x_wconf 83' lang='lat' dir='ltr'>boc</span> <span class='ocrx_word' id='word_1_334' title='bbox 287 4273 415 4329; x_wconf 80' lang='lat' dir='ltr'>aroodito</span> <span class='ocrx_word' id='word_1_335' title='bbox 437 4275 504 4344; x_wconf 89' lang='lat' dir='ltr'>etc.)</span> <span class='ocrx_word' id='word_1_336' title='bbox 533 4271 582 4332; x_wconf 89' lang='lat' dir='ltr'>Sic</span> <span class='ocrx_word' id='word_1_337' title='bbox 608 4273 673 4330; x_wconf 89' lang='lat' dir='ltr'>Pal.</span> <span class='ocrx_word' id='word_1_338' title='bbox 700 4275 713 4330; x_wconf 90' lang='lat'>1</span> <span class='ocrx_word' id='word_1_339' title='bbox 745 4281 774 4329; x_wconf 89' lang='lat' dir='ltr'>et</span> <span class='ocrx_word' id='word_1_340' title='bbox 798 4273 1021 4348; x_wconf 61' lang='grc' dir='ltr'>Ἥ1110111111ιίιι</span> <span class='ocrx_word' id='word_1_341' title='bbox 1047 4271 1131 4340; x_wconf 73' lang='lat' dir='ltr'>Gaii,</span> 
     </span>
    </p>
   </div>
   <div class='ocr_carea' id='block_1_7' title="bbox 0 0 1474 5020">
    <p class='ocr_par' dir='ltr' id='par_1_11' title="bbox 0 0 1474 5020">
     <span class='ocr_line' id='line_1_42' title="bbox 0 0 1474 5020; baseline 0 0"><span class='ocrx_word' id='word_1_342' title='bbox 0 0 1474 5020; x_wconf 95' lang='lat' dir='ltr'> </span> 
     </span>
    </p>
   </div>
  </div>
 </body>
</html>
