2920 5012
352 352 415 416 110
742 370 788 416 nn
809 369 940 416 rnunus
963 369 1034 416 non.

350 549 414 604 tem
446 539 541 603 ullam
573 538 711 621 liquidae
742 537 911 622 voluptatis
944 545 976 604 et
1013 539 1128 604 bbcrae
1160 545 1274 620 potest
1328 539 1410 620 Atqui

351 641 561 724 pugnantibus
589 649 622 706 et
648 641 811 706 contrariis
834 642 944 706 studiis
971 641 1168 724 consiliisque
1190 661 1312 722 semper
1333 648 1410 706 utens

351 744 426 808 nibil
453 744 549 826 quieti
581 743 700 821 ridere,
733 743 807 808 nibil
840 745 998 826 tranquilli
1030 750 1143 826 potest.
1188 745 1238 808 59.
1273 745 1361 821 Quod
1390 743 1410 807 si

351 847 491 928 corporis
529 846 725 929 graviombus
762 847 879 912 morbis
917 847 999 912 vitae
1035 847 1210 910 iucunditas
1247 846 1411 929 impeditur,

312 956 468 1031 5quanto
500 949 598 1030 magis
631 948 725 1014 animi
757 949 874 1014 morbis
901 949 1044 1030 impediri
1067 967 1193 1014 necessa
1215 951 1276 1014 est!
1320 948 1412 1014 Animi

350 1059 454 1116 numm
476 1052 574 1117 morbi
591 1060 664 1116 suut
680 1050 866 1134 cupiditates
883 1052 1050 1116 immensae
1062 1059 1094 1116 et
1112 1053 1219 1116 inanes
1238 1052 1412 1126 divitiarum,

349 1152 475 1235 gloriae,
498 1154 724 1233 dominationis,
745 1153 980 1220 libidinosarum
1002 1153 1096 1218 etiam
1118 1154 1321 1235 voluptatum.
1361 1155 1412 1217 Ac-

350 1256 464 1322 cedunt
485 1255 710 1338 aegdmdines‚
732 1256 905 1334 molestiae,
928 1275 1101 1336 maerores,
1125 1257 1177 1338 qui
1200 1257 1337 1321 exedunt
1355 1255 1413 1319 aui-
1451 1265 1452 1270 ’

349 1377 416 1422 mos
439 1357 666 1440 conficiuntque
687 1357 782 1436 curis,
803 1359 960 1423 hominum
982 1378 1043 1422 non
1070 1357 1326 1440 intellegentium,
1349 1355 1413 1422 nibil

292 1475 333 1540 10
351 1461 516 1525 dolendum
539 1479 608 1526 esse
630 1460 741 1539 animo,
765 1461 849 1541 quod
871 1461 913 1525 sit
934 1479 953 1524 a
975 1460 1083 1526 dolore
1104 1461 1243 1543 corporis
1265 1458 1414 1543 praesenti

421 1687 442 1731 1.
461 1691 533 1746 atqua
551 1685 592 1736 Or.
638 1687 661 1735 3.
689 1683 765 1747 φιίαο
783 1682 804 1733 C
821 1681 986 1746 saeptus
1031 1689 1053 1730 4.
1081 1681 1144 1732 adae
1168 1711 1191 1718 -
1212 1683 1298 1732 morbis
1325 1697 1371 1732 om.
1397 1681 1415 1730 E

351 1757 372 1800 b.
392 1768 486 1802 necesse
509 1759 544 1800 ert
561 1767 610 1803 om.
630 1751 658 1801 Μ
677 1751 784 1816 [necem
799 1758 876 1816 potest
894 1752 933 1808 Δ;
956 1767 1050 1800 nocuas
1067 1751 1135 1799 lines
1153 1752 1234 1817 prima
1251 1767 1327 1801 manu
1347 1752 1416 1799 ducta

350 1821 484 1872 delendum
503 1818 677 1887 significatur]
716 1827 739 1868 o.
760 1820 871 1869 immanes
889 1819 1052 1884 [Ammonos]
1071 1819 1144 1868 neti
1163 1821 1291 1870 imenesC
1328 1823 1349 1868 7.
1370 1817 1416 1885 [do-

348 1889 487 1940 minatt'onea
514 1889 587 1955 stt]
633 1895 657 1944 8.
680 1906 742 1953 quae
770 1889 789 1937 L
842 1887 956 1940 aradam
977 1891 1054 1940 aab}
1078 1887 1178 1938 caedunt
1203 1905 1248 1940 nos
1266 1889 1311 1938 PR
1331 1888 1416 1937 meros

347 1957 449 2008 eredunt
466 1957 560 2008 MCOr.
599 1963 637 2009 to.
660 1956 742 2025 [adera
758 1973 805 2023 pro
821 1975 840 2006 α
856 1955 937 2007 dolon
953 1959 999 2016 At,
1018 1956 1096 2008 adora
1116 1955 1161 2025 M]

435 2115 522 2190 Atqui
549 2115 733 2190 frequentibus
761 2147 802 2156 -
825 2113 927 2190 potest)
961 2114 1067 2172 Haesit
1100 2114 1235 2172 Bromius
1267 2114 1297 2170 in
1331 2117 1417 2188 atqsi3

349 2219 444 2275 neque
457 2201 535 2257 enim
546 2201 574 2256 b.
587 2201 606 2256 l.
619 2200 778 2275 quidquam
791 2200 868 2258 obici
880 2209 932 2257 aut
948 2200 1098 2269 concludi3
1116 2200 1216 2275 itaque
1235 2199 1364 2256 malebat
1380 2208 1418 2254 ut-

349 2305 414 2360 que3
432 2285 462 2342 id
474 2305 512 2342 ex
524 2285 602 2361 Spir.
614 2284 687 2364 [non
700 2283 740 2362 B]
753 2295 783 2342 et
794 2279 809 2355 ξ
820 2286 920 2361 posuit
931 2284 1033 2344 Gzius.
1057 2285 1116 2346 Sed
1127 2294 1228 2361 aperte
1240 2284 1419 2342 concluditur

347 2370 405 2429 hoc
427 2371 528 2429 modo:
551 2372 679 2428 Animus
701 2391 719 2428 a
742 2389 774 2428 sa
796 2371 941 2430 dissidens
959 2372 1064 2429 beatus
1075 2390 1139 2428 asse
1162 2390 1221 2429 non
1243 2379 1355 2446 potest;
1378 2377 1418 2426 at·
1451 2383 1452 2390 ’

348 2457 399 2531 qui
422 2457 537 2514 animus
559 2458 758 2532 pugnantibus
780 2457 884 2516 studiis
907 2466 1008 2528 utens,
1032 2457 1111 2532 quod
1132 2455 1218 2528 lacit,
1242 2457 1267 2514 si
1289 2474 1348 2513 non
1371 2457 1419 2512 ho·

349 2551 431 2600 nesta
454 2542 660 2618 sapienterque
683 2543 771 2614 vivit,
795 2562 853 2600 non
876 2551 921 2602 est
943 2543 1118 2618 tranquillus
1141 2553 1171 2600 et
1193 2563 1211 2600 a
1232 2561 1263 2599 se
1285 2541 1420 2608 dissidet;

348 2647 418 2704 ergo
441 2628 556 2685 animus
577 2647 636 2685 non
653 2629 794 2686 honestus
805 2648 864 2687 non
876 2637 921 2686 est
937 2629 1049 2686 beatus.
1083 2630 1188 2702 Itaque
1200 2627 1319 2704 ponitur
1334 2629 1419 2701 utqui,

347 2724 381 2772 ut
401 2714 487 2788 solet,
510 2713 540 2770 in
562 2715 739 2772 assumenda
760 2733 803 2780 aaq
826 2733 915 2788 quam
932 2713 1019 2790 logici
1037 2713 1267 2790 propositionem
1280 2713 1420 2770 minorem

348 2799 508 2876 appellant
550 2799 687 2857 Handius
709 2800 739 2857 in
761 2800 849 2856 Turs.
870 2800 901 2871 1,
924 2819 953 2875 p.
977 2800 1053 2869 523,
1087 2799 1137 2874 qui
1162 2799 1298 2874 exempla
1324 2798 1421 2866 habet,

348 2903 406 2942 non
440 2885 511 2942 satis
544 2884 699 2960 perspicue
731 2885 827 2960 ipsam
859 2885 919 2942 vim
942 2884 1080 2942 declarat.
1124 2884 1243 2942 Erravit
1266 2885 1297 2941 in
1320 2885 1421 2940 aodern

347 2971 434 3028 huius
456 2970 619 3046 particulae
641 2989 696 3028 usu
719 2971 854 3028 Bremius
876 2971 906 3028 in
929 2970 1074 3041 librali,
1099 2971 1131 3028 5:
1154 2972 1243 3044 Atqui
1263 2971 1327 3027 baec
1347 2979 1422 3044 pote·

342 3059 430 3132 soatio
452 3059 534 3132 quasi
553 3075 644 3113 aarum
671 3067 824 3131 opertorum
847 3089 888 3098 —-
911 3058 1027 3130 definitio
1054 3066 1106 3126 sst3
1141 3056 1225 3132 (ergo
1254 3055 1421 3112 definitione

348 3160 448 3200 carere
476 3161 534 3199 non
568 3161 734 3217 possumus.
779 3140 872 3200 Gzius
894 3151 980 3217 putat
1000 3142 1175 3217 particulam
1197 3141 1328 3198 indicare
1353 3141 1423 3210 „ob-

347 3227 504 3285 iectionem
528 3246 594 3285 cum
617 3227 824 3286 consecutione
846 3225 1157 3303 refutationemque“).
1198 3227 1257 3287 Sed
1278 3227 1335 3285 hoc
1359 3226 1423 3283 loco

349 3311 442 3372 Gzius
465 3312 582 3390 longius
603 3332 776 3390 progressus
798 3322 954 3388 postquam
976 3323 1058 3387 atque
1080 3331 1144 3371 esse
1166 3315 1295 3388 atqueito
1313 3311 1423 3380 docuit,

343 3408 445 3475 potest,
477 3398 555 3474 quod
589 3399 735 3474 sequitur,
770 3399 861 3455 deleri
893 3399 971 3470 vult,
1006 3408 1040 3456 ut
1060 3418 1114 3474 per
1135 3409 1216 3473 atqua
1238 3399 1425 3456 continuetur

348 3484 551 3560 praecedentis
573 3485 657 3542 verbi
679 3485 735 3541 vis,
777 3486 882 3559 Itaque
905 3485 978 3541 haec
1000 3485 1033 3540 lit
1049 3484 1209 3542 sententia:
1239 3495 1264 3541 et
1285 3504 1315 3540 eo
1336 3487 1424 3540 otinas

347 3573 453 3627 animus
475 3590 494 3626 α
515 3591 544 3627 se
570 3573 627 3645 ipsa
655 3571 789 3628 dissidens
811 3603 852 3611 —-
871 3581 959 3646 potest
980 3603 1021 3612 -
1044 3571 1111 3626 nibil
1142 3574 1225 3644 qut'ati
1255 3572 1360 3638 maiore,
1396 3567 1426 3625 id

347 3665 407 3726 est,
431 3655 546 3732 cogitur
567 3655 743 3730 tranquillus
772 3675 849 3727 esse3
883 3674 978 3730 neque
1006 3655 1083 3712 enim
1111 3667 1192 3731 atque
1214 3687 1255 3696 -
1277 3657 1345 3711 nihil
1367 3665 1425 3711 est:
1451 3643 1452 3652 ¹

346 3751 394 3798 aut
413 3744 571 3816 quidquam.
605 3741 725 3798 Delevit
737 3741 910 3801 Schuetzius
924 3751 1012 3817 potest
1029 3759 1083 3798 nee
1093 3741 1273 3817 improbavit
1284 3740 1425 3798 Orellius.

434 3827 484 3884 59.
528 3829 669 3884 immersae
690 3837 715 3883 at
736 3825 843 3906 inanes)
878 3829 1009 3884 [inmanes
1027 3827 1116 3883 etiam
1129 3827 1216 3903 Spir.,
1240 3826 1335 3884 etsie
1357 3833 1426 3902 post

348 3911 462 3987 aliquot
494 3912 660 3988 superiores
683 3911 793 3990 (Crat,
816 3913 909 3986 vict.)
943 3911 1083 3970 Davisius
1105 3932 1122 3969 e
1145 3914 1228 3971 Parr.
1256 3915 1281 3982 1,
1307 3912 1343 3982 3,
1379 3909 1426 3967 El.

346 4005 482 4072 utroque,
504 3992 680 4075 Ba11.(nt);
704 3999 756 4055 sed
778 4017 833 4055 nec
854 3995 908 4054 τοῦ
930 3995 1015 4056 κενοῦ
1038 3997 1213 4074 significatio
1235 4005 1315 4054 recte
1338 3997 1426 4054 omit-

347 4082 419 4140 titur
442 4081 506 4158 (cfr.
529 4084 567 4141 ad
589 4089 604 4154 ξ
629 4084 683 4160 53)
716 4093 747 4141 et
778 4085 901 4142 nimium
935 4101 970 4140 ac
997 4101 1090 4159 paene
1118 4083 1273 4141 ridiculum
1302 4091 1348 4140 est
1377 4086 1427 4138 im·
1451 4119 1452 4124 κ

346 4187 452 4226 mamus
473 4180 498 4226 et
519 4173 662 4240 immones3
685 4170 760 4228 alius
782 4170 898 4246 generis
921 4170 951 4227 in
975 4169 1109 4226 Verrinis
1132 4173 1223 4243 inpane
1244 4179 1269 4226 et
1290 4171 1426 4225 immunis.

346 4254 442 4312 Paulo
465 4265 532 4331 post
553 4257 669 4313 eredunt
689 4259 792 4313 oniotos
814 4256 903 4313 etiam
927 4255 1004 4330 Spir.
1027 4253 1073 4334 [et
1093 4252 1148 4332 A].
1451 4309 1452 4316 ,

433 4341 574 4397 domum
596 4361 653 4398 asse
674 4340 775 4418 eninm)
797 4341 916 4400 Vidad
934 4341 1011 4410 555.
1056 4340 1131 4400 Cum
1152 4340 1184 4398 in
1205 4357 1315 4416 paucas
1336 4358 1430 4415 quas·
