2948 5024
318 385 380 450 748
600 455 603 462 ,
710 405 754 450 nn
777 403 907 452 sturnus
930 405 1002 452 nou.

318 571 394 638 haec
415 589 485 637 cum
507 573 647 654 corporis
669 574 751 639 bona
778 574 855 654 sint,
889 592 996 640 cortun
1030 574 1225 640 conficientia
1253 583 1342 640 certe
1367 575 1395 638 in

390 782 409 826 1.
431 778 499 827 Ante
515 777 575 828 daec
592 779 675 828 mendi
695 789 757 830 nota
774 780 843 844 apud
861 777 905 830 Or.

317 975 431 1025 tautum
453 969 531 1027 bona
553 969 615 1026 sive
638 971 792 1030 commoda
814 979 1032 1040 commemorat,
1056 988 1093 1028 ex
1116 970 1225 1045 quibus
1247 971 1396 1028 contraria

318 1054 396 1110 mala
419 1053 506 1112 simul
527 1054 792 1132 intellegebantur:
817 1056 900 1126 „Iam
923 1066 1047 1114 externa
1068 1054 1221 1132 illaparce
1233 1065 1267 1113 tu
1278 1057 1395 1130 quidem

318 1138 459 1214 (laudasti
480 1151 509 1198 st
520 1141 728 1216 assumpsisti),
752 1141 802 1216 qui
815 1141 867 1199 illa
880 1160 942 1217 ,per
964 1159 995 1198 se
1010 1141 1128 1216 quidem
1140 1141 1312 1216 expetenda
1325 1161 1395 1210 esso,

318 1224 368 1282 sed
390 1225 449 1282 line
470 1226 613 1284 bonorum
636 1245 693 1284 non
717 1227 860 1284 contineri
883 1227 1021 1284 statueris
1033 1227 1062 1304 (ξ
1077 1227 1115 1284 67
1129 1235 1159 1283 et
1172 1226 1243 1302 68);
1266 1227 1321 1284 sed
1333 1245 1394 1283 eum

316 1310 399 1380 haec,
423 1329 499 1386 quae
521 1312 767 1380 enumeravimus,
790 1312 938 1382 valetudo,
962 1313 1050 1382 uires,
1074 1320 1182 1384 catera,
1206 1313 1396 1370 bonasintet

317 1413 334 1452 a
357 1403 386 1452 to
407 1397 540 1472 corporis
563 1399 640 1454 bona
661 1398 821 1494 appellata,
844 1407 923 1455 certe
945 1415 981 1455 ea
997 1397 1095 1467 etiarn,
1119 1416 1194 1472 quae
1213 1417 1317 1454 eorum
1330 1415 1395 1454 con·

318 1481 446 1538 ficientis
469 1493 537 1540 sunt
558 1473 611 1561 (rol
632 1500 746 1540 τουτων
768 1471 935 1562 ποιητικά),
957 1483 989 1540 in
1011 1483 1096 1540 bonis
1119 1485 1301 1555 numerabis,
1326 1483 1394 1540 ami-

318 1585 376 1635 cos,
400 1567 526 1638 liberos,
555 1586 641 1644 opes,
669 1577 703 1626 ut
724 1569 782 1626 tria
803 1587 912 1645 genera
934 1569 1077 1626 bonorum
1106 1569 1229 1626 etitem
1252 1569 1393 1627 malorum

316 1671 376 1710 uon
399 1651 550 1730 effugias.“
597 1655 631 1711 ln
655 1655 801 1712 sententia
822 1653 852 1710 id
875 1664 920 1712 ast
942 1654 1074 1724 molesti,
1107 1653 1220 1729 inquo
1243 1673 1333 1712 nemo
1354 1651 1394 1710 oi·

316 1735 417 1796 sensus
435 1751 487 1808 est,
510 1739 588 1814 quod
601 1739 705 1799 Cicero
717 1740 764 1797 hic
776 1749 880 1798 contre
890 1741 1029 1798 Pisonem
1042 1747 1070 1796 et
1081 1740 1264 1797 Antiochum
1288 1739 1395 1797 cousti-

316 1823 430 1881 tutione
454 1826 580 1900 quadam
603 1833 793 1883 externorum
816 1825 959 1883 bonorum
982 1825 1090 1894 utitur,
1124 1843 1200 1900 quae
1223 1825 1254 1882 in
1278 1825 1394 1883 Pisonis

317 1909 516 1985 disputatione
538 1911 636 1986 posita
658 1929 717 1970 non
740 1920 794 1983 est,
817 1919 851 1968 ut
871 1911 945 1968 nihil
956 1929 1076 1968 necessa
1088 1911 1127 1967 sit
1137 1911 1242 1968 Pisoni
1254 1911 1295 1981 id,
1320 1908 1394 1985 quod

317 2012 355 2051 ex
377 2013 413 2052 en
435 1996 604 2054 definitione
627 1996 832 2067 concludatur,
866 1998 1001 2072 probare.
1050 1996 1128 2054 Nam
1156 1996 1236 2054 bona
1264 1994 1392 2072 corporis

317 2081 422 2139 confici
444 2083 575 2140 externis
598 2081 657 2140 illis
687 2092 717 2139 et
744 2083 811 2139 ideo
838 2082 911 2139 haec
939 2100 1003 2140 esse
1026 2082 1208 2157 expetenda,
1244 2082 1317 2140 Piso
1341 2097 1393 2138 non

206 2169 212 2182 ‘
317 2165 451 2238 dixerat,
486 2168 538 2225 sed
566 2167 625 2225 ulio
653 2177 684 2224 et
711 2166 853 2244 singulari
882 2168 1106 2226 modoexterua
1127 2167 1169 2224 ita
1191 2167 1391 2230 constituerat,

316 2260 351 2308 ut
361 2253 480 2322 amicos,
500 2253 609 2310 liberos
621 2261 872 2324 commemoraret,
890 2272 971 2329 opes,
995 2253 1123 2322 divitias,
1146 2271 1220 2327 quas
1231 2253 1279 2309 hic
1292 2252 1392 2312 Cicero

317 2336 411 2412 pouit,
434 2355 492 2394 non
505 2339 686 2408 nominarem
710 2339 769 2396 rid.
792 2339 829 2395 ad
843 2339 882 2396 67
894 2347 925 2396 et
938 2340 986 2396 68.
1008 2339 1056 2396 Ns
1073 2339 1164 2395 ceteri
1181 2338 1303 2412 quidam
1315 2336 1393 2396 Peri-

315 2422 447 2498 patetici,
470 2424 521 2499 qui
544 2433 667 2481 externa
677 2424 937 2481 instrumentorum
949 2424 1015 2483 loco
1026 2423 1184 2494 habebant,
1207 2424 1261 2481 illa
1281 2424 1392 2480 ratione

317 2525 405 2582 saepe
416 2509 462 2566 usi
473 2509 620 2580 videntur,
643 2519 676 2566 ut
687 2509 819 2586 corporis
831 2510 993 2580 commoda,
1017 2509 1216 2566 valetudinem
1234 2519 1264 2566 et
1274 2507 1392 2584 integri·

316 2602 407 2651 tatem
430 2613 577 2668 sensnum,
600 2596 731 2652 externis
754 2595 858 2654 confici
881 2596 1019 2653 dicerent
1053 2595 1223 2655 Scdtamsu
1241 2595 1283 2652 rei
1308 2613 1328 2652 a
1348 2612 1392 2649 rc·

316 2679 428 2736 teribus
450 2679 634 2756 philosophis
657 2682 699 2738 sic
720 2681 867 2738 interdum
890 2681 1043 2756 expositae
1065 2680 1191 2757 vestigia
1213 2681 1287 2738 satis
1307 2678 1391 2737 mani-

315 2763 393 2823 festa
415 2766 524 2825 suntin
537 2767 583 2837 iis,
606 2785 681 2842 quae
694 2768 753 2838 III,
768 2769 806 2824 49
822 2766 970 2843 Diogenes
982 2766 1100 2826 Stoicus
1118 2767 1268 2823 censuisse
1281 2765 1390 2826 dieitur.

317 2850 437 2908 divitias
458 2852 658 2909 valetudinem
670 2853 775 2910 bonam
789 2853 948 2909 continere.
982 2852 1017 2909 In
1040 2852 1140 2909 verbis
1161 2870 1253 2909 uuum
1267 2849 1391 2910 notabile

318 2945 373 3010 ast,
396 2939 475 3011 quod
497 2937 602 2997 Cicero
624 2937 844 3014 perspicuitatis
867 2955 956 2995 causo
973 2939 1046 3008 baec,
1071 2937 1150 3012 quod
1171 2937 1201 2993 in
1214 2937 1390 2995 demonstra·

316 3021 378 3080 tivo
400 3024 573 3099 pronomine
595 3024 713 3096 licebat,
736 3032 803 3081 ante
826 3041 885 3081 cum
906 3024 1071 3099 poenitet,
1101 3040 1167 3080 curn
1190 3022 1263 3079 haec
1281 3032 1390 3081 senteu-

316 3108 359 3166 tia
381 3109 528 3167 subesset:
550 3129 609 3167 cum
632 3111 697 3167 boec
719 3129 762 3167 res
784 3111 823 3166 ad
843 3129 941 3186 corpus
947 3112 1110 3184 pertinentes
1122 3110 1189 3166 bono
1200 3111 1263 3177 sint,
1288 3118 1388 3174 tamen,

316 3194 386 3270 quia
407 3213 466 3252 uon
489 3195 595 3253 Latine
607 3195 754 3253 diceretur
765 3195 829 3252 lucc
840 3198 968 3270 emporis,
991 3197 1110 3270 corporis
1121 3194 1159 3251 ad
1172 3194 1240 3250 bona
1250 3191 1389 3250 adiunxit

314 3281 351 3338 Iu
374 3281 420 3338 his
442 3281 603 3338 Lambinus
625 3281 749 3339 haerens
772 3281 903 3355 scripsit:
925 3299 985 3337 cum
1007 3281 1086 3350 hacc,
1114 3280 1298 3354 putabatque
1326 3273 1389 3335 scri·

315 3366 442 3423 bendum
465 3365 592 3424 fortasse
614 3385 693 3424 esse:
715 3369 765 3424 sed
786 3369 981 3441 bucccorporis
1002 3367 1213 3423 cumbonosmt.
1241 3362 1388 3422 Ernestius

317 3453 382 3509 baec
398 3452 491 3508 deleri
502 3453 631 3522 volebat,
655 3452 697 3510 ita
709 3453 884 3510 sententiam
896 3469 1050 3510 enarrans:
1073 3469 1139 3508 curn
1162 3451 1296 3526 corporis
1307 3466 1387 3524 quse·

316 3537 383 3594 dam
406 3537 484 3595 bona
505 3547 626 3595 statues.
660 3537 784 3595 Beierus
806 3538 843 3595 ad
856 3536 913 3596 Off.
925 3538 952 3609 I,
965 3539 1002 3595 41
1017 3557 1046 3613 p.
1061 3537 1120 3594 103
1144 3536 1186 3594 sic
1198 3535 1290 3593 verba
1306 3537 1386 3593 inter-

316 3623 479 3699 pungebut:
501 3626 550 3681 sed
565 3625 629 3682 baec
641 3621 802 3702 (externa),
814 3643 874 3682 cum
885 3626 1004 3698 corporis
1016 3624 1149 3680 bona‘sint
1165 3619 1246 3700 (cum
1263 3617 1386 3696 corporis

316 3706 437 3766 bonare
449 3727 520 3766 vera
541 3709 620 3767 bona
641 3706 724 3788 sint),
747 3729 836 3767 eorum
857 3711 1019 3783 conficientia
1041 3717 1106 3779 cet,
1129 3725 1187 3765 non
1210 3707 1385 3764 auimadrer

316 3803 390 3866 tans,
414 3795 461 3852 illu
484 3795 600 3853 ethaeo
622 3795 771 3853 contraria
793 3813 867 3865 esse,
890 3813 944 3852 nec
966 3793 1028 3851 ullo
1050 3794 1137 3851 modo
1160 3794 1225 3850 hoec
1242 3825 1284 3834 -
1306 3807 1385 3850 eorum

316 3882 480 3954 conficientia
502 3881 640 3958 coniungi
662 3899 758 3956 posse,
782 3889 826 3938 tot
847 3880 946 3938 verbis
969 3880 1047 3936 inter
1068 3879 1345 3936 demonstrationem
1361 3879 1385 3929 ct

315 3964 355 4036 id,
379 3967 457 4041 quod
475 3966 733 4028 demonstraretur,
755 3966 946 4042 interpositis.
980 3965 1073 4024 Gaius
1084 3965 1172 4040 plene
1183 3961 1385 4021 incredibiliter

316 4052 474 4120 aberravit,
496 4052 527 4108 in
550 4053 651 4110 eadem
674 4061 745 4109 nota
768 4070 978 4116 moxnarrans,
1003 4051 1134 4127 corporis
1150 4047 1384 4108 bonaconficien·

316 4136 358 4194 tia
379 4155 443 4196 asse
460 4137 631 4208 anticorum,
654 4137 823 4210 liberorum,
847 4156 936 4214 opum
959 4137 1003 4212 (et
1024 4137 1067 4194 sic
1089 4136 1180 4192 verba
1195 4131 1383 4210 interpunxit:

317 4224 390 4295 baec,
413 4243 472 4281 cum
494 4227 613 4300 corporis
636 4225 703 4280 bono
725 4227 879 4282 riuteorum
895 4222 1081 4298 conficientia),
1105 4231 1299 4290 moxcontra,
1321 4213 1382 4275 ami·

315 4326 375 4383 cos,
398 4309 518 4381 liberos,
541 4329 613 4387 opes
636 4309 822 4368 conficientia
843 4328 907 4367 essa
931 4308 1063 4385 corporis
1085 4308 1238 4365 bonorum.
1290 4297 1381 4365 Orellil'
