3034 5030
342 401 405 466 382
726 423 770 468 nn
792 422 923 471 amisus
945 423 1016 470 nou.

341 585 585 670 proficiscantur,
607 589 646 654 ab
667 590 776 656 iisdem
798 609 924 657 necesse
945 601 993 657 est
1009 591 1274 675 proficiseiipsam
1285 593 1417 673 sapien-

341 691 423 756 tiam.
468 689 528 755 Sed
550 693 807 772 quemadmodum
830 711 924 776 saepe
945 693 989 774 fit,
1011 706 1046 761 ut
1055 695 1092 776 is,
1114 696 1168 778 qui
1179 697 1419 761 commendatus

341 794 383 860 sit
403 791 503 872 alicam
525 793 625 875 pluris
646 813 716 860 eum
738 793 839 875 iaciat,
862 797 910 861 cui
938 799 1179 876 commendatus,
1201 817 1294 881 quam
1315 799 1419 876 illurn,

341 915 360 962 a
382 913 443 978 quo
465 895 515 974 sit,
537 895 582 960 sic
603 895 726 962 minime
747 897 858 962 mirum
870 906 926 978 est,
948 900 1048 981 primo
1070 919 1128 964 nos
1146 900 1314 982 sapientiae
1326 918 1418 966 com-

303 997 481 1065 bmendari
508 997 547 1062 ab
569 997 664 1063 initiis
686 1005 830 1078 namrae,
863 1008 935 1082 post
963 1008 1066 1066 autem
1099 1002 1200 1083 ipsam
1227 1002 1417 1082 sapientiam

199 1091 205 1104 '
341 1101 429 1168 uobis
451 1099 600 1166 cariorem
612 1097 687 1178 lieri,
710 1118 803 1181 quam
824 1103 877 1168 illa
898 1103 969 1182 sint
991 1123 1010 1168 a
1032 1103 1144 1185 qrdbus
1165 1105 1206 1168 ad
1228 1104 1418 1169 hancvena-

341 1205 446 1270 rimus.
489 1203 593 1283 Atque
614 1211 650 1266 ut
670 1202 808 1267 membra
830 1205 918 1271 nobis
940 1205 983 1270 ita
1005 1207 1078 1272 data
1100 1213 1182 1284 suut,
1203 1211 1239 1269 nt
1259 1209 1417 1287 adquan-

340 1307 411 1372 dam
440 1303 591 1370 rationem
618 1303 741 1368 vivendi
768 1305 842 1372 data
869 1325 938 1373 esse
964 1314 1150 1389 appareant,
1184 1308 1227 1372 sic
1258 1307 1417 1388 appetitio

412 1517 432 1566 t.
453 1507 535 1578 [isdem
558 1513 582 1562 A
673 1517 696 1563 8.
720 1511 804 1578 clieta.
817 1539 846 1548 —
871 1511 1043 1562 commendatus
1066 1527 1116 1565 om.
1139 1513 1161 1561 E
1183 1510 1358 1562 commandatur
1381 1512 1417 1561 ait

339 1577 501 1632 LPMCROr.
539 1587 562 1630 4,
593 1597 610 1630 a
627 1597 672 1646 quo
689 1579 724 1631 at'c
742 1579 926 1648 manimenAEh]
947 1580 1057 1644 aquost't
1074 1580 1253 1632 mulcatos
1290 1585 1312 1630 5.
1331 1579 1416 1644 ipsam

339 1649 456 1698 uutemE
510 1651 532 1698 7.
551 1647 739 1700 dataatntER
792 1655 814 1696 8.
836 1645 901 1715 [dote
919 1649 952 1715 A]

338 1821 416 1880 Nam
438 1821 524 1879 aliter
546 1821 644 1880 officia
665 1823 702 1880 ab
725 1823 817 1881 initiis
839 1833 961 1880 naturae
983 1822 1221 1900 proficiscuntur,
1249 1822 1334 1880 aliter
1364 1840 1415 1879 sa-

338 1906 462 1984 pientia,
496 1907 543 1964 cui
573 1909 661 1966 etiarn
683 1909 881 1966 commendari
909 1909 946 1965 ab
973 1907 1066 1966 initiis
1087 1917 1209 1964 naturae
1231 1907 1320 1983 paulo
1341 1917 1417 1983 post

338 1991 470 2061 dicimur,
494 1993 572 2068 quod
594 1993 665 2052 satis
687 1993 835 2052 diversunt
858 2013 921 2051 esse
943 1993 1068 2051 videtur.
1113 1992 1278 2070 Sapientia,
1301 1992 1331 2049 id
1355 2001 1413 2064 est,

338 2077 480 2154 perfectio
503 2097 538 2135 ea
560 2079 695 2150 rationis,
724 2099 799 2154 quae
827 2090 857 2136 et
883 2078 1034 2136 scientiam
1056 2097 1154 2136 rerum
1176 2087 1206 2136 et
1227 2096 1327 2135 omnes
1350 2078 1416 2134 vir-

338 2173 415 2220 tutes
437 2163 649 2240 complectitur,
672 2165 709 2221 ab
731 2161 817 2223 initio
839 2183 897 2222 non
919 2165 997 2222 inest
1016 2165 1047 2220 in
1070 2164 1201 2230 homine,
1234 2181 1289 2220 nec
1316 2162 1342 2219 is
1365 2163 1414 2219 in-

338 2248 507 2324 tellegentia
529 2260 559 2306 et
579 2249 730 2308 voluntate
754 2251 823 2308 boni
845 2258 995 2321 movetur,
1028 2249 1080 2306 sed
1102 2257 1216 2306 tanaim
1243 2247 1340 2306 studio
1364 2249 1414 2305 sui

338 2333 545 2404 conservandi3
568 2335 619 2392 aad
631 2343 728 2392 tamen
740 2355 776 2392 ex
795 2336 846 2393 illa
857 2335 952 2412 prima
963 2334 1167 2392 conciliatione
1178 2334 1308 2391 nascitur
1319 2333 1415 2390 etiam

338 2419 465 2476 studium
489 2421 594 2477 mentis
617 2431 646 2478 et
667 2421 790 2478 rationis
813 2420 991 2478 excolendae
1003 2429 1033 2478 et
1044 2419 1219 2496 cognitionis
1230 2437 1313 2476 arnor
1324 2417 1355 2495 (§
1371 2420 1413 2475 17

337 2514 367 2562 et
392 2503 444 2579 18)
467 2515 496 2561 et
518 2505 617 2562 insunt
639 2506 668 2562 in
691 2506 789 2564 animo
812 2525 876 2563 curn
899 2505 1089 2562 adumbratae
1117 2505 1238 2561 notitiae
1259 2523 1369 2574 rerum,
1393 2521 1415 2559 a

337 2589 443 2666 quibus
466 2591 660 2666 cognoscendi
682 2591 796 2650 initium
819 2591 1024 2668 progrediatur
1046 2591 1096 2667 (de
1108 2591 1197 2666 Legg.
1210 2590 1234 2657 I,
1248 2589 1286 2646 26
1300 2597 1330 2644 et
1343 2587 1413 2663 27),

337 2684 398 2732 tum
421 2675 601 2752 singularum
623 2677 764 2735 virtutum
788 2678 932 2734 elementa
954 2667 1119 2752 (ἀφορμαί,
1149 2674 1230 2734 Stob.
1253 2672 1316 2730 Ecl.
1339 2673 1414 2731 Eth.

336 2781 364 2838 p.
381 2761 439 2818 108
453 2761 565 2834 Heca).
592 2761 697 2836 Itaque
709 2762 861 2820 rationalis
878 2771 931 2832 est,
954 2769 987 2818 ut
998 2761 1041 2816 ait
1052 2759 1164 2818 Seneca
1175 2755 1244 2839 (Ep.
1259 2759 1327 2828 121,
1345 2759 1413 2836 14),

336 2846 431 2922 prima
459 2847 630 2905 constitutio
657 2847 792 2906 hominis.
848 2849 931 2904 Haec
958 2864 1012 2904 nos
1039 2845 1123 2902 initia
1145 2844 1306 2921 sapientiae
1328 2862 1414 2901 com·

336 2931 483 2996 mendant,
506 2931 612 3001 idest,
636 2925 741 2990 οἰκειοῖ
759 2933 879 3008 eiusque
896 2939 1067 3009 appetentes
1078 2928 1199 2988 faciunt.
1222 2930 1303 3006 (Non
1321 2929 1416 2986 aliter·

336 3017 412 3074 huuc
434 3016 531 3074 locum
553 3017 686 3075 Rittarua
697 3017 879 3076 intellexisse
901 3019 1026 3085 videtur,
1049 3016 1127 3073 Hist.
1139 3015 1216 3073 Phil.
1233 3015 1281 3072 111
1293 3033 1321 3090 p.
1336 3015 1413 3084 629,

336 3119 388 3160 nec
412 3113 509 3160 tannen
531 3102 696 3160 accuratius
719 3113 770 3160 aut
792 3104 817 3161 is
838 3112 891 3160 aut
911 3103 987 3160 alius
1009 3101 1177 3176 quisquam,
1200 3101 1278 3174 quod
1301 3100 1413 3170 norim,

335 3187 441 3264 attigit.
485 3187 622 3246 Editores
644 3187 716 3245 talia
742 3207 800 3246 non
828 3186 955 3264 curant.)
1004 3187 1063 3246 Sed
1090 3187 1149 3244 alio
1177 3185 1264 3243 modo
1292 3184 1415 3242 intelle·

334 3283 444 3350 grictam
465 3273 610 3349 principia
632 3283 764 3344 namrae,
787 3291 853 3332 cum
875 3275 913 3330 ab
935 3273 972 3330 iis
995 3269 1414 3348 officiaproliciscidicuntur,

334 3359 365 3416 id
387 3367 440 3423 est,
463 3377 511 3416 res
533 3377 595 3428 eae,
618 3377 693 3434 quae
715 3359 827 3434 primae
850 3367 1036 3436 appetuntur.
1060 3357 1129 3430 quia
1150 3355 1308 3414 secundum
1320 3367 1414 3412 natu·

333 3463 397 3502 ram
420 3453 501 3507 sunt:
525 3445 628 3502 saltern
652 3463 688 3500 ex
711 3445 757 3502 his
779 3463 839 3503 uua
860 3453 974 3502 tanturn
996 3451 1040 3498 est
1057 3441 1108 3498 illa
1125 3442 1220 3518 prime
1231 3440 1416 3516 cognitionis

334 3529 487 3605 appetitio.
520 3529 584 3588 Nec
606 3529 680 3586 haec
702 3529 864 3605 sapientiae
886 3527 1031 3606 protectio
1053 3528 1090 3583 ab
1112 3525 1203 3583 initiis
1224 3535 1350 3582 naturae
1367 3525 1415 3582 ita

334 3631 399 3672 curn
423 3613 586 3672 officiorum
609 3625 675 3672 ortu
687 3613 805 3673 ridetur
826 3617 982 3672 coniuncta
1003 3631 1077 3673 esse.
1099 3620 1132 3668 nt
1148 3631 1236 3668 cansa
1247 3611 1316 3666 hinc
1326 3624 1414 3668 recte

333 3709 484 3776 repetatur
506 3706 588 3778 (cram
612 3733 653 3742 -
671 3703 887 3776 pronunciantur.
910 3719 1012 3756 necesse
1033 3701 1092 3768 ceti

418 3805 436 3842 a
458 3803 511 3860 qaeu
533 3789 576 3846 ait,
599 3783 650 3851 air)
683 3785 771 3859 Quod
792 3785 886 3845 G-zius
914 3803 1015 3842 omnes
1037 3801 1105 3839 suos
1128 3781 1211 3838 codd
1226 3790 1277 3836 aut
1300 3783 1341 3836 aa·
1357 3793 1413 3838 aut

333 3873 368 3927 eit
389 3869 524 3928 omittere
536 3871 587 3932 ait.
600 3871 688 3927 etiam
699 3869 737 3927 ad
753 3871 882 3946 reliquos
894 3871 1036 3946 pertinen
1058 3865 1097 3948 [Β
1109 3869 1152 3929 a't,
1175 3885 1232 3923 om.
1243 3869 1291 3922 aar.
1303 3879 1415 3922 centn

332 3955 363 4014 Α
385 3967 414 4014 et
436 3953 507 4033 Eh]
550 3955 637 4030 Quod
659 3955 764 4015 editur,
786 3957 899 4033 prirnns
920 3955 1081 4013 Lambinus
1103 3952 1219 4008 ridetur
1233 3949 1363 4006 eddim
1380 3964 1415 4008 et

333 4039 389 4099 nde
412 4041 441 4098 in
464 4041 529 4099 Pal.
548 4041 577 4098 8.
609 4041 786 4099 Necessario
808 4041 855 4098 hic
877 4041 996 4098 additur
1016 4043 1060 4100 eit,
1083 4037 1107 4094 si
1129 4035 1244 4114 [utfeei
1265 4053 1347 4091 nnuc
1369 4037 1415 4092 ob

333 4121 377 4206 Α]
399 4136 467 4202 post
488 4129 686 4184 ‹ariraramdutue
707 4127 860 4184 omittitur.

418 4213 484 4268 aiom
506 4232 563 4268 case
583 4210 748 4290 appamia)
776 4213 844 4270 lure
867 4211 1021 4271 nriramur.
1044 4227 1096 4264 cur
1117 4207 1159 4263 sic
1181 4205 1236 4262 noe
1256 4223 1318 4260 unu
1341 4205 1417 4264 lom

333 4293 437 4354 Cicero
465 4297 562 4354 dicere
589 4299 725 4355 maluerit
752 4316 840 4372 quam
867 4307 1007 4372 ‹piperem-
1051 4293 1109 4352 sed
1136 4309 1202 4348 cum
1228 4289 1334 4366 negari
1356 4309 1416 4347 ne-

332 4391 430 4456 queat.
453 4383 496 4440 sic
518 4381 660 4442 Senecam
682 4383 752 4442 item
775 4383 864 4440 semel
881 4381 1033 4457 scripsisse
1055 4379 1104 4454 (de
1120 4375 1241 4435 Prode
1260 4377 1295 4432 5:
1316 4395 1416 4450 appr-
