2998 5020
410 424 455 470 nr
478 424 557 470 nan.
580 425 680 472 nrav
703 425 775 472 cae.
800 429 874 472 a-r.
1090 411 1150 476 631

82 603 136 658 tur
158 601 188 658 et
210 593 292 674 quod
315 593 439 676 assequi
451 594 550 700 vellet,
573 601 680 675 aptum
703 596 1006 660 etaeoommodatum
1023 605 1152 664 naturae

81 715 155 762 esse
176 701 322 778 oportere
343 703 375 761 et
396 697 465 776 tale,
488 703 523 762 ut
542 698 644 779 ipsum
666 718 723 780 per
746 717 780 764 se
801 698 948 763 invitaret
969 705 1001 764 et
1017 699 1153 766 alliceret

80 798 255 880 appetitum
276 799 386 878 animi,
414 818 505 881 quem
534 791 626 880 ὁρμήν
648 801 759 866 Graeci
781 811 901 866 vocant.
946 803 1028 880 Quid
1049 809 1151 867 autem

80 902 133 980 sit,
156 902 238 982 quod
260 901 304 966 ita
325 907 448 966 moveat
474 902 578 984 itaque
605 909 758 968 anetina
786 903 817 968 in
839 903 939 985 primo
962 911 1032 969 ortu
1054 925 1151 987 appe-

80 1011 182 1084 tatur,
215 1023 276 1069 nou
298 1009 433 1083 constat,
466 1005 566 1087 deque
593 1025 630 1070 eo
658 1012 707 1070 est
732 1007 813 1070 inter
835 1006 1048 1089 philosophos,
1083 1015 1189 1076 euml)

80 1125 235 1172 summurn
257 1107 370 1171 bonurn
393 1107 578 1188 exquiritur,
613 1109 712 1173 omnis
734 1109 895 1174 dissensio.
940 1110 1049 1175 Totius
1071 1112 1151 1176 enim

80 1209 273 1292 quaestionis
295 1209 375 1303 eius,
409 1229 487 1291 quae
509 1209 641 1274 habetur
668 1212 707 1275 de
729 1210 840 1276 limbus
862 1212 1012 1276 bonorum
1033 1218 1066 1277 et
1086 1232 1151 1276 ma-

79 1313 193 1389 lorum,
218 1330 286 1376 curn
309 1311 469 1392 quaeritur
491 1313 522 1376 in
544 1312 601 1391 his,
624 1313 697 1394 quid
720 1313 760 1378 sit
781 1319 959 1392 extremum,
983 1315 1057 1396 quid
1079 1315 1151 1379 ulti-

81 1433 184 1493 mum,
213 1412 281 1478 lons
304 1415 506 1498 reperiendus
529 1422 586 1494 est,
608 1415 639 1479 in
662 1435 723 1496 quo
746 1417 808 1480 sint
831 1417 931 1497 prima
952 1416 1152 1482 inritamenta

81 1525 227 1595 namrae3
250 1535 311 1598 quo
332 1517 467 1595 invento,
489 1517 588 1582 omnis
611 1519 650 1581 ab
672 1537 709 1582 eo
732 1519 821 1600 quasi
844 1519 945 1599 eapite
967 1519 1006 1584 de
1030 1539 1149 1584 summo
1169 1527 1210 1592 10

81 1621 166 1684 bono
188 1626 219 1682 et
241 1619 321 1683 malo
343 1619 511 1701 disputatio
534 1620 665 1690 ducitur.

170 1721 253 1786 VIL'
269 1723 317 1786 18.
351 1721 529 1803 Voluptatis
557 1723 607 1786 alii
630 1723 763 1804 primurn
785 1723 956 1814 appetitum
984 1731 1096 1804 putant
1122 1735 1153 1788 et

80 1825 215 1906 primam
247 1823 459 1905 depulsionem
486 1825 615 1904 doloris;
650 1825 832 1890 vacuitatem
855 1826 970 1890 doloris
998 1826 1048 1890 alii
1080 1845 1151 1890 oen-

80 1933 153 1992 sent
175 1925 307 2007 primum
330 1927 458 1991 ascitam
480 1937 511 1991 et
532 1927 665 2010 primum
677 1929 861 1993 declinatum
878 1928 1030 2007 dolorem3
1052 1929 1091 1994 ab
1113 1929 1151 1992 iis

135 2127 163 2170 2:
180 2129 277 2170 mutaret
295 2131 316 2170 et
333 2119 438 2170 alliceret
458 2121 479 2168 E
514 2125 536 2168 3.
556 2121 607 2172 Pro
626 2117 713 2194 ὁρμήν
730 2137 836 2171 vacuum
855 2123 963 2186 spatium
981 2123 1006 2169 in
1027 2123 1047 2170 C
1083 2130 1106 2169 t.
1127 2123 1149 2170 io

81 2192 110 2238 iia
131 2191 153 2238 R
189 2197 210 2238 et
228 2189 285 2252 quid
301 2189 404 2239 ultr'mom
422 2191 441 2240 Ε
459 2198 481 2238 et
498 2188 601 2240 ultimum
620 2191 706 2242 LPOR
741 2195 762 2242 9.
782 2192 875 2240 sontii
918 2197 955 2239 10.
975 2191 1046 2254 meast
1062 2205 1112 2243 om.
1131 2191 1150 2240 E
1176 2201 1180 2212 ’

85 2257 375 2308 {demonstratiuae
395 2274 444 2308 om.
456 2259 587 2309 LPCltOr.
629 2266 665 2310 14.
685 2269 799 2310 maetam
819 2260 996 2326 (prou-scitam)
1014 2261 1033 2308 Ε
1053 2260 1150 2308 ascitum

81 2328 174 2378 LPCR
191 2327 297 2389 oscitatio,
315 2345 360 2376 oon
377 2327 456 2377 dolere
474 2327 518 2380 Or.
561 2328 597 2377 lus
615 2345 709 2389 omues,
730 2329 771 2378 Or.

173 2520 220 2576 17.
242 2521 310 2594 quid
320 2520 454 2596 alonium)
477 2519 527 2578 Sio
538 2539 574 2576 ex
588 2520 665 2595 Spir.
678 2510 785 2590 Gaium
809 2539 846 2578 ex
861 2521 921 2577 Erl.
939 2517 989 2600 (de
1002 2540 1060 2595 quo
1072 2530 1150 2578 rente

82 2606 177 2665 Gaius
199 2614 330 2676 annotat,
353 2615 386 2662 ut
407 2606 494 2662 etiam
518 2605 553 2662 de
577 2605 654 2682 Spin.
677 2607 781 2664 confidi
800 2601 918 2683 debeat)
941 2604 986 2684 [et
997 2605 1037 2683 B]
1060 2626 1150 2683 appa·

82 2703 128 2750 ret
152 2691 322 2748 mutationis
350 2690 447 2766 origo;
481 2710 551 2767 ergo
578 2701 695 2750 secutus
723 2712 786 2750 surn
814 2693 1032 2754 auctoritatem,
1061 2702 1094 2748 ut
1121 2693 1151 2749 in

84 2777 261 2836 contrariam
284 2785 396 2852 partem
420 2777 476 2834 feei
499 2779 524 2848 1,
538 2778 586 2834 29.

162 2865 230 2937 sous
252 2865 423 2938 reperiendus
445 2874 492 2934 est,
516 2866 542 2919 in
565 2883 617 2938 quo
638 2869 704 2938 aiot)
728 2863 824 2920 Nimis
842 2863 971 2920 breviter
982 2863 1086 2921 Cicero
1109 2864 1151 2919 lo·

84 2969 176 3023 quens
198 2949 301 3006 incidit
322 2949 352 3004 in
376 2949 538 3006 orationem
561 2959 591 3005 et
613 2949 768 3024 imaginem
784 2968 841 3006 non
854 2949 1044 3024 aptissimam,
1068 2950 1151 3024 quasi

84 3037 111 3092 in
136 3055 171 3092 eo
194 3035 284 3106 fonte,
308 3054 324 3090 e
347 3053 405 3108 quo
427 3035 560 3108 quaestio
583 3035 618 3092 de
641 3035 747 3092 finibus
770 3035 902 3106 dueatur,
926 3035 1103 3092 insintetex
1117 3054 1152 3092 eo

84 3120 257 3178 hauriantur
279 3120 374 3195 prima
385 3121 578 3178 invitamenta
588 3133 718 3178 naturae.
747 3123 882 3196 Apparet
898 3121 984 3190 enim,
1009 3121 1064 3178 hoo
1086 3141 1150 3177 eum

85 3207 248 3284 significare
271 3206 361 3276 velle,
390 3206 625 3283 investigandum
649 3225 721 3278 esse,
745 3207 794 3263 ubi
818 3216 847 3263 et
869 3225 943 3281 quae
966 3206 1025 3263 sint
1046 3207 1152 3263 invita-

87 3303 182 3349 menta
205 3302 342 3361 naturam
365 3312 400 3349 eo
422 3301 548 3368 reperto,
571 3301 718 3368 repertum
741 3292 805 3350 fore
826 3291 938 3350 iontem
960 3291 1040 3350 illius
1063 3312 1151 3366 quae-

85 3379 195 3436 stionis.
228 3379 334 3452 Itaque
356 3381 527 3454 repem'ordus
549 3379 655 3436 dieitur
671 3382 737 3452 [σιω
760 3379 827 3436 talis
849 3379 965 3453 aliquis,
988 3381 1014 3434 io
1031 3398 1084 3452 qao
1100 3381 1153 3434 sirit

86 3474 114 3521 et
140 3473 304 3540 appareant
330 3464 383 3520 illa
409 3468 587 3522 inuitamento.
637 3465 716 3522 Male
744 3465 835 3541 igitur
865 3464 957 3523 Gzius
980 3483 1016 3520 ex
1039 3465 1100 3521 Erl.
1124 3473 1152 3520 et

87 3550 162 3626 Spir.
185 3551 281 3608 dedit:
304 3553 330 3606 io
358 3569 411 3624 quo
432 3562 509 3622 suat,
533 3551 616 3626 quasi
640 3551 774 3608 absolute
797 3550 926 3630 dicatur,
948 3550 1151 3626 reperiendum

87 3655 148 3692 esse
170 3636 351 3711 quaestionis
372 3635 483 3694 fontem
507 3633 599 3716 (qnod
621 3637 686 3711 qais
699 3635 895 3711 dubitabat?),
919 3645 948 3693 et
970 3645 1031 3693 turn
1050 3637 1152 3693 adiun-

87 3731 178 3798 gatur,
201 3723 230 3780 in
254 3723 310 3780 hoc
332 3721 413 3780 fonte
436 3723 488 3780 illa
509 3723 614 3780 inesse.
659 3720 734 3802 [Sint
756 3719 807 3803 B.]
851 3723 933 3780 Haeo
960 3723 1056 3797 prima
1077 3723 1152 3778 invi-

88 3817 213 3865 tamenta
246 3807 423 3884 generaliter
450 3808 508 3866 diei
536 3809 572 3865 de
601 3809 696 3884 prima
729 3809 854 3866 hominis
888 3801 1153 3866 constitutione'et

88 3895 229 3969 appetitu,
263 3893 330 3966 illa,
363 3913 438 3968 quae
461 3915 530 3952 mox
553 3903 727 3969 sequuntur,
757 3895 852 3970 prima
878 3902 1000 3950 naturae
1023 3893 1152 3969 intellegi

88 3989 178 4037 certas
201 3980 342 4054 quasdam
363 3999 421 4051 res,
444 3999 517 4054 quas
540 3980 658 4054 qnidam
681 3982 824 4056 putabant
845 3981 897 4037 illo
919 3980 1052 4056 appetitu
1075 3999 1153 4036 oom-

89 4066 234 4140 prehendi.
257 4066 377 4123 uberius
399 4067 546 4124 declaravi
570 4067 599 4123 in
622 4086 748 4124 excursu
770 4068 806 4123 de
828 4067 874 4123 his
897 4067 993 4123 rebus.
1037 4103 1040 4108 -

170 4151 242 4227 Cap.
253 4153 323 4224 VII,
340 4153 391 4208 18.*
410 4156 566 4210 nereditatem
578 4151 677 4210 dolor-a
685 4156 733 4210 ulii
739 4162 843 4210 celeseut
849 4156 967 4227 primurn
978 4152 1105 4226 mutuor)
1118 4153 1152 4208 In

90 4237 215 4295 codicum
238 4239 295 4295 fide
318 4238 471 4314 dignorum
495 4239 640 4314 scriptura
662 4240 734 4296 nihil
758 4239 881 4308 mutavi,
916 4238 971 4295 nisi
1000 4237 1078 4312 quod
1099 4255 1153 4313 pro

90 4326 197 4381 ueritum
218 4325 320 4402 (etiam
343 4321 383 4404 [B
406 4321 449 4404 et]
473 4345 528 4399 mg.
552 4325 632 4383 Crat.
663 4335 693 4382 et
721 4324 845 4382 fortasse
868 4323 962 4382 omnis
985 4323 1089 4380 melior
1110 4321 1152 4380 f·

93 4409 168 4466 milia
188 4421 319 4468 assertam
341 4411 444 4482 habet,
478 4412 514 4467 de
537 4429 595 4486 quo
620 4412 723 4468 mendo
746 4411 807 4468 dixi
830 4411 868 4468 ad
889 4412 946 4480 ΙΙΙ,
968 4409 1019 4486 17)
1042 4413 1153 4467 oscitano
