2944 5040
448 448 618 494 excussus
638 447 680 492 111.
1039 431 1101 496 809

107 620 134 675 ad
151 617 244 678 Sallustii
263 621 316 696 lug.
341 619 396 690 bl,
430 637 562 694 quosque
585 619 615 676 hi
643 619 717 677 alios
745 619 909 696 appellant,
944 631 976 678 nt
998 605 1125 678 merito⁴

104 704 198 764 Orellius
210 705 236 761 ad
245 703 290 764 cis.
300 705 429 781 Philipp.
442 706 500 775 III,
515 705 532 761 3
544 705 750 780 grammaticos
762 724 827 762 curn
839 707 992 782 particulis
1003 727 1049 764 nec
1061 740 1100 750 -

100 793 180 865 psalten
195 791 217 846 iu
233 790 337 866 gratiam
358 791 469 848 redisse
481 790 599 849 scribat.
633 790 690 850 Sed
703 791 788 848 valde
811 809 922 862 vereor,
946 811 982 849 ne
999 811 1103 868 parum

97 885 162 932 cauta
178 875 201 932 id
216 874 323 947 fecerint,
346 876 481 951 idemque
503 875 549 932 hia
571 877 719 946 acciderit,
744 876 823 951 quod
843 877 891 950 iis,
914 878 965 954 qni
976 878 1102 935 tradide-

94 973 158 1028 nunt,
180 961 291 1036 quomodo
312 960 464 1019 differrent
485 963 627 1020 obsidium
655 970 684 1018 et
706 963 862 1034 dissidium,
896 965 935 1021 od
953 965 1103 1040 placandos

90 1051 143 1104 (laos
159 1057 181 1104 et
197 1049 227 1104 eal
238 1049 390 1123 placandam
411 1049 484 1120 deos,
507 1067 566 1105 cum
588 1081 629 1089 —
652 1058 707 1104 taam
729 1059 759 1105 et
775 1058 830 1104 tum
846 1083 888 1090 -
900 1059 955 1105 tum
978 1049 1022 1127 (in
1034 1067 1103 1107 con-

87 1133 210 1210 iungendis
226 1133 295 1190 rebus
318 1143 403 1190 extra
424 1133 565 1208 temporis
593 1133 697 1190 mutati
719 1133 976 1212 significationem)
999 1136 1104 1192 multa·

85 1237 133 1294 que
149 1218 240 1276 similia.
275 1218 345 1278 Cum
368 1219 446 1278 enim
468 1219 559 1277 semel
581 1219 708 1276 edictum
731 1229 790 1288 est,
818 1219 874 1277 hoo
901 1229 931 1276 et
951 1220 1025 1277 illud
1047 1220 1104 1279 dil·

80 1305 152 1364 lcrre.
171 1303 277 1380 plerique
296 1322 390 1378 neque
412 1305 442 1361 in
465 1323 578 1363 summa
601 1303 747 1362 scribendi
759 1305 1040 1381 industriaspatium
1051 1306 1104 1362 ha·

78 1392 138 1448 bent
154 1389 299 1464 inquirendi,
322 1389 397 1447 sitne
419 1399 575 1465 utrumque
598 1399 709 1448 eertum
732 1398 762 1447 et
783 1409 842 1466 qno
863 1409 969 1467 genere
987 1409 1103 1466 quaque

74 1475 214 1533 constantia
237 1475 458 1533 testimoniorum
487 1477 675 1534 confirmetur
708 1475 751 1552 (et
777 1485 884 1550 quotus
912 1475 1035 1551 quisque
1069 1495 1105 1534 ea

70 1561 204 1618 aestimare
213 1556 344 1640 didiciti),
368 1579 462 1636 neque
485 1561 666 1619 committere
689 1563 811 1632 audent,
840 1571 873 1618 ut
893 1562 1103 1638 proprietatem

66 1645 196 1705 subtiliter
213 1647 313 1704 scilicet
323 1647 488 1722 expositam
511 1647 647 1724 ignorare
668 1656 790 1704 autnon
801 1647 972 1724 intellegere
984 1649 1104 1705 videan-

65 1745 116 1804 tur,
136 1732 285 1807 potiusque,
315 1732 340 1789 si
363 1733 441 1806 quod
464 1733 600 1790 mendum
623 1733 653 1790 in
675 1732 878 1790 recentissima
899 1733 999 1808 aliqua
1022 1734 1104 1791 char-

61 1819 118 1876 tula
137 1817 256 1886 occurrit,
276 1817 303 1874 id
326 1817 472 1894 arripiunt
493 1827 522 1875 et
544 1827 595 1875 aut
617 1819 766 1876 nominum
783 1819 958 1876 auctoritate
980 1828 1031 1876 aut
1047 1819 1104 1894 ipsi

54 1905 148 1979 aliqua
168 1903 320 1980 excogitata
341 1904 584 1979 interpretatione
606 1915 757 1960 exornant.
771 1904 798 1978 ¹)

133 1989 252 2046 Primum
273 1988 361 2064 igitur
372 1989 527 2046 dicendum
539 1999 590 2053 est,
614 1989 717 2064 siquis
740 1989 778 2047 sit
790 2006 947 2046 concursus
962 1989 1105 2046 eiusmodi

52 2075 238 2152 copulatarum
249 2073 456 2150 particularum
479 2093 525 2132 nec
547 2077 720 2150 etquidem,
742 2084 776 2132 ut
798 2074 876 2132 illam
891 2074 1055 2151 negationis
1066 2074 1104 2131 ad

52 2179 147 2217 novam
165 2168 213 2217 aaut
223 2159 434 2235 inexpectatum
447 2179 507 2217 rem
520 2159 711 2235 perferendae
734 2169 785 2218 aut
801 2160 1003 2236 insigniendus
1015 2159 1104 2236 signi-

53 2247 210 2314 icationem,
233 2263 305 2319 quae
327 2254 372 2302 est
388 2245 419 2302 in
430 2265 462 2301 ne
474 2279 513 2287 -
526 2247 641 2320 quietern,
665 2265 723 2303 non
735 2245 881 2322 attingant
902 2255 933 2302 et
943 2265 996 2322 pro
1018 2255 1043 2302 et
1054 2266 1105 2302 non

54 2365 76 2375 -
87 2333 191 2406 quiden
199 2339 352 2407 ponantur,
365 2349 432 2387 eum
443 2331 499 2388 hoc
510 2331 574 2388 loco
586 2331 791 2407 excipiendum
800 2349 872 2388 asse.
897 2330 954 2390 Sed
963 2331 1105 2388 eiusmodi

53 2435 192 2476 oncursus
219 2419 281 2474 esse
298 2417 327 2472 in
355 2425 437 2473 recta
458 2417 600 2474 orationis
621 2415 716 2474 foruna
728 2417 876 2474 rarissime
888 2425 994 2492 potest.
1027 2417 1104 2474 Nam

52 2523 98 2560 um
121 2501 291 2559 conceditur
300 2501 412 2576 aliquid
424 2502 559 2578 negative
572 2500 636 2580 (aon
644 2503 747 2577 probos
769 2513 797 2559 tu
820 2504 936 2576 qua'dem,
959 2503 1008 2558 sed
1019 2512 1105 2558 tomen

52 2584 113 2668 sa),
139 2587 163 2645 si
186 2587 355 2662 copulativa
376 2586 521 2663 particula
543 2597 748 2663 praeponetur,
772 2606 807 2644 ea
829 2605 887 2644 non
899 2587 1057 2663 pertinebit
1069 2587 1106 2643 ad

52 2673 257 2740 incessionem,
281 2672 342 2742 sed,
365 2672 417 2729 illa
438 2673 600 2740 interiecta,
622 2673 746 2744 adeam,
769 2682 1003 2748 quaesoquetur,
1026 2671 1106 2730 altir-

52 2760 185 2816 ationem
209 2777 307 2832 neque
326 2775 391 2815 cum
403 2757 610 2833 particulares
621 2758 652 2814 in
673 2777 764 2816 unum
782 2759 978 2816 contrahetur.
1000 2760 1105 2832 Itaque

52 2843 193 2903 uiusmodi
206 2843 376 2901 orationon
400 2841 542 2900 efficitur:
564 2845 641 2901 Haec
663 2845 736 2902 vides
758 2865 805 2902 aec
825 2847 926 2902 essitas
949 2846 1104 2919 tequidem,

52 2935 64 2988 l
88 2941 183 2986 tornea
207 2947 342 2999 eccaesas,
371 2929 423 2986 sed
445 2929 531 2986 haec:
559 2939 584 2986 et
605 2949 656 2986 non
678 2933 779 2988 encitm
802 2939 856 2986 cet.
901 2931 983 2987 Haec
1007 2940 1105 2987 autem

52 3015 163 3073 ationis
187 3012 306 3072 forma:
329 3015 370 3070 Et
391 3015 525 3088 Inpurtlso
547 3017 654 3090 quidesse
676 3015 765 3072 talem
788 3015 877 3072 habet
899 3033 987 3072 unam
1010 3015 1104 3073 notio-

52 3123 76 3158 τι
101 3094 298 3176 insigniendi
321 3109 352 3156 et
372 3099 551 3178 adiungendi
573 3099 647 3171 vim,
671 3109 704 3158 ut
726 3101 764 3158 ad
786 3119 850 3158 eam
872 3119 931 3158 non
953 3101 1107 3176 perveniat

52 3204 204 3260 ssequens
229 3185 355 3262 negatio
389 3186 444 3263 (Et
471 3187 604 3259 [spantia
632 3188 739 3261 quidem
766 3205 818 3243 noa
844 3196 884 3244 est
910 3181 1106 3263 conturbatus).

52 3291 115 3347 que
144 3271 201 3328 ubi
227 3289 279 3328 neo
303 3273 461 3346 etquidem
483 3272 542 3329 alio
565 3281 654 3346 atque
676 3291 720 3343 eo,
745 3272 780 3328 de
792 3290 850 3346 quo
862 3271 995 3348 dicimus,
1018 3271 1105 3328 modo

55 3365 212 3426 cuir-rant,
240 3356 305 3413 duo
327 3357 446 3414 omnino
469 3357 636 3433 excipiendi
658 3357 730 3415 mihi
758 3367 826 3415 sunt
852 3357 924 3428 loci,
958 3374 1032 3431 quos
1054 3375 1106 3413 no-

56 3487 65 3502 .
108 3452 142 3500 et
178 3442 207 3500 si
248 3441 305 3516 qui
338 3441 415 3499 forte
444 3461 546 3499 eorum
575 3441 685 3501 similes
717 3443 827 3518 reperti
854 3442 973 3501 luerint.
1028 3442 1105 3499 Nam

52 3527 223 3585 ntilienus
236 3527 303 3598 IX,
317 3527 345 3598 3,
360 3527 398 3584 55
423 3545 488 3585 cum
501 3526 634 3586 Graecae
657 3529 799 3587 orationis
809 3527 933 3586 formam
946 3547 1020 3596 eam,
1038 3545 1106 3602 qua,

52 3625 117 3672 ata
144 3611 376 3671 affirmationis
398 3622 428 3670 et
449 3613 614 3690 negationis
636 3614 783 3684 mistione,
812 3613 998 3672 substituitur
1020 3613 1107 3688 plane

53 3699 167 3756 irratio
189 3699 337 3756 omnium
355 3708 407 3756 aut
428 3717 558 3756 summae
580 3698 622 3757 rei
646 3691 713 3777 (οὐχ
735 3690 751 3756 ὁ
773 3692 834 3773 μέν,
859 3688 874 3755 ὁ
897 3689 928 3756 di
946 3689 1007 3768 οὐκ,
1031 3687 1107 3754 ἀλλὰ

52 3780 132 3865 τες),
149 3786 187 3841 in
195 3784 425 3842 Demosthenis
436 3784 501 3842 loco
513 3785 667 3843 notissimo
675 3784 725 3862 (de
737 3789 865 3855 coronai
877 3785 912 3842 17
917 3779 950 3864 9)
962 3784 1106 3851 redderet,

52 3870 213 3945 scripsit:
243 3869 315 3928 Non
338 3873 405 3928 esim
428 3871 488 3928 diri
507 3873 628 3944 quidem,
652 3873 701 3928 secl
721 3891 772 3928 noas
795 3875 904 3948 scripsi,
939 3887 984 3926 neo
1011 3871 1109 3944 scripsi

52 4058 278 4072 ..-————-..---¹

52 4194 162 4242 Etiam
177 4193 333 4256 Reisigius
342 4193 368 4240 in
378 4191 480 4250 scholis,
499 4191 559 4255 quid
570 4191 759 4256 essctpropriae
778 4191 968 4252 significationis
987 4191 1012 4239 in
1023 4207 1064 4240 nec
1077 4217 1105 4227 -

52 4261 167 4322 uadem,
200 4261 251 4312 sic
281 4260 435 4310 Germanice
452 4262 572 4310 vertendo
590 4261 720 4325 expressit,
740 4269 768 4309 ut
777 4259 886 4309 Hessius
900 4260 926 4308 in
945 4260 1108 4309 annotatione

54 4372 58 4383 .
84 4337 153 4380 590
187 4331 367 4381 confiteatur
390 4328 568 4380 dillicillimnm
591 4343 644 4379 esse
667 4343 699 4378 ex
718 4343 748 4378 ca
771 4329 858 4392 regula
877 4329 1040 4390 constituere,
1064 4329 1106 4377 ubi

52 4417 81 4448 rc
110 4429 149 4438 -
181 4399 306 4464 quidem
324 4399 398 4450 scribi
416 4398 497 4465 possit
514 4413 599 4449 necue.
636 4397 697 4446 ntis
715 4407 856 4448 commento
874 4396 981 4464 omitto]
