<?xml version="1.0" encoding="UTF-8"?>
<!DOCTYPE html PUBLIC "-//W3C//DTD XHTML 1.0 Transitional//EN"
    "http://www.w3.org/TR/xhtml1/DTD/xhtml1-transitional.dtd">
<html xmlns="http://www.w3.org/1999/xhtml" xml:lang="en" lang="en">
 <head>
  <title>
</title>
<meta http-equiv="Content-Type" content="text/html;charset=utf-8" />
  <meta name='ocr-system' content='tesseract 3.04.00' />
  <meta name='ocr-capabilities' content='ocr_page ocr_carea ocr_par ocr_line ocrx_word'/>
</head>
<body>
  <div class='ocr_page' id='page_1' title='image "./definibusbonoru04cicegoog_0388.png"; bbox 0 0 2956 5028; ppageno 0'>
   <div class='ocr_carea' id='block_1_1' title="bbox 310 423 996 492">
    <p class='ocr_par' dir='ltr' id='par_1_1' title="bbox 310 423 996 492">
     <span class='ocr_line' id='line_1_1' title="bbox 310 423 996 492; baseline 0.004 -4"><span class='ocrx_word' id='word_1_1' title='bbox 310 423 375 488; x_wconf 89' lang='lat'>310</span> <span class='ocrx_word' id='word_1_2' title='bbox 704 445 749 490; x_wconf 89' lang='lat' dir='ltr'>na</span> <span class='ocrx_word' id='word_1_3' title='bbox 771 445 901 492; x_wconf 83' lang='lat' dir='ltr'>rraraus</span> <span class='ocrx_word' id='word_1_4' title='bbox 924 445 996 492; x_wconf 81' lang='lat' dir='ltr'>nov.</span> 
     </span>
    </p>
   </div>
   <div class='ocr_carea' id='block_1_2' title="bbox 248 609 1470 1514">
    <p class='ocr_par' dir='ltr' id='par_1_2' title="bbox 310 609 1470 1001">
     <span class='ocr_line' id='line_1_2' title="bbox 397 609 1385 696; baseline 0.007 -23"><span class='ocrx_word' id='word_1_5' title='bbox 397 609 510 674; x_wconf 87' lang='lat' dir='ltr'>XXXI.</span> <span class='ocrx_word' id='word_1_6' title='bbox 545 613 595 675; x_wconf 82' lang='lat'>99.</span> <span class='ocrx_word' id='word_1_7' title='bbox 632 611 701 676; x_wconf 90' lang='lat' dir='ltr'>Huc</span> <span class='ocrx_word' id='word_1_8' title='bbox 723 619 755 677; x_wconf 87' lang='lat' dir='ltr'>et</span> <span class='ocrx_word' id='word_1_9' title='bbox 776 612 856 692; x_wconf 86' lang='lat' dir='ltr'>illuc,</span> <span class='ocrx_word' id='word_1_10' title='bbox 880 614 1049 696; x_wconf 79' lang='lat' dir='ltr'><strong>Torquate,</strong></span> <span class='ocrx_word' id='word_1_11' title='bbox 1072 633 1128 678; x_wconf 88' lang='lat' dir='ltr'>vos</span> <span class='ocrx_word' id='word_1_12' title='bbox 1150 614 1283 680; x_wconf 86' lang='lat' dir='ltr'>versetis</span> <span class='ocrx_word' id='word_1_13' title='bbox 1304 615 1385 692; x_wconf 83' lang='lat' dir='ltr'>licet3</span> 
     </span>
     <span class='ocr_line' id='line_1_3' title="bbox 310 711 1385 798; baseline 0.004 -22"><span class='ocrx_word' id='word_1_14' title='bbox 310 711 385 778; x_wconf 91' lang='lat' dir='ltr'>nihil</span> <span class='ocrx_word' id='word_1_15' title='bbox 412 713 445 776; x_wconf 94' lang='lat' dir='ltr'>in</span> <span class='ocrx_word' id='word_1_16' title='bbox 471 711 530 776; x_wconf 86' lang='lat' dir='ltr'>hac</span> <span class='ocrx_word' id='word_1_17' title='bbox 558 713 721 794; x_wconf 86' lang='lat' dir='ltr'>praeclara</span> <span class='ocrx_word' id='word_1_18' title='bbox 750 714 884 795; x_wconf 82' lang='lat' dir='ltr'>epistula</span> <span class='ocrx_word' id='word_1_19' title='bbox 911 716 1062 797; x_wconf 88' lang='lat' dir='ltr'>scriptum</span> <span class='ocrx_word' id='word_1_20' title='bbox 1089 717 1129 781; x_wconf 88' lang='lat' dir='ltr'>ab</span> <span class='ocrx_word' id='word_1_21' title='bbox 1150 717 1288 798; x_wconf 86' lang='lat' dir='ltr'>Epicuro</span> <span class='ocrx_word' id='word_1_22' title='bbox 1316 735 1385 782; x_wconf 93' lang='lat' dir='ltr'>con-</span> 
     </span>
     <span class='ocr_line' id='line_1_4' title="bbox 310 815 1387 900; baseline 0.002 -20"><span class='ocrx_word' id='word_1_23' title='bbox 310 833 426 896; x_wconf 80' lang='lat' dir='ltr'>gruens</span> <span class='ocrx_word' id='word_1_24' title='bbox 449 819 481 879; x_wconf 89' lang='lat' dir='ltr'>et</span> <span class='ocrx_word' id='word_1_25' title='bbox 502 815 687 880; x_wconf 87' lang='lat' dir='ltr'>conveniens</span> <span class='ocrx_word' id='word_1_26' title='bbox 699 816 832 882; x_wconf 74' lang='lat' dir='ltr'><strong>decretis</strong></span> <span class='ocrx_word' id='word_1_27' title='bbox 844 817 910 882; x_wconf 88' lang='lat' dir='ltr'>eius</span> <span class='ocrx_word' id='word_1_28' title='bbox 923 817 1094 898; x_wconf 89' lang='lat' dir='ltr'>reperietis.</span> <span class='ocrx_word' id='word_1_29' title='bbox 1128 819 1177 882; x_wconf 87' lang='lat' dir='ltr'>lta</span> <span class='ocrx_word' id='word_1_30' title='bbox 1189 819 1387 900; x_wconf 81' lang='lat' dir='ltr'>redarguitur</span> 
     </span>
     <span class='ocr_line' id='line_1_5' title="bbox 310 907 1470 1001; baseline 0.003 -21"><span class='ocrx_word' id='word_1_31' title='bbox 310 916 379 996; x_wconf 90' lang='lat' dir='ltr'>ipse</span> <span class='ocrx_word' id='word_1_32' title='bbox 401 936 420 981; x_wconf 90' lang='lat' dir='ltr'>a</span> <span class='ocrx_word' id='word_1_33' title='bbox 442 934 525 994; x_wconf 87' lang='lat' dir='ltr'>sese,</span> <span class='ocrx_word' id='word_1_34' title='bbox 559 916 845 999; x_wconf 81' lang='lat' dir='ltr'>convincunturque</span> <span class='ocrx_word' id='word_1_35' title='bbox 872 919 990 1000; x_wconf 85' lang='lat' dir='ltr'>scripta</span> <span class='ocrx_word' id='word_1_36' title='bbox 1017 920 1083 984; x_wconf 91' lang='lat' dir='ltr'>eius</span> <span class='ocrx_word' id='word_1_37' title='bbox 1111 920 1270 1001; x_wconf 85' lang='lat' dir='ltr'>probitate</span> <span class='ocrx_word' id='word_1_38' title='bbox 1292 920 1387 1001; x_wconf 89' lang='lat' dir='ltr'>ipsius</span> <span class='ocrx_word' id='word_1_39' title='bbox 1469 907 1470 914; x_wconf 53' lang='lat'><em>&#39;</em></span> 
     </span>
    </p>

    <p class='ocr_par' dir='ltr' id='par_1_3' title="bbox 271 1017 1389 1406">
     <span class='ocr_line' id='line_1_6' title="bbox 271 1017 1389 1103; baseline 0 -19"><span class='ocrx_word' id='word_1_40' title='bbox 271 1021 293 1084; x_wconf 86' lang='lat'>5</span> <span class='ocrx_word' id='word_1_41' title='bbox 311 1036 347 1082; x_wconf 89' lang='lat' dir='ltr'>ac</span> <span class='ocrx_word' id='word_1_42' title='bbox 369 1018 515 1082; x_wconf 88' lang='lat' dir='ltr'>moribus.</span> <span class='ocrx_word' id='word_1_43' title='bbox 559 1017 640 1082; x_wconf 88' lang='lat' dir='ltr'>Nam</span> <span class='ocrx_word' id='word_1_44' title='bbox 662 1018 724 1084; x_wconf 83' lang='lat' dir='ltr'>ista</span> <span class='ocrx_word' id='word_1_45' title='bbox 745 1021 970 1085; x_wconf 87' lang='lat' dir='ltr'>commendatio</span> <span class='ocrx_word' id='word_1_46' title='bbox 981 1028 1164 1103; x_wconf 90' lang='lat' dir='ltr'>puerorum,</span> <span class='ocrx_word' id='word_1_47' title='bbox 1187 1021 1338 1086; x_wconf 88' lang='lat' dir='ltr'>memorie</span> <span class='ocrx_word' id='word_1_48' title='bbox 1358 1031 1389 1084; x_wconf 88' lang='lat' dir='ltr'>et</span> 
     </span>
     <span class='ocr_line' id='line_1_7' title="bbox 310 1120 1388 1205; baseline 0.001 -21"><span class='ocrx_word' id='word_1_49' title='bbox 310 1121 424 1185; x_wconf 87' lang='lat' dir='ltr'>caritas</span> <span class='ocrx_word' id='word_1_50' title='bbox 448 1120 614 1198; x_wconf 81' lang='lat' dir='ltr'>amicitiae,</span> <span class='ocrx_word' id='word_1_51' title='bbox 648 1140 838 1186; x_wconf 91' lang='lat' dir='ltr'>summorum</span> <span class='ocrx_word' id='word_1_52' title='bbox 861 1120 1033 1186; x_wconf 89' lang='lat' dir='ltr'>officiorum</span> <span class='ocrx_word' id='word_1_53' title='bbox 1059 1124 1091 1186; x_wconf 87' lang='lat' dir='ltr'>in</span> <span class='ocrx_word' id='word_1_54' title='bbox 1114 1129 1253 1187; x_wconf 85' lang='lat' dir='ltr'>extremo</span> <span class='ocrx_word' id='word_1_55' title='bbox 1279 1122 1388 1205; x_wconf 88' lang='lat' dir='ltr'>spiritu</span> 
     </span>
     <span class='ocr_line' id='line_1_8' title="bbox 309 1222 1388 1306; baseline 0.002 -20"><span class='ocrx_word' id='word_1_56' title='bbox 309 1223 505 1286; x_wconf 82' lang='lat' dir='ltr'>conservatio</span> <span class='ocrx_word' id='word_1_57' title='bbox 527 1222 652 1300; x_wconf 87' lang='lat' dir='ltr'>indicat,</span> <span class='ocrx_word' id='word_1_58' title='bbox 674 1222 812 1287; x_wconf 89' lang='lat' dir='ltr'>innatam</span> <span class='ocrx_word' id='word_1_59' title='bbox 834 1243 903 1288; x_wconf 89' lang='lat' dir='ltr'>esse</span> <span class='ocrx_word' id='word_1_60' title='bbox 925 1223 1041 1288; x_wconf 89' lang='lat' dir='ltr'>homini</span> <span class='ocrx_word' id='word_1_61' title='bbox 1062 1223 1249 1303; x_wconf 83' lang='lat' dir='ltr'>probitatem</span> <span class='ocrx_word' id='word_1_62' title='bbox 1273 1225 1388 1306; x_wconf 88' lang='lat' dir='ltr'>gratui-</span> 
     </span>
     <span class='ocr_line' id='line_1_9' title="bbox 310 1325 1389 1406; baseline 0.002 -19"><span class='ocrx_word' id='word_1_63' title='bbox 310 1331 383 1402; x_wconf 89' lang='lat' dir='ltr'>tam,</span> <span class='ocrx_word' id='word_1_64' title='bbox 405 1343 467 1389; x_wconf 92' lang='lat' dir='ltr'>non</span> <span class='ocrx_word' id='word_1_65' title='bbox 489 1325 652 1388; x_wconf 88' lang='lat' dir='ltr'>invitatam</span> <span class='ocrx_word' id='word_1_66' title='bbox 674 1325 885 1406; x_wconf 90' lang='lat' dir='ltr'>voluptatibus</span> <span class='ocrx_word' id='word_1_67' title='bbox 902 1343 959 1390; x_wconf 90' lang='lat' dir='ltr'>nec</span> <span class='ocrx_word' id='word_1_68' title='bbox 974 1326 1184 1405; x_wconf 91' lang='lat' dir='ltr'>praemiorum</span> <span class='ocrx_word' id='word_1_69' title='bbox 1195 1325 1389 1391; x_wconf 87' lang='lat' dir='ltr'>mercedibus</span> 
     </span>
    </p>

    <p class='ocr_par' dir='ltr' id='par_1_4' title="bbox 248 1426 1390 1514">
     <span class='ocr_line' id='line_1_10' title="bbox 248 1426 1390 1514; baseline 0.002 -24"><span class='ocrx_word' id='word_1_70' title='bbox 248 1511 249 1514; x_wconf 8' lang='grc' dir='ltr'><strong>Ἴ</strong></span> <span class='ocrx_word' id='word_1_71' title='bbox 311 1433 479 1491; x_wconf 90' lang='lat' dir='ltr'>evocatam.</span> <span class='ocrx_word' id='word_1_72' title='bbox 525 1426 617 1503; x_wconf 85' lang='lat' dir='ltr'>Quod</span> <span class='ocrx_word' id='word_1_73' title='bbox 639 1427 722 1492; x_wconf 89' lang='lat' dir='ltr'>enim</span> <span class='ocrx_word' id='word_1_74' title='bbox 743 1427 953 1491; x_wconf 84' lang='lat' dir='ltr'>testimonium</span> <span class='ocrx_word' id='word_1_75' title='bbox 975 1426 1076 1492; x_wconf 85' lang='lat' dir='ltr'>maius</span> <span class='ocrx_word' id='word_1_76' title='bbox 1098 1427 1289 1509; x_wconf 74' lang='lat' dir='ltr'>quaerimus</span> <span class='ocrx_word' id='word_1_77' title='bbox 1312 1445 1390 1509; x_wconf 88' lang='lat' dir='ltr'>quac</span> 
     </span>
    </p>
   </div>
   <div class='ocr_carea' id='block_1_3' title="bbox 311 1629 1391 1837">
    <p class='ocr_par' dir='ltr' id='par_1_5' title="bbox 311 1629 1391 1837">
     <span class='ocr_line' id='line_1_11' title="bbox 381 1629 1391 1700; baseline 0.004 -22"><span class='ocrx_word' id='word_1_78' title='bbox 381 1635 405 1683; x_wconf 71' lang='grc' dir='ltr'>Ξ.</span> <span class='ocrx_word' id='word_1_79' title='bbox 423 1631 535 1695; x_wconf 70' lang='lat' dir='ltr'>scriplum</span> <span class='ocrx_word' id='word_1_80' title='bbox 553 1629 691 1695; x_wconf 64' lang='lat' dir='ltr'>epatoloE</span> <span class='ocrx_word' id='word_1_81' title='bbox 745 1635 769 1684; x_wconf 71' lang='grc'>3.</span> <span class='ocrx_word' id='word_1_82' title='bbox 787 1630 875 1680; x_wconf 71' lang='grc' dir='ltr'>ιιιὺΙ,</span> <span class='ocrx_word' id='word_1_83' title='bbox 927 1629 1082 1696; x_wconf 76' lang='lat' dir='ltr'>redarynetur</span> <span class='ocrx_word' id='word_1_84' title='bbox 1107 1631 1279 1700; x_wconf 80' lang='lat' dir='ltr'>[A]ELPMR</span> <span class='ocrx_word' id='word_1_85' title='bbox 1319 1640 1341 1684; x_wconf 81' lang='grc'>4.</span> <span class='ocrx_word' id='word_1_86' title='bbox 1364 1632 1391 1699; x_wconf 80' lang='lat' dir='ltr'>[a</span> 
     </span>
     <span class='ocr_line' id='line_1_12' title="bbox 311 1698 1391 1768; baseline 0 -18"><span class='ocrx_word' id='word_1_87' title='bbox 311 1717 337 1750; x_wconf 73' lang='lat' dir='ltr'>aa</span> <span class='ocrx_word' id='word_1_88' title='bbox 355 1698 389 1766; x_wconf 83' lang='lat' dir='ltr'>A]</span> <span class='ocrx_word' id='word_1_89' title='bbox 437 1707 460 1750; x_wconf 81' lang='grc'>4,</span> <span class='ocrx_word' id='word_1_90' title='bbox 480 1699 648 1764; x_wconf 64' lang='lat' dir='ltr'>vincanturque</span> <span class='ocrx_word' id='word_1_91' title='bbox 670 1699 786 1768; x_wconf 69' lang='lat' dir='ltr'>[Alme.</span> <span class='ocrx_word' id='word_1_92' title='bbox 806 1709 949 1764; x_wconf 78' lang='lat' dir='ltr'>veneuntqne</span> <span class='ocrx_word' id='word_1_93' title='bbox 967 1702 1042 1749; x_wconf 83' lang='lat' dir='ltr'>ceteri</span> <span class='ocrx_word' id='word_1_94' title='bbox 1088 1706 1110 1748; x_wconf 75' lang='grc'>5.</span> <span class='ocrx_word' id='word_1_95' title='bbox 1134 1701 1332 1751; x_wconf 76' lang='lat' dir='ltr'>commendateone</span> <span class='ocrx_word' id='word_1_96' title='bbox 1350 1701 1391 1750; x_wconf 69' lang='grc' dir='ltr'>[Ρ</span> 
     </span>
     <span class='ocr_line' id='line_1_13' title="bbox 312 1767 1387 1837; baseline 0.002 -21"><span class='ocrx_word' id='word_1_97' title='bbox 312 1773 335 1817; x_wconf 80' lang='grc'>8,</span> <span class='ocrx_word' id='word_1_98' title='bbox 353 1775 466 1818; x_wconf 80' lang='lat' dir='ltr'>mutatam</span> <span class='ocrx_word' id='word_1_99' title='bbox 484 1768 530 1818; x_wconf 78' lang='lat' dir='ltr'>Pa</span> <span class='ocrx_word' id='word_1_100' title='bbox 552 1775 682 1818; x_wconf 61' lang='lat' dir='ltr'>numadum</span> <span class='ocrx_word' id='word_1_101' title='bbox 706 1767 780 1818; x_wconf 75' lang='lat' dir='ltr'>Luc</span> <span class='ocrx_word' id='word_1_102' title='bbox 849 1785 896 1818; x_wconf 88' lang='lat' dir='ltr'>non</span> <span class='ocrx_word' id='word_1_103' title='bbox 919 1769 1081 1834; x_wconf 76' lang='lat' dir='ltr'>praemvbrum</span> <span class='ocrx_word' id='word_1_104' title='bbox 1107 1769 1128 1820; x_wconf 87' lang='grc'>0</span> <span class='ocrx_word' id='word_1_105' title='bbox 1198 1775 1221 1818; x_wconf 85' lang='grc'>9.</span> <span class='ocrx_word' id='word_1_106' title='bbox 1248 1768 1319 1837; x_wconf 83' lang='lat' dir='ltr'>[quid</span> <span class='ocrx_word' id='word_1_107' title='bbox 1341 1768 1387 1837; x_wconf 75' lang='lat' dir='ltr'>En]</span> 
     </span>
    </p>
   </div>
   <div class='ocr_carea' id='block_1_4' title="bbox 310 1836 444 1903">
    <p class='ocr_par' dir='ltr' id='par_1_6' title="bbox 310 1836 444 1903">
     <span class='ocr_line' id='line_1_14' title="bbox 310 1836 444 1903; baseline 0 -17"><span class='ocrx_word' id='word_1_108' title='bbox 310 1837 386 1903; x_wconf 67' lang='lat' dir='ltr'>moysa</span> <span class='ocrx_word' id='word_1_109' title='bbox 405 1836 444 1886; x_wconf 84' lang='lat' dir='ltr'>LP</span> 
     </span>
    </p>
   </div>
   <div class='ocr_carea' id='block_1_5' title="bbox 307 2007 1395 4384">
    <p class='ocr_par' dir='ltr' id='par_1_7' title="bbox 310 2007 1391 2426">
     <span class='ocr_line' id='line_1_15' title="bbox 397 2007 1390 2088; baseline 0 -20"><span class='ocrx_word' id='word_1_110' title='bbox 397 2009 469 2086; x_wconf 84' lang='lat' dir='ltr'>Cap.</span> <span class='ocrx_word' id='word_1_111' title='bbox 493 2011 598 2082; x_wconf 85' lang='lat' dir='ltr'>XXX,</span> <span class='ocrx_word' id='word_1_112' title='bbox 634 2011 683 2067; x_wconf 89' lang='grc'>99.</span> <span class='ocrx_word' id='word_1_113' title='bbox 727 2011 772 2067; x_wconf 87' lang='lat' dir='ltr'>Ito</span> <span class='ocrx_word' id='word_1_114' title='bbox 794 2007 982 2088; x_wconf 78' lang='lat' dir='ltr'>redarynitur)</span> <span class='ocrx_word' id='word_1_115' title='bbox 1015 2010 1051 2067; x_wconf 91' lang='lat' dir='ltr'>In</span> <span class='ocrx_word' id='word_1_116' title='bbox 1079 2011 1134 2067; x_wconf 89' lang='lat' dir='ltr'>hac</span> <span class='ocrx_word' id='word_1_117' title='bbox 1161 2011 1293 2087; x_wconf 82' lang='lat' dir='ltr'>generali</span> <span class='ocrx_word' id='word_1_118' title='bbox 1321 2029 1390 2068; x_wconf 84' lang='lat' dir='ltr'>con·</span> 
     </span>
     <span class='ocr_line' id='line_1_16' title="bbox 311 2094 1390 2172; baseline 0 -20"><span class='ocrx_word' id='word_1_119' title='bbox 311 2095 442 2153; x_wconf 87' lang='lat' dir='ltr'>elusione</span> <span class='ocrx_word' id='word_1_120' title='bbox 464 2095 631 2152; x_wconf 84' lang='lat' dir='ltr'>necessario</span> <span class='ocrx_word' id='word_1_121' title='bbox 649 2094 796 2171; x_wconf 84' lang='lat' dir='ltr'>praesenti</span> <span class='ocrx_word' id='word_1_122' title='bbox 819 2104 952 2170; x_wconf 87' lang='lat' dir='ltr'>tempore</span> <span class='ocrx_word' id='word_1_123' title='bbox 964 2095 1070 2154; x_wconf 88' lang='lat' dir='ltr'>Cicero</span> <span class='ocrx_word' id='word_1_124' title='bbox 1092 2096 1194 2166; x_wconf 87' lang='lat' dir='ltr'>utitur,</span> <span class='ocrx_word' id='word_1_125' title='bbox 1217 2097 1390 2172; x_wconf 77' lang='lat' dir='ltr'>flagitatque</span> 
     </span>
     <span class='ocr_line' id='line_1_17' title="bbox 310 2180 1390 2258; baseline 0 -20"><span class='ocrx_word' id='word_1_126' title='bbox 310 2181 340 2238; x_wconf 90' lang='lat' dir='ltr'>id</span> <span class='ocrx_word' id='word_1_127' title='bbox 364 2199 490 2255; x_wconf 85' lang='lat' dir='ltr'>sequens</span> <span class='ocrx_word' id='word_1_128' title='bbox 512 2185 763 2256; x_wconf 81' lang='lat' dir='ltr'>convincunturque.</span> <span class='ocrx_word' id='word_1_129' title='bbox 792 2180 906 2236; x_wconf 82' lang='lat' dir='ltr'>Tamen</span> <span class='ocrx_word' id='word_1_130' title='bbox 929 2181 959 2237; x_wconf 89' lang='lat' dir='ltr'>in</span> <span class='ocrx_word' id='word_1_131' title='bbox 982 2189 1150 2238; x_wconf 85' lang='lat' dir='ltr'>nostrorum</span> <span class='ocrx_word' id='word_1_132' title='bbox 1163 2181 1298 2238; x_wconf 88' lang='lat' dir='ltr'>codicum</span> <span class='ocrx_word' id='word_1_133' title='bbox 1310 2181 1390 2258; x_wconf 88' lang='lat' dir='ltr'>prin·</span> 
     </span>
     <span class='ocr_line' id='line_1_18' title="bbox 311 2261 1391 2345; baseline -0.001 -22"><span class='ocrx_word' id='word_1_134' title='bbox 311 2267 376 2341; x_wconf 90' lang='lat' dir='ltr'>cipe</span> <span class='ocrx_word' id='word_1_135' title='bbox 388 2264 446 2322; x_wconf 86' lang='lat' dir='ltr'>fuit</span> <span class='ocrx_word' id='word_1_136' title='bbox 457 2267 649 2340; x_wconf 77' lang='lat' dir='ltr'>redorpuetur3</span> <span class='ocrx_word' id='word_1_137' title='bbox 672 2284 739 2322; x_wconf 87' lang='lat' dir='ltr'>nam</span> <span class='ocrx_word' id='word_1_138' title='bbox 752 2265 795 2322; x_wconf 86' lang='lat' dir='ltr'>sic</span> <span class='ocrx_word' id='word_1_139' title='bbox 806 2265 895 2322; x_wconf 82' lang='lat' dir='ltr'>etiem</span> <span class='ocrx_word' id='word_1_140' title='bbox 913 2261 1008 2345; x_wconf 68' lang='lat' dir='ltr'>[Aa]</span> <span class='ocrx_word' id='word_1_141' title='bbox 1026 2263 1090 2344; x_wconf 76' lang='grc' dir='ltr'>Εξχ</span> <span class='ocrx_word' id='word_1_142' title='bbox 1106 2275 1137 2323; x_wconf 87' lang='lat' dir='ltr'>et</span> <span class='ocrx_word' id='word_1_143' title='bbox 1148 2285 1250 2323; x_wconf 89' lang='lat' dir='ltr'>omnes</span> <span class='ocrx_word' id='word_1_144' title='bbox 1273 2266 1391 2324; x_wconf 83' lang='lat' dir='ltr'>Gzieni.</span> 
     </span>
     <span class='ocr_line' id='line_1_19' title="bbox 311 2351 763 2426; baseline -0.009 -16"><span class='ocrx_word' id='word_1_145' title='bbox 311 2352 417 2410; x_wconf 86' lang='lat' dir='ltr'>Ortum</span> <span class='ocrx_word' id='word_1_146' title='bbox 439 2351 470 2408; x_wconf 93' lang='lat' dir='ltr'>id</span> <span class='ocrx_word' id='word_1_147' title='bbox 492 2360 537 2408; x_wconf 90' lang='lat' dir='ltr'>est</span> <span class='ocrx_word' id='word_1_148' title='bbox 559 2370 597 2408; x_wconf 88' lang='lat' dir='ltr'>ex</span> <span class='ocrx_word' id='word_1_149' title='bbox 619 2354 763 2426; x_wconf 57' lang='lat' dir='ltr'>reperietis.</span> 
     </span>
    </p>

    <p class='ocr_par' dir='ltr' id='par_1_8' title="bbox 307 2431 1395 4133">
     <span class='ocr_line' id='line_1_20' title="bbox 396 2431 1390 2515; baseline 0 -23"><span class='ocrx_word' id='word_1_150' title='bbox 396 2433 651 2512; x_wconf 80' lang='lat' dir='ltr'>conm&#39;ncuntnrqne)</span> <span class='ocrx_word' id='word_1_151' title='bbox 675 2435 800 2494; x_wconf 88' lang='lat' dir='ltr'>Codices</span> <span class='ocrx_word' id='word_1_152' title='bbox 809 2435 914 2510; x_wconf 87' lang='lat' dir='ltr'>optimi</span> <span class='ocrx_word' id='word_1_153' title='bbox 926 2431 1004 2515; x_wconf 91' lang='lat' dir='ltr'>(Pal.</span> <span class='ocrx_word' id='word_1_154' title='bbox 1021 2437 1046 2506; x_wconf 87' lang='lat'>1,</span> <span class='ocrx_word' id='word_1_155' title='bbox 1060 2435 1138 2511; x_wconf 88' lang='lat' dir='ltr'>Spir.</span> <span class='ocrx_word' id='word_1_156' title='bbox 1150 2432 1215 2515; x_wconf 92' lang='lat' dir='ltr'>[B],</span> <span class='ocrx_word' id='word_1_157' title='bbox 1228 2455 1286 2512; x_wconf 86' lang='lat' dir='ltr'>mg.</span> <span class='ocrx_word' id='word_1_158' title='bbox 1299 2435 1390 2507; x_wconf 80' lang='lat' dir='ltr'>Crat,</span> 
     </span>
     <span class='ocr_line' id='line_1_21' title="bbox 309 2516 1392 2599; baseline -0.002 -20"><span class='ocrx_word' id='word_1_159' title='bbox 309 2521 356 2579; x_wconf 87' lang='lat' dir='ltr'>El.</span> <span class='ocrx_word' id='word_1_160' title='bbox 370 2521 398 2592; x_wconf 79' lang='lat'>2,</span> <span class='ocrx_word' id='word_1_161' title='bbox 411 2516 463 2591; x_wconf 81' lang='grc' dir='ltr'>Εξ,</span> <span class='ocrx_word' id='word_1_162' title='bbox 477 2523 566 2578; x_wconf 87' lang='lat' dir='ltr'>etiam</span> <span class='ocrx_word' id='word_1_163' title='bbox 577 2521 675 2578; x_wconf 82' lang='lat' dir='ltr'>Mead.</span> <span class='ocrx_word' id='word_1_164' title='bbox 698 2531 729 2577; x_wconf 88' lang='lat' dir='ltr'>et</span> <span class='ocrx_word' id='word_1_165' title='bbox 750 2521 795 2578; x_wconf 90' lang='lat' dir='ltr'>ed.</span> <span class='ocrx_word' id='word_1_166' title='bbox 808 2520 915 2599; x_wconf 84' lang='lat' dir='ltr'>Marsi)</span> <span class='ocrx_word' id='word_1_167' title='bbox 939 2525 1140 2595; x_wconf 63' lang='lat' dir='ltr'>tencantur-que.</span> <span class='ocrx_word' id='word_1_168' title='bbox 1163 2521 1242 2596; x_wconf 91' lang='lat' dir='ltr'>quod</span> <span class='ocrx_word' id='word_1_169' title='bbox 1265 2539 1284 2577; x_wconf 82' lang='lat' dir='ltr'>a</span> <span class='ocrx_word' id='word_1_170' title='bbox 1299 2522 1392 2578; x_wconf 85' lang='lat' dir='ltr'>Davi·</span> 
     </span>
     <span class='ocr_line' id='line_1_22' title="bbox 310 2606 1392 2665; baseline -0.002 0"><span class='ocrx_word' id='word_1_171' title='bbox 310 2609 355 2665; x_wconf 86' lang='lat' dir='ltr'>aio</span> <span class='ocrx_word' id='word_1_172' title='bbox 379 2606 547 2664; x_wconf 87' lang='lat' dir='ltr'>restitutum</span> <span class='ocrx_word' id='word_1_173' title='bbox 572 2606 666 2665; x_wconf 88' lang='lat' dir='ltr'>Gzius</span> <span class='ocrx_word' id='word_1_174' title='bbox 689 2615 719 2662; x_wconf 89' lang='lat' dir='ltr'>et</span> <span class='ocrx_word' id='word_1_175' title='bbox 741 2606 871 2665; x_wconf 87' lang='lat' dir='ltr'>Orellius</span> <span class='ocrx_word' id='word_1_176' title='bbox 893 2613 1060 2662; x_wconf 86' lang='lat' dir='ltr'>tenuerunt.</span> <span class='ocrx_word' id='word_1_177' title='bbox 1111 2606 1188 2663; x_wconf 86' lang='lat' dir='ltr'>Nam</span> <span class='ocrx_word' id='word_1_178' title='bbox 1217 2610 1307 2663; x_wconf 73' lang='lat' dir='ltr'>uenire</span> <span class='ocrx_word' id='word_1_179' title='bbox 1335 2606 1392 2664; x_wconf 89' lang='lat' dir='ltr'>dici</span> 
     </span>
     <span class='ocr_line' id='line_1_23' title="bbox 309 2690 1392 2768; baseline -0.002 -19"><span class='ocrx_word' id='word_1_180' title='bbox 309 2692 431 2767; x_wconf 86' lang='lat' dir='ltr'>Epicuri</span> <span class='ocrx_word' id='word_1_181' title='bbox 454 2692 565 2768; x_wconf 80' lang='lat' dir='ltr'>scripte</span> <span class='ocrx_word' id='word_1_182' title='bbox 587 2700 617 2748; x_wconf 87' lang='lat' dir='ltr'>et</span> <span class='ocrx_word' id='word_1_183' title='bbox 639 2691 678 2748; x_wconf 84' lang='lat' dir='ltr'>ad</span> <span class='ocrx_word' id='word_1_184' title='bbox 700 2691 854 2767; x_wconf 85' lang='lat' dir='ltr'>legendum</span> <span class='ocrx_word' id='word_1_185' title='bbox 879 2691 1076 2748; x_wconf 88' lang='lat' dir='ltr'>commendari</span> <span class='ocrx_word' id='word_1_186' title='bbox 1104 2690 1254 2766; x_wconf 83' lang='lat' dir='ltr'>probitate</span> <span class='ocrx_word' id='word_1_187' title='bbox 1277 2692 1343 2749; x_wconf 87' lang='lat' dir='ltr'>eius</span> <span class='ocrx_word' id='word_1_188' title='bbox 1365 2701 1392 2748; x_wconf 90' lang='lat' dir='ltr'>et</span> 
     </span>
     <span class='ocr_line' id='line_1_24' title="bbox 310 2776 1393 2852; baseline -0.002 -18"><span class='ocrx_word' id='word_1_189' title='bbox 310 2777 450 2846; x_wconf 86' lang='lat' dir='ltr'>moribus,</span> <span class='ocrx_word' id='word_1_190' title='bbox 473 2795 532 2849; x_wconf 93' lang='lat' dir='ltr'>quo</span> <span class='ocrx_word' id='word_1_191' title='bbox 555 2795 642 2834; x_wconf 83' lang='lat' dir='ltr'>sensu</span> <span class='ocrx_word' id='word_1_192' title='bbox 665 2778 745 2852; x_wconf 91' lang='lat' dir='ltr'>apud</span> <span class='ocrx_word' id='word_1_193' title='bbox 767 2776 924 2834; x_wconf 86' lang='lat' dir='ltr'>Horatium</span> <span class='ocrx_word' id='word_1_194' title='bbox 937 2776 1006 2851; x_wconf 87' lang='lat' dir='ltr'>(Ep.</span> <span class='ocrx_word' id='word_1_195' title='bbox 1018 2777 1060 2846; x_wconf 88' lang='grc' dir='ltr'>ΙΙ,</span> <span class='ocrx_word' id='word_1_196' title='bbox 1082 2777 1177 2852; x_wconf 83' lang='grc'>1,75)</span> <span class='ocrx_word' id='word_1_197' title='bbox 1200 2795 1393 2834; x_wconf 78' lang='lat' dir='ltr'>verausunus</span> 
     </span>
     <span class='ocr_line' id='line_1_25' title="bbox 309 2861 1394 2937; baseline -0.002 -18"><span class='ocrx_word' id='word_1_198' title='bbox 309 2871 339 2920; x_wconf 90' lang='lat' dir='ltr'>et</span> <span class='ocrx_word' id='word_1_199' title='bbox 362 2861 437 2918; x_wconf 85' lang='lat' dir='ltr'>alter</span> <span class='ocrx_word' id='word_1_200' title='bbox 457 2870 551 2918; x_wconf 87' lang='lat' dir='ltr'>totum</span> <span class='ocrx_word' id='word_1_201' title='bbox 575 2869 680 2937; x_wconf 78' lang='lat' dir='ltr'>poema</span> <span class='ocrx_word' id='word_1_202' title='bbox 703 2863 809 2918; x_wconf 87' lang='lat' dir='ltr'>ducere</span> <span class='ocrx_word' id='word_1_203' title='bbox 832 2871 861 2918; x_wconf 86' lang='lat' dir='ltr'>ct</span> <span class='ocrx_word' id='word_1_204' title='bbox 882 2861 1009 2918; x_wconf 89' lang='lat' dir='ltr'>vendere</span> <span class='ocrx_word' id='word_1_205' title='bbox 1027 2861 1143 2933; x_wconf 89' lang='lat' dir='ltr'>dicitur,</span> <span class='ocrx_word' id='word_1_206' title='bbox 1166 2869 1197 2919; x_wconf 88' lang='lat' dir='ltr'>et</span> <span class='ocrx_word' id='word_1_207' title='bbox 1217 2881 1272 2937; x_wconf 92' lang='lat' dir='ltr'>per</span> <span class='ocrx_word' id='word_1_208' title='bbox 1295 2881 1327 2920; x_wconf 88' lang='lat' dir='ltr'>se</span> <span class='ocrx_word' id='word_1_209' title='bbox 1350 2863 1394 2918; x_wconf 94' lang='lat' dir='ltr'>in-</span> 
     </span>
     <span class='ocr_line' id='line_1_26' title="bbox 308 2947 1394 3024; baseline -0.001 -19"><span class='ocrx_word' id='word_1_210' title='bbox 308 2957 409 3024; x_wconf 88' lang='lat' dir='ltr'>eptum</span> <span class='ocrx_word' id='word_1_211' title='bbox 432 2956 478 3004; x_wconf 90' lang='lat' dir='ltr'>est</span> <span class='ocrx_word' id='word_1_212' title='bbox 500 2947 579 3023; x_wconf 88' lang='lat' dir='ltr'>(quie</span> <span class='ocrx_word' id='word_1_213' title='bbox 602 2947 679 3004; x_wconf 90' lang='lat' dir='ltr'>enim</span> <span class='ocrx_word' id='word_1_214' title='bbox 702 2955 770 3022; x_wconf 90' lang='lat' dir='ltr'>post</span> <span class='ocrx_word' id='word_1_215' title='bbox 791 2947 905 3021; x_wconf 85' lang='lat' dir='ltr'>aliquot</span> <span class='ocrx_word' id='word_1_216' title='bbox 916 2947 1035 3008; x_wconf 86' lang='lat' dir='ltr'>saccula</span> <span class='ocrx_word' id='word_1_217' title='bbox 1052 2957 1174 3022; x_wconf 89' lang='lat' dir='ltr'>propter</span> <span class='ocrx_word' id='word_1_218' title='bbox 1196 2947 1321 3022; x_wconf 78' lang='lat' dir='ltr'>Epicuri</span> <span class='ocrx_word' id='word_1_219' title='bbox 1333 2967 1394 3004; x_wconf 85' lang='lat' dir='ltr'>rno-</span> 
     </span>
     <span class='ocr_line' id='line_1_27' title="bbox 307 3029 1392 3108; baseline -0.003 -17"><span class='ocrx_word' id='word_1_220' title='bbox 307 3052 356 3091; x_wconf 90' lang='lat' dir='ltr'>res</span> <span class='ocrx_word' id='word_1_221' title='bbox 378 3032 435 3089; x_wconf 89' lang='lat' dir='ltr'>sibi</span> <span class='ocrx_word' id='word_1_222' title='bbox 457 3032 574 3107; x_wconf 84' lang='lat' dir='ltr'>ignotos</span> <span class='ocrx_word' id='word_1_223' title='bbox 596 3032 706 3108; x_wconf 89' lang='lat' dir='ltr'>scripta</span> <span class='ocrx_word' id='word_1_224' title='bbox 728 3033 792 3089; x_wconf 88' lang='lat' dir='ltr'>eiua</span> <span class='ocrx_word' id='word_1_225' title='bbox 814 3029 965 3108; x_wconf 71' lang='lat' dir='ltr'>legebati)</span> <span class='ocrx_word' id='word_1_226' title='bbox 988 3041 1018 3087; x_wconf 90' lang='lat' dir='ltr'>et</span> <span class='ocrx_word' id='word_1_227' title='bbox 1039 3032 1077 3088; x_wconf 83' lang='lat' dir='ltr'>ab</span> <span class='ocrx_word' id='word_1_228' title='bbox 1099 3032 1145 3102; x_wconf 87' lang='lat' dir='ltr'>iia,</span> <span class='ocrx_word' id='word_1_229' title='bbox 1169 3051 1245 3106; x_wconf 88' lang='lat' dir='ltr'>quae</span> <span class='ocrx_word' id='word_1_230' title='bbox 1263 3051 1392 3107; x_wconf 89' lang='lat' dir='ltr'>sequun-</span> 
     </span>
     <span class='ocr_line' id='line_1_28' title="bbox 308 3116 1394 3192; baseline -0.003 -16"><span class='ocrx_word' id='word_1_231' title='bbox 308 3129 366 3190; x_wconf 87' lang='lat' dir='ltr'>tur,</span> <span class='ocrx_word' id='word_1_232' title='bbox 390 3125 420 3175; x_wconf 90' lang='lat' dir='ltr'>et</span> <span class='ocrx_word' id='word_1_233' title='bbox 442 3117 560 3174; x_wconf 93' lang='lat' dir='ltr'>omnino</span> <span class='ocrx_word' id='word_1_234' title='bbox 583 3118 621 3172; x_wconf 85' lang='lat' dir='ltr'>ab</span> <span class='ocrx_word' id='word_1_235' title='bbox 644 3136 694 3188; x_wconf 89' lang='lat' dir='ltr'>eo,</span> <span class='ocrx_word' id='word_1_236' title='bbox 726 3117 762 3174; x_wconf 92' lang='lat' dir='ltr'>de</span> <span class='ocrx_word' id='word_1_237' title='bbox 784 3136 844 3191; x_wconf 91' lang='lat' dir='ltr'>quo</span> <span class='ocrx_word' id='word_1_238' title='bbox 866 3117 973 3192; x_wconf 82' lang='lat' dir='ltr'>agitur,</span> <span class='ocrx_word' id='word_1_239' title='bbox 996 3117 1209 3174; x_wconf 85' lang='lat' dir='ltr'>alienissimum</span> <span class='ocrx_word' id='word_1_240' title='bbox 1232 3127 1288 3174; x_wconf 78' lang='lat' dir='ltr'>est.</span> <span class='ocrx_word' id='word_1_241' title='bbox 1335 3116 1394 3177; x_wconf 86' lang='lat' dir='ltr'>Sed</span> 
     </span>
     <span class='ocr_line' id='line_1_29' title="bbox 309 3203 1395 3278; baseline -0.001 -18"><span class='ocrx_word' id='word_1_242' title='bbox 309 3207 499 3260; x_wconf 78' lang='lat' dir='ltr'>devincuntur</span> <span class='ocrx_word' id='word_1_243' title='bbox 521 3203 638 3278; x_wconf 88' lang='lat' dir='ltr'>quidem</span> <span class='ocrx_word' id='word_1_244' title='bbox 651 3209 763 3260; x_wconf 87' lang='lat' dir='ltr'>rectum</span> <span class='ocrx_word' id='word_1_245' title='bbox 786 3211 845 3272; x_wconf 88' lang='lat' dir='ltr'>eat;</span> <span class='ocrx_word' id='word_1_246' title='bbox 879 3221 946 3258; x_wconf 88' lang='lat' dir='ltr'>nam</span> <span class='ocrx_word' id='word_1_247' title='bbox 974 3220 1102 3276; x_wconf 85' lang='lat' dir='ltr'>persona</span> <span class='ocrx_word' id='word_1_248' title='bbox 1123 3211 1175 3258; x_wconf 87' lang='lat' dir='ltr'>ent</span> <span class='ocrx_word' id='word_1_249' title='bbox 1204 3221 1252 3260; x_wconf 88' lang='lat' dir='ltr'>res</span> <span class='ocrx_word' id='word_1_250' title='bbox 1275 3205 1311 3259; x_wconf 84' lang='lat' dir='ltr'>ab</span> <span class='ocrx_word' id='word_1_251' title='bbox 1335 3203 1395 3259; x_wconf 86' lang='lat' dir='ltr'>alia</span> 
     </span>
     <span class='ocr_line' id='line_1_30' title="bbox 308 3287 1392 3361; baseline 0.001 -17"><span class='ocrx_word' id='word_1_252' title='bbox 308 3288 388 3345; x_wconf 91' lang='lat' dir='ltr'>vinci</span> <span class='ocrx_word' id='word_1_253' title='bbox 410 3287 564 3361; x_wconf 86' lang='lat' dir='ltr'>aliquare</span> <span class='ocrx_word' id='word_1_254' title='bbox 587 3287 704 3357; x_wconf 87' lang='lat' dir='ltr'>dicitur,</span> <span class='ocrx_word' id='word_1_255' title='bbox 727 3297 847 3345; x_wconf 85' lang='lat' dir='ltr'>autres</span> <span class='ocrx_word' id='word_1_256' title='bbox 870 3287 971 3361; x_wconf 82' lang='lat' dir='ltr'>aliqua</span> <span class='ocrx_word' id='word_1_257' title='bbox 993 3306 1028 3343; x_wconf 86' lang='lat' dir='ltr'>ee</span> <span class='ocrx_word' id='word_1_258' title='bbox 1050 3306 1082 3343; x_wconf 91' lang='lat' dir='ltr'>re</span> <span class='ocrx_word' id='word_1_259' title='bbox 1094 3287 1173 3343; x_wconf 85' lang='lat' dir='ltr'>vinci</span> <span class='ocrx_word' id='word_1_260' title='bbox 1185 3297 1215 3344; x_wconf 87' lang='lat' dir='ltr'>et</span> <span class='ocrx_word' id='word_1_261' title='bbox 1227 3288 1392 3356; x_wconf 87' lang='lat' dir='ltr'>obscurari,</span> 
     </span>
     <span class='ocr_line' id='line_1_31' title="bbox 309 3372 1395 3449; baseline 0 -19"><span class='ocrx_word' id='word_1_262' title='bbox 309 3390 435 3448; x_wconf 88' lang='lat' dir='ltr'>quacum</span> <span class='ocrx_word' id='word_1_263' title='bbox 463 3373 492 3429; x_wconf 91' lang='lat' dir='ltr'>in</span> <span class='ocrx_word' id='word_1_264' title='bbox 521 3379 669 3429; x_wconf 79' lang='lat' dir='ltr'>certamen</span> <span class='ocrx_word' id='word_1_265' title='bbox 698 3373 799 3428; x_wconf 88' lang='lat' dir='ltr'>venire</span> <span class='ocrx_word' id='word_1_266' title='bbox 828 3372 936 3448; x_wconf 84' lang='lat' dir='ltr'>possit,</span> <span class='ocrx_word' id='word_1_267' title='bbox 977 3381 1010 3429; x_wconf 90' lang='lat' dir='ltr'>ut</span> <span class='ocrx_word' id='word_1_268' title='bbox 1037 3372 1131 3429; x_wconf 85' lang='lat' dir='ltr'>virtus</span> <span class='ocrx_word' id='word_1_269' title='bbox 1159 3372 1247 3440; x_wconf 79' lang='lat' dir='ltr'>viti03</span> <span class='ocrx_word' id='word_1_270' title='bbox 1283 3374 1395 3449; x_wconf 77' lang='lat' dir='ltr'>scripta</span> 
     </span>
     <span class='ocr_line' id='line_1_32' title="bbox 310 3457 1393 3534; baseline -0.002 -19"><span class='ocrx_word' id='word_1_271' title='bbox 310 3458 458 3534; x_wconf 80' lang='lat' dir='ltr'>probitate</span> <span class='ocrx_word' id='word_1_272' title='bbox 488 3457 614 3515; x_wconf 89' lang='lat' dir='ltr'>hominis</span> <span class='ocrx_word' id='word_1_273' title='bbox 643 3457 722 3514; x_wconf 89' lang='lat' dir='ltr'>vinci</span> <span class='ocrx_word' id='word_1_274' title='bbox 749 3476 808 3515; x_wconf 93' lang='lat' dir='ltr'>non</span> <span class='ocrx_word' id='word_1_275' title='bbox 842 3467 921 3514; x_wconf 86' lang='lat' dir='ltr'>reete</span> <span class='ocrx_word' id='word_1_276' title='bbox 954 3457 1101 3513; x_wconf 91' lang='lat' dir='ltr'>dicuntur.</span> <span class='ocrx_word' id='word_1_277' title='bbox 1146 3457 1279 3528; x_wconf 86' lang='lat' dir='ltr'>Deinde,</span> <span class='ocrx_word' id='word_1_278' title='bbox 1315 3457 1393 3532; x_wconf 91' lang='lat' dir='ltr'>quod</span> 
     </span>
     <span class='ocr_line' id='line_1_33' title="bbox 309 3539 1394 3620; baseline -0.001 -20"><span class='ocrx_word' id='word_1_279' title='bbox 309 3553 398 3618; x_wconf 87' lang='lat' dir='ltr'>ceput</span> <span class='ocrx_word' id='word_1_280' title='bbox 421 3551 474 3614; x_wconf 87' lang='lat' dir='ltr'>eet,</span> <span class='ocrx_word' id='word_1_281' title='bbox 497 3541 753 3616; x_wconf 86' lang='lat' dir='ltr'>quaeadiciuntur</span> <span class='ocrx_word' id='word_1_282' title='bbox 774 3539 873 3620; x_wconf 87' lang='lat' dir='ltr'>(Nam</span> <span class='ocrx_word' id='word_1_283' title='bbox 894 3545 947 3598; x_wconf 74' lang='lat' dir='ltr'>iate</span> <span class='ocrx_word' id='word_1_284' title='bbox 969 3544 1050 3614; x_wconf 80' lang='lat' dir='ltr'>eet),</span> <span class='ocrx_word' id='word_1_285' title='bbox 1074 3542 1243 3613; x_wconf 86' lang='lat' dir='ltr'>ostendunt,</span> <span class='ocrx_word' id='word_1_286' title='bbox 1266 3543 1325 3600; x_wconf 85' lang='lat' dir='ltr'>boc</span> <span class='ocrx_word' id='word_1_287' title='bbox 1345 3543 1394 3602; x_wconf 89' lang='lat' dir='ltr'>Ci-</span> 
     </span>
     <span class='ocr_line' id='line_1_34' title="bbox 309 3627 1394 3705; baseline -0.002 -19"><span class='ocrx_word' id='word_1_288' title='bbox 309 3646 445 3686; x_wconf 87' lang='lat' dir='ltr'>ceronem</span> <span class='ocrx_word' id='word_1_289' title='bbox 468 3627 575 3699; x_wconf 87' lang='lat' dir='ltr'>dicere,</span> <span class='ocrx_word' id='word_1_290' title='bbox 598 3627 663 3702; x_wconf 83' lang='lat' dir='ltr'>ipsa</span> <span class='ocrx_word' id='word_1_291' title='bbox 685 3627 737 3684; x_wconf 82' lang='lat' dir='ltr'>illa</span> <span class='ocrx_word' id='word_1_292' title='bbox 758 3627 906 3702; x_wconf 87' lang='lat' dir='ltr'>probitate</span> <span class='ocrx_word' id='word_1_293' title='bbox 929 3627 1008 3683; x_wconf 88' lang='lat' dir='ltr'>vitae</span> <span class='ocrx_word' id='word_1_294' title='bbox 1032 3627 1154 3702; x_wconf 82' lang='lat' dir='ltr'>Epicuri</span> <span class='ocrx_word' id='word_1_295' title='bbox 1176 3627 1317 3705; x_wconf 84' lang='lat' dir='ltr'>redargui</span> <span class='ocrx_word' id='word_1_296' title='bbox 1329 3647 1394 3686; x_wconf 86' lang='lat' dir='ltr'>sen-</span> 
     </span>
     <span class='ocr_line' id='line_1_35' title="bbox 311 3712 1394 3788; baseline 0 -18"><span class='ocrx_word' id='word_1_297' title='bbox 311 3713 419 3770; x_wconf 82' lang='lat' dir='ltr'>tentiae</span> <span class='ocrx_word' id='word_1_298' title='bbox 442 3713 520 3779; x_wconf 81' lang='lat' dir='ltr'>eius3</span> <span class='ocrx_word' id='word_1_299' title='bbox 544 3731 687 3788; x_wconf 85' lang='lat' dir='ltr'>apparere</span> <span class='ocrx_word' id='word_1_300' title='bbox 710 3712 803 3784; x_wconf 88' lang='lat' dir='ltr'>enim,</span> <span class='ocrx_word' id='word_1_301' title='bbox 827 3712 894 3769; x_wconf 88' lang='lat' dir='ltr'>aliis</span> <span class='ocrx_word' id='word_1_302' title='bbox 916 3713 1005 3769; x_wconf 88' lang='lat' dir='ltr'>rebus</span> <span class='ocrx_word' id='word_1_303' title='bbox 1027 3713 1066 3769; x_wconf 84' lang='lat' dir='ltr'>ed</span> <span class='ocrx_word' id='word_1_304' title='bbox 1087 3713 1235 3788; x_wconf 83' lang='lat' dir='ltr'>agendum</span> <span class='ocrx_word' id='word_1_305' title='bbox 1258 3713 1394 3770; x_wconf 80' lang='lat' dir='ltr'>homines</span> 
     </span>
     <span class='ocr_line' id='line_1_36' title="bbox 309 3797 1394 3874; baseline 0 -20"><span class='ocrx_word' id='word_1_306' title='bbox 309 3807 416 3854; x_wconf 83' lang='lat' dir='ltr'>nature</span> <span class='ocrx_word' id='word_1_307' title='bbox 437 3797 559 3872; x_wconf 89' lang='lat' dir='ltr'>impelli,</span> <span class='ocrx_word' id='word_1_308' title='bbox 583 3816 671 3871; x_wconf 89' lang='lat' dir='ltr'>quam</span> <span class='ocrx_word' id='word_1_309' title='bbox 694 3797 801 3872; x_wconf 89' lang='lat' dir='ltr'>quibus</span> <span class='ocrx_word' id='word_1_310' title='bbox 824 3815 874 3854; x_wconf 89' lang='lat' dir='ltr'>eoa</span> <span class='ocrx_word' id='word_1_311' title='bbox 885 3797 1033 3873; x_wconf 86' lang='lat' dir='ltr'>Epicurus</span> <span class='ocrx_word' id='word_1_312' title='bbox 1045 3797 1158 3873; x_wconf 89' lang='lat' dir='ltr'>impelli</span> <span class='ocrx_word' id='word_1_313' title='bbox 1169 3797 1258 3855; x_wconf 80' lang='lat' dir='ltr'>dicat.</span> <span class='ocrx_word' id='word_1_314' title='bbox 1286 3799 1394 3874; x_wconf 74' lang='lat' dir='ltr'>Itaque</span> 
     </span>
     <span class='ocr_line' id='line_1_37' title="bbox 310 3881 1395 3959; baseline 0.002 -21"><span class='ocrx_word' id='word_1_315' title='bbox 310 3883 462 3940; x_wconf 87' lang='lat' dir='ltr'>verissime</span> <span class='ocrx_word' id='word_1_316' title='bbox 491 3882 632 3940; x_wconf 85' lang='lat' dir='ltr'>Davisius</span> <span class='ocrx_word' id='word_1_317' title='bbox 660 3885 851 3940; x_wconf 60' lang='lat' dir='ltr'>convivarentur</span> <span class='ocrx_word' id='word_1_318' title='bbox 878 3881 967 3938; x_wconf 85' lang='lat' dir='ltr'>scribi</span> <span class='ocrx_word' id='word_1_319' title='bbox 995 3882 1104 3952; x_wconf 86' lang='lat' dir='ltr'>voluit,</span> <span class='ocrx_word' id='word_1_320' title='bbox 1139 3883 1240 3939; x_wconf 84' lang='lat' dir='ltr'>eedem</span> <span class='ocrx_word' id='word_1_321' title='bbox 1271 3901 1395 3959; x_wconf 85' lang='lat' dir='ltr'>prorsus</span> 
     </span>
     <span class='ocr_line' id='line_1_38' title="bbox 311 3967 1394 4042; baseline -0.001 -17"><span class='ocrx_word' id='word_1_322' title='bbox 311 3968 466 4035; x_wconf 82' lang='lat' dir='ltr'>sententio,</span> <span class='ocrx_word' id='word_1_323' title='bbox 490 3985 548 4041; x_wconf 88' lang='lat' dir='ltr'>qua</span> <span class='ocrx_word' id='word_1_324' title='bbox 571 3972 585 4037; x_wconf 70' lang='grc' dir='ltr'><strong>ξ</strong></span> <span class='ocrx_word' id='word_1_325' title='bbox 610 3969 646 4024; x_wconf 89' lang='grc'>81</span> <span class='ocrx_word' id='word_1_326' title='bbox 672 3967 794 4024; x_wconf 85' lang='lat' dir='ltr'>dieitur:</span> <span class='ocrx_word' id='word_1_327' title='bbox 823 3969 867 4023; x_wconf 85' lang='lat' dir='ltr'>Ita</span> <span class='ocrx_word' id='word_1_328' title='bbox 890 3971 958 4023; x_wconf 69' lang='lat' dir='ltr'>enon</span> <span class='ocrx_word' id='word_1_329' title='bbox 980 3971 1072 4025; x_wconf 79' lang='lat' dir='ltr'>vivunt</span> <span class='ocrx_word' id='word_1_330' title='bbox 1094 3969 1220 4042; x_wconf 72' lang='lat' dir='ltr'>pandam,</span> <span class='ocrx_word' id='word_1_331' title='bbox 1250 3979 1281 4026; x_wconf 79' lang='lat' dir='ltr'>nt</span> <span class='ocrx_word' id='word_1_332' title='bbox 1303 3989 1394 4027; x_wconf 80' lang='lat' dir='ltr'>eorum</span> 
     </span>
     <span class='ocr_line' id='line_1_39' title="bbox 311 4051 1113 4133; baseline 0 -25"><span class='ocrx_word' id='word_1_333' title='bbox 311 4055 366 4109; x_wconf 79' lang='lat' dir='ltr'>vita</span> <span class='ocrx_word' id='word_1_334' title='bbox 388 4055 528 4133; x_wconf 56' lang='lat' dir='ltr'>refellamur</span> <span class='ocrx_word' id='word_1_335' title='bbox 550 4056 643 4109; x_wconf 79' lang='lat' dir='ltr'>oratio.</span> <span class='ocrx_word' id='word_1_336' title='bbox 688 4051 776 4130; x_wconf 81' lang='lat' dir='ltr'>(cod.</span> <span class='ocrx_word' id='word_1_337' title='bbox 799 4052 904 4108; x_wconf 86' lang='lat' dir='ltr'>Morel.</span> <span class='ocrx_word' id='word_1_338' title='bbox 927 4052 1113 4128; x_wconf 70' lang='lat' dir='ltr'>merceantur.)</span> 
     </span>
    </p>

    <p class='ocr_par' dir='ltr' id='par_1_9' title="bbox 312 4136 1394 4384">
     <span class='ocr_line' id='line_1_40' title="bbox 396 4136 1394 4214; baseline 0 -21"><span class='ocrx_word' id='word_1_339' title='bbox 396 4157 448 4193; x_wconf 90' lang='lat' dir='ltr'>non</span> <span class='ocrx_word' id='word_1_340' title='bbox 469 4136 621 4214; x_wconf 70' lang='lat' dir='ltr'>inanitatem)</span> <span class='ocrx_word' id='word_1_341' title='bbox 646 4137 695 4197; x_wconf 87' lang='lat' dir='ltr'>Sic</span> <span class='ocrx_word' id='word_1_342' title='bbox 718 4136 830 4213; x_wconf 87' lang='lat' dir='ltr'>primus</span> <span class='ocrx_word' id='word_1_343' title='bbox 853 4137 1005 4194; x_wconf 82' lang='lat' dir='ltr'>Victorius</span> <span class='ocrx_word' id='word_1_344' title='bbox 1033 4147 1064 4195; x_wconf 90' lang='lat' dir='ltr'>et</span> <span class='ocrx_word' id='word_1_345' title='bbox 1090 4137 1197 4194; x_wconf 89' lang='lat' dir='ltr'>deinde</span> <span class='ocrx_word' id='word_1_346' title='bbox 1220 4138 1394 4196; x_wconf 83' lang='lat' dir='ltr'>Lambinus.</span> 
     </span>
     <span class='ocr_line' id='line_1_41' title="bbox 312 4218 1393 4302; baseline 0.002 -24"><span class='ocrx_word' id='word_1_347' title='bbox 312 4218 496 4278; x_wconf 82' lang='lat' dir='ltr'>Confirmant</span> <span class='ocrx_word' id='word_1_348' title='bbox 518 4241 574 4298; x_wconf 83' lang='lat' dir='ltr'>mg.</span> <span class='ocrx_word' id='word_1_349' title='bbox 598 4221 689 4293; x_wconf 82' lang='lat' dir='ltr'>Crat,</span> <span class='ocrx_word' id='word_1_350' title='bbox 713 4222 789 4279; x_wconf 82' lang='lat' dir='ltr'>Pell.</span> <span class='ocrx_word' id='word_1_351' title='bbox 816 4225 842 4292; x_wconf 92' lang='lat' dir='ltr'>l,</span> <span class='ocrx_word' id='word_1_352' title='bbox 867 4222 895 4292; x_wconf 87' lang='grc'>3,</span> <span class='ocrx_word' id='word_1_353' title='bbox 921 4223 949 4290; x_wconf 94' lang='grc'>6,</span> <span class='ocrx_word' id='word_1_354' title='bbox 973 4219 1039 4302; x_wconf 86' lang='grc' dir='ltr'>[Β,]</span> <span class='ocrx_word' id='word_1_355' title='bbox 1062 4224 1174 4293; x_wconf 64' lang='grc' dir='ltr'>ΡΜ,</span> <span class='ocrx_word' id='word_1_356' title='bbox 1198 4223 1393 4300; x_wconf 81' lang='lat' dir='ltr'>Eluterque,</span> 
     </span>
     <span class='ocr_line' id='line_1_42' title="bbox 312 4302 1022 4384; baseline 0.001 -22"><span class='ocrx_word' id='word_1_357' title='bbox 312 4302 397 4362; x_wconf 89' lang='grc'>000.</span> <span class='ocrx_word' id='word_1_358' title='bbox 421 4304 514 4382; x_wconf 83' lang='lat' dir='ltr'>(Oxx.</span> <span class='ocrx_word' id='word_1_359' title='bbox 538 4307 593 4378; x_wconf 77' lang='grc' dir='ltr'>Ηψ</span> <span class='ocrx_word' id='word_1_360' title='bbox 617 4317 780 4376; x_wconf 64' lang='lat' dir='ltr'>mutilatam</span> <span class='ocrx_word' id='word_1_361' title='bbox 805 4305 897 4364; x_wconf 79' lang='lat' dir='ltr'>Gaius</span> <span class='ocrx_word' id='word_1_362' title='bbox 920 4305 1022 4384; x_wconf 87' lang='lat' dir='ltr'>tacet.)</span> 
     </span>
    </p>
   </div>
   <div class='ocr_carea' id='block_1_6' title="bbox 0 0 1487 5028">
    <p class='ocr_par' dir='ltr' id='par_1_10' title="bbox 0 0 1487 5028">
     <span class='ocr_line' id='line_1_43' title="bbox 0 0 1487 5028; baseline 0 0"><span class='ocrx_word' id='word_1_363' title='bbox 0 0 1487 5028; x_wconf 95' lang='lat' dir='ltr'> </span> 
     </span>
    </p>
   </div>
  </div>
 </body>
</html>
