2938 5020
391 441 434 487 aa
458 439 537 486 mne.
555 439 618 486 nie.
635 439 658 486 11
681 439 753 488 ene.
776 444 797 487 ι.
1075 427 1135 489 139

84 609 179 687 tirent;
211 611 379 692 quodcum
401 610 565 687 dixissent,
593 609 644 674 ilie
666 617 783 675 contre.
829 609 890 675 Sed
913 629 983 675 eum
1005 613 1056 692 qui
1080 631 1135 676 au·

83 711 209 790 dietant,
239 713 340 794 quoad
372 719 531 793 poterant,
570 711 777 777 defendebant
810 713 994 778 sententiam
1033 734 1135 794 suarn3

83 814 155 892 apud
177 821 289 879 eeteros
311 821 412 879 enam
424 814 635 895 philosophae,
657 816 710 897 qui
727 815 1017 896 quaesivitaliquid
1039 825 1134 895 tacet;

82 917 155 996 qnod
176 917 292 997 quidem
314 917 375 982 iam
397 915 433 980 fit
454 915 547 980 etiam
567 917 599 980 in
617 918 792 982 Academia.
838 917 898 983 Ubi
921 919 1002 982 enim
1023 918 1059 999 is,
1083 921 1136 1002 qui

82 1017 177 1083 andire
196 1019 267 1098 adt
288 1018 333 1084 ita
355 1019 446 1084 dixit:
475 1019 628 1100 Voluptas
650 1018 723 1083 mihi
745 1020 867 1084 videtur
890 1039 959 1086 esse
982 1023 1173 1088 sommantio

82 1119 194 1198 bonnm,
224 1125 375 1203 perpetrm
396 1121 538 1186 oratione
561 1127 670 1186 eontra
692 1122 885 1203 disputetur,
918 1129 953 1186 at
980 1122 1067 1188 facile
1088 1126 1135 1189 in-

82 1221 170 1302 tellegi
191 1223 303 1304 possit)
321 1241 389 1301 eos,
412 1223 465 1304 qui
487 1223 607 1304 aliquid
630 1223 688 1288 sibi
709 1223 807 1288 videri
830 1225 943 1304 (licent
965 1246 1027 1291 non
1049 1227 1135 1309 ipsos

82 1323 107 1384 in
127 1343 160 1387 ea
181 1327 330 1418 sententia
352 1344 436 1404 esse,
470 1327 526 1390 sed
554 1327 664 1391 audire
692 1325 770 1390 velle
797 1327 961 1392 contrarie.
1007 1331 1035 1394 3.
1069 1330 1153 1396 Nos.

81 1429 249 1492 commodius
272 1429 401 1510 affinius.
446 1427 516 1492 Non
538 1428 619 1492 enim
642 1428 741 1492 solum
753 1429 931 1509 Torquatus
953 1431 1038 1510 dixit
1061 1433 1134 1514 quid

81 1529 207 1608 sentiret,
228 1532 284 1596 sed
306 1530 413 1610 etiam,
441 1549 504 1596 cur.
549 1529 615 1612 Ego
637 1535 741 1595 autem
763 1531 914 1610 arbitror,
947 1552 1134 1616 quamquem
1155 1537 1196 1600 10

81 1631 228 1696 admodum
258 1633 430 1698 delectatus
464 1651 531 1698 sum
566 1633 631 1696 eius
665 1633 805 1698 oratione
836 1641 1004 1716 perpetue,
1032 1644 1132 1703 tnrnen

81 1735 262 1814 commodius,
298 1753 367 1799 anm
399 1736 431 1799 in
465 1735 557 1800 rebus
590 1735 719 1816 singulis
746 1736 873 1801 insistas
900 1744 933 1801 et
962 1738 1134 1821 intellegere,

82 1836 142 1912 qnid
172 1837 299 1919 quisque
332 1839 493 1916 concedat,
528 1838 602 1918 quid
629 1837 759 1916 abnuat,
793 1857 830 1903 ex
858 1839 952 1904 rebus
979 1843 1134 1906 concessis

82 1935 215 2016 concludi,
242 1941 327 2020 qaod
353 1941 444 2016 veiis,
478 1946 510 2004 et
535 1941 577 2004 nd
599 1939 713 2004 exitum
740 1940 907 2021 perveniri
953 1941 1029 2008 Cum
1052 1944 1132 2008 enim

81 2033 165 2102 iermr
185 2043 269 2122 quasi
297 2048 421 2106 torrens
450 2043 564 2121 oratio,
597 2040 738 2124 quemvis
771 2043 869 2108 multa
901 2044 1132 2126 amenquernodi
1153 2049 1193 2112 15

82 2139 180 2220 rapiet,
210 2142 284 2208 nihil
318 2154 422 2208 tanren
455 2152 577 2224 teneas,
611 2145 686 2210 nihil
719 2147 946 2226 reprehendas,
980 2167 1132 2230 nusquam

81 2244 231 2309 orationem
253 2247 395 2328 rapidam
416 2253 568 2312 co'e‘rcees

138 2471 155 2512 1.
169 2483 215 2514 enm
238 2483 287 2517 om.
304 2467 440 2518 tPMROr.
493 2469 538 2518 sed
551 2469 593 2533 qai
613 2470 810 2520 contradicentem
829 2470 850 2521 C
912 2477 935 2520 4.
957 2471 1026 2538 [qnid
1042 2472 1132 2536 peridem

80 2529 119 2598 Eh]
151 2535 216 2584 dean
233 2537 322 2586 ormi]
365 2541 387 2586 7.
414 2536 499 2604 [poenit
522 2547 547 2586 nt
564 2555 603 2586 eos
621 2537 671 2606 En]
695 2537 751 2606 [siti
765 2537 859 2604 alr'qtdd
875 2538 925 2608 lah]
966 2546 1003 2589 10,
1022 2541 1066 2590 sed
1082 2560 1132 2592 ense

80 2602 146 2650 ore
181 2609 217 2653 ii.
234 2623 285 2655 caer
304 2607 328 2654 r'n
346 2605 478 2656 ventosa
515 2611 553 2659 1³.
575 2605 710 2674 [exqoitm
728 2608 846 2658 concerni
865 2607 905 2675 Al]
947 2613 985 2657 15.
1004 2610 1134 2660 ern'osrnodi

81 2666 96 2714 t
127 2675 153 2718 16
185 2674 349 2738 apprehendas
370 2673 584 2742 [A]LPMCROr.
623 2680 660 2726 17,
692 2674 827 2742 [cohercens
846 2676 893 2743 Αἱ]

150 2881 263 2940 Sedearn
276 2887 325 2958 qra'
339 2881 497 2962 audiebant)
520 2885 594 2940 Eam
605 2885 715 2960 optime
727 2894 845 2961 praeter
856 2885 917 2942 Eri.
930 2889 1018 2944 etiarn
1031 2885 1075 2965 [A
1087 2889 1131 2968 et]

83 2963 144 3036 Spir.
163 2966 216 3047 [B]
239 2979 268 3026 et
296 2969 365 3026 Bos.
393 2969 550 3039 dederunt3
585 2969 763 3027 contrarium
792 2969 860 3027 huie
887 2982 945 3029 est:
977 2975 1054 3050 apud
1085 2996 1131 3033 ce·

82 3061 153 3106 teror
172 3066 266 3112 antem.
301 3055 452 3131 Diogenes
470 3056 567 3114 Laert.
580 3056 633 3126 IV,
658 3056 698 3114 28
721 3057 757 3112 de
769 3055 919 3114 Arcesila:
948 3056 1077 3134 Προῖτος
1100 3051 1131 3117 δὲ

83 3127 162 3221 naida
181 3125 320 3218 ἑκάτερον
343 3134 508 3218 ἐπεχείρησε
530 3129 578 3196 καὶ
605 3137 723 3218 πρῶτος
750 3131 801 3198 τὸν
828 3129 916 3217 λόγον
944 3137 1056 3218 ἐκίνησε
1078 3134 1131 3200 τὸν

84 3211 124 3274 ai
143 3209 305 3290 Πλάτωνος
335 3218 577 3298 παραδεδομένον
605 3215 654 3282 καὶ
683 3217 799 3301 ἐποίησε
822 3218 856 3282 δι’
886 3212 1055 3304 ἐρωτήσεως
1081 3217 1130 3283 καὶ

83 3292 241 3380 ἀποκρίσεως
263 3301 490 3386 ἐριστικώτερον.

148 3395 196 3449 iam
204 3396 241 3467 fit
257 3395 336 3452 etiam
352 3399 380 3451 in
391 3393 552 3474 Academia)
576 3397 653 3472 Spin.
671 3394 727 3475 [B]
744 3414 861 3471 quoque
877 3415 934 3454 ont.
946 3401 1038 3466 etiarm
1062 3398 1131 3455 Bas.

83 3475 122 3529 ina
140 3481 209 3535 etiarn
226 3481 277 3552 fit,
300 3479 411 3539 (iude
435 3485 483 3554 (μοι’
504 3484 610 3556 quidem
633 3486 710 3539 etiarn
733 3485 786 3538 iarn
801 3485 845 3556 fit.
892 3483 924 3542 Si
947 3484 1131 3541 omitteretur

82 3561 154 3634 dina,
184 3573 216 3621 ut
238 3565 310 3624 Otto
333 3565 417 3634 feeit,
442 3568 665 3643 significaretur,
689 3568 777 3642 qnid,
812 3585 877 3625 enm
911 3577 998 3626 antea
1020 3569 1131 3626 factum

82 3648 177 3706 omnmo
198 3669 256 3707 non
280 3660 366 3722 esset,
390 3672 467 3710 nune
489 3653 573 3711 fieret
595 3654 624 3710 in
647 3655 818 3711 Academia.

149 3735 173 3790 3.
205 3737 272 3794 nina
298 3739 492 3815 reprehendas)
532 3741 623 3798 Recte
652 3741 707 3796 hoe
737 3738 830 3818 [quod
858 3749 904 3797 est
926 3740 1013 3796 etiarn
1037 3740 1066 3796 in
1089 3739 1130 3818 B]

84 3813 288 3898 iierenbergius
310 3825 535 3894 commendavit,
559 3826 669 3883 dictum
692 3826 728 3881 de
751 3825 796 3896 iis,
820 3844 896 3899 quae
913 3826 1048 3883 celeriter
1065 3845 1130 3884 eur-

83 3913 134 3959 mnt
152 3917 178 3963 et
196 3927 291 3984 paene
314 3907 466 3986 effugiunt,
500 3911 694 3983 retrahendis
729 3911 812 3968 euius
835 3911 1056 3987 significationis
1079 3932 1130 3969 ex-

82 3990 157 4062 empla
182 4004 210 4050 et
242 4013 260 4050 a
288 3995 396 4052 Plauto
424 4015 459 4053 ae
481 3997 621 4054 Terentio
655 4005 685 4054 et
717 4015 735 4052 a
767 3997 980 4054 recentioribus
1014 4009 1131 4073 sumpta

83 4068 157 4132 lenire
181 4079 298 4137 habent.
350 4082 443 4158 (Add.
473 4079 575 4142 Senee.
604 4082 688 4158 epist.
720 4083 775 4153 95,
805 4084 861 4139 46:
888 4101 959 4157 qnae
991 4085 1130 4159 reprelien-

83 4158 133 4214 dnd
151 4169 247 4222 σοι’νιιοο
274 4185 308 4224 ae
335 4169 463 4235 detinent,
486 4177 517 4225 et
539 4167 627 4226 Ovid.
655 4168 776 4225 Heroid.
799 4169 847 4226 XI
854 4211 861 4239 ,
897 4169 952 4226 53:
985 4172 1130 4245 elapeaque

84 4246 142 4302 terta
171 4249 323 4330 reprendo.)
367 4253 471 4312 Cicero
495 4254 537 4311 sie
559 4253 635 4310 dixit
656 4255 751 4312 Aead.
773 4256 815 4318 ΙΙ,
842 4255 917 4312 139:
950 4267 1054 4313 revocat
1076 4260 1129 4313 oir-

83 4335 114 4382 nn
139 4337 174 4390 rei
198 4340 291 4412 potira
325 4341 493 4414 reprehendit
525 4360 613 4396 nra-rra.
675 4341 738 4398 Nee
771 4341 858 4398 aliter
891 4341 1129 4418 intellegendum,

83 4417 142 4486 qnod
160 4440 210 4496 pro
231 4423 339 4482 Flacco
363 4425 402 4482 22
426 4426 455 4482 in
478 4426 565 4484 laude
587 4425 705 4502 patroni
728 4427 860 4502 ponitur:
882 4427 957 4485 Bene
979 4438 1066 4485 testem
1089 4433 1129 4485 r'n·
