2956 5028
395 395 437 439 er
461 393 541 440 usti.
559 393 662 438 nrn.11
684 391 757 440 cnr.
776 395 817 438 aa.
1089 373 1153 436 265

94 575 227 642 quanmnn
256 562 393 626 studium
420 569 452 626 et
478 579 571 643 quam
598 561 718 642 insigne
744 557 838 624 tuerit
864 577 940 640 erga
960 577 1010 623 me
1034 568 1153 638 tempo-

95 664 167 728 ribus
187 664 255 742 illis‚
277 671 444 746 quaenota
455 663 689 741 sumtomnibus‚
701 662 918 726 scironecosse
929 667 1155 740 estutrurnque

95 773 228 843 rasurum
251 783 332 847 quae
354 765 427 830 mihi
447 764 518 844 ipsi,
540 765 594 847 qui
616 764 685 828 volo
707 770 740 828 et
761 781 831 828 esse
852 771 885 827 et
904 763 1013 827 haberi
1035 768 1153 843 gratus,

94 879 170 946 grata
199 886 261 932 non
288 873 407 946 essent,
439 866 500 930 nisi
527 885 598 931 eum
626 865 835 947 perspicerem
863 882 932 928 meo
958 882 1054 928 causa
1079 863 1153 928 mibi

95 968 208 1033 amicum
229 967 336 1046 inisse„
358 986 419 1032 non
442 985 512 1048 sua;
535 968 594 1032 nisi
616 968 674 1032 hoc
700 967 791 1046 dicis
819 985 890 1046 sua,
920 967 1004 1048 quod
1026 963 1193 1032 intercuti

95 1070 212 1133 omnium
234 1077 321 1134 recte
341 1068 453 1134 iacere.
480 1069 512 1134 Si
533 1069 566 1134 id
577 1069 663 1148 dicis,
685 1067 827 1148 vicimus3
859 1069 892 1133 id
904 1068 987 1134 enim
1002 1067 1155 1144 volumus,

95 1169 121 1232 id
138 1171 355 1249 contendimus,
376 1177 413 1235 ut
434 1168 527 1236 officii
538 1169 658 1235 iunctus
669 1171 711 1236 sit
720 1170 824 1252 ipsum
835 1169 979 1235 cilicium.
1014 1171 1063 1234 ts.
1086 1169 1155 1234 Hoc

95 1269 137 1334 illc
160 1281 228 1336 tuus
262 1291 323 1336 non
351 1272 419 1336 nult
443 1273 647 1354 omnibusque
674 1291 711 1338 ex
737 1272 831 1337 rebus
853 1272 1044 1353 voluptatem
1066 1270 1156 1352 quasi

96 1375 251 1439 neroedem
274 1373 383 1454 exigit3
406 1375 462 1438 sed
483 1375 524 1438 ad
545 1374 631 1438 illum
653 1375 776 1456 rede03)
809 1374 836 1438 si
864 1373 1033 1454 voluptatis
1061 1390 1156 1437 carisa

95 1491 153 1537 cum
164 1475 252 1540 Gallo
274 1476 359 1556 apud
370 1476 520 1540 Anienem
542 1477 735 1558 depugnavit
754 1485 943 1558 provocatus
971 1485 1003 1540 et
1029 1493 1066 1539 ex
1088 1473 1155 1539 eius
1175 1475 1217 1538 10

96 1576 187 1655 spoliis
209 1577 267 1641 sibi
289 1585 323 1642 et
342 1584 486 1658 torquem
513 1585 545 1642 et
571 1596 742 1659 cognomen
763 1577 865 1642 induit
885 1577 979 1641 ullam
1002 1577 1093 1642 aliam
1116 1575 1156 1640 ob

96 1695 215 1755 causam,
237 1677 299 1742 nisi
319 1679 404 1760 qood
426 1678 455 1742 ei
476 1678 551 1743 talis
572 1677 655 1744 lacta
676 1679 771 1762 digna
793 1679 859 1742 viro
876 1678 1070 1757 videbantur,
1092 1675 1156 1740 lor-

96 1786 148 1843 tcm
167 1799 225 1844 non
248 1791 335 1860 puto.
378 1781 445 1845 Iam
467 1780 494 1844 si
515 1781 627 1863 pudor,
649 1781 677 1845 si
698 1779 859 1860 modestia,
886 1780 913 1844 si
934 1779 1097 1862 pudicitia,
1130 1777 1156 1842 si

97 1899 148 1944 uno
171 1882 264 1946 verbo
291 1881 498 1962 temperantia
528 1901 649 1964 poenae
675 1889 732 1947 aut
757 1880 902 1948 infamiae
928 1889 1012 1947 metu
1033 1886 1156 1944 coerce·

96 1979 205 2062 tunm,
227 2001 290 2047 non
313 1982 476 2048 sanctitate
498 2001 556 2048 sua
583 2003 618 2049 se
644 1983 827 2062 tuebuntur,
854 1984 938 2065 quod
960 1982 1156 2060 adulterium,
1176 1983 1217 2049 15

97 2085 169 2164 quod
189 2091 341 2165 stuprum,
363 2103 444 2166 quae
465 2084 560 2150 libido
583 2104 645 2150 non
668 2103 702 2150 se
719 2085 874 2167 proripiet
899 2103 937 2150 ac
952 2084 1083 2166 proiciet
1103 2091 1159 2148 aut

159 2309 178 2356 1,
195 2304 297 2355 cadim
306 2304 385 2370 suerit
402 2313 424 2354 et
440 2315 489 2355 tam
513 2306 603 2373 meique
615 2305 696 2372 suerit
717 2307 740 2356 E
753 2305 832 2372 suerit
854 2317 950 2372 trancp.
973 2315 1033 2370 post
1054 2308 1158 2356 studium

98 2369 215 2450 0r3etiom
233 2377 291 2440 (pro
310 2373 380 2453 ⁶)(J
431 2379 454 2422 3.
476 2373 598 2425 soleam
625 2376 643 2424 L
695 2374 763 2440 cupio
782 2377 841 2441 (pro
858 2383 880 2424 et
897 2373 1028 2452 labeo-itte
1069 2379 1092 2420 4.
1112 2371 1161 2422 nisi

97 2442 501 2560 renitescunt
533 2448 575 2562 ἑ·
594 2441 737 2561 ”lilim
751 2443 854 2562 cul
882 2439 1159 2570 stitutum

99 2579 288 2642 ltpoeaaemn
316 2579 339 2628 Ε
378 2583 415 2629 1⁶.
433 2596 459 2628 oe
476 2551 564 2630 nobil
597 2529 787 2645 sarmenze
857 2549 862 2561 ¹
1059 2549 1064 2560 ·

174 2802 221 2859 73.
254 2805 336 2860 sullam
358 2805 441 2861 aliam
468 2804 500 2861 ob
526 2802 652 2884 camna)
684 2803 864 2882 Conspirant
890 2803 1016 2862 aliorum
1043 2821 1161 2879 quoquo

98 2885 201 2944 codices
223 2887 252 2945 in
274 2891 386 2946 laomen.
429 2889 625 2948 Emendatunr
648 2889 778 2949 Orellius
800 2890 872 2948 dicit
892 2890 952 2946 inm
973 2889 1004 2946 in
1026 2889 1160 2948 ed.Ven.

102 2971 187 3040 1480;
208 2973 311 3032 deinde
334 2991 352 3030 a
370 2975 406 3032 P.
427 2973 572 3033 Manutio.
606 2975 716 3052 (Paulo
737 2987 806 3034 ante
828 2969 871 3044 Εξ
893 2985 923 3033 et
933 2985 993 3032 tres
1005 2973 1074 3032 Gaii
1097 2975 1162 3032 boec

99 3057 135 3112 tte
154 3067 212 3116 tuns
233 3079 284 3116 non
305 3055 387 3140 molt.)

173 3139 318 3224 siprrdor)
352 3145 450 3217 Haec,
479 3163 555 3220 quae
583 3146 759 3204 omittuntur
785 3146 815 3202 in
844 3144 927 3202 codd.
955 3144 1162 3217 deterioribus,

99 3239 271 3286 accesserunt
287 3230 318 3287 in
330 3229 376 3286 ed.
388 3229 468 3289 crac
480 3241 510 3288 et
521 3231 601 3289 vict
634 3231 729 3288 Erant
749 3226 977 3310 inPal.1‚[B‚]
999 3225 1051 3300 Εξ.
1086 3229 1162 3288 Dav.

99 3319 125 3366 et
144 3311 231 3370 Gaius
252 3325 361 3372 tacent.
394 3316 607 3374 Annotandurn
630 3315 752 3373 verbum
764 3315 878 3392 plurale
901 3333 959 3374 non
983 3315 1077 3373 solum
1096 3323 1164 3392 post

100 3398 266 3472 anaphoram
289 3401 504 3460 coniunctionis
522 3401 552 3458 in
569 3401 709 3459 subiectis
736 3399 811 3479 [vid.
833 3401 973 3458 Wesenb.
996 3401 1163 3458 Emendett.

100 3482 177 3555 epist
198 3483 256 3542 Cic.
278 3506 308 3561 p.
335 3483 420 3563 127],
444 3486 496 3543 sed
518 3487 607 3544 etiam
634 3495 703 3563 post
725 3485 857 3544 subiecta
879 3485 1064 3562 apertissime
1087 3485 1165 3562 (torro

101 3568 200 3644 cerlo)
221 3571 251 3626 in
274 3589 363 3628 unam
385 3579 563 3647 postremam
585 3571 1058 3630 notionemcollectaetconfleto.
1086 3571 1163 3628 Turn

101 3649 194 3711 (icero
224 3655 398 3714 insolentius
425 3657 564 3728 virtutes,
604 3675 679 3730 qnae
701 3657 731 3714 in
754 3657 835 3714 vitiis
857 3655 1027 3714 coercendis
1049 3655 1164 3732 positae
1225 3721 1228 3728 ,

101 3747 173 3809 sunt,
199 3739 277 3816 ipsas
299 3741 429 3798 coerceri
450 3742 540 3812 dixit3
562 3742 776 3800 obversabatur
797 3742 874 3800 enim
897 3741 979 3800 notio
995 3740 1166 3817 cupiditatis

102 3822 245 3895 prudentia
265 3827 392 3901 quadam
416 3836 604 3902 temperatos,
628 3845 703 3901 quae
726 3827 791 3903 ipsa
813 3837 877 3885 erat
898 3827 992 3885 virtus
1009 3827 1165 3903 Epicurea.

102 3901 254 3985 [similises
278 3911 374 3968 minus
386 3922 484 3969 tamen
496 3912 675 3982 notabiliter,
698 3912 777 3970 infre
794 3913 833 3971 88
841 3916 973 3988 perfectio
994 3915 1100 3970 virtutes
1122 3912 1166 3968 ‹ii-

102 3991 178 4064 citur,
199 4015 272 4071 quae
294 4007 340 4054 est
362 3997 457 4054 virtus
479 3996 659 4075 perfectione
682 3999 805 4056 rationis
827 3995 916 4078 orte.]

178 4085 248 4154 qood
274 4083 437 4140 alliodo-ium
464 4115 505 4124 —-
533 4103 562 4140 se
583 4085 717 4158 proripiet
742 4102 775 4140 ac
800 4087 924 4159 proiciet)
974 4083 1065 4140 Recte
1093 4084 1165 4140 haec

102 4164 183 4220 verba
203 4167 336 4224 absolute
358 4167 496 4225 dicuntur
518 4168 553 4224 de
576 4167 622 4240 iis,
646 4187 721 4243 quse
744 4179 843 4244 spreta
859 4168 1092 4227 dissimulatione
1115 4187 1166 4224 eor·

103 4247 193 4307 dacter
212 4263 421 4330 prorumpunt,
455 4263 488 4310 ut
514 4253 597 4310 nulla
623 4271 713 4310 causa
738 4253 842 4326 iuuerit,
872 4273 924 4310 our
946 4261 998 4310 aut
1020 4264 1168 4311 corrector

104 4334 223 4394 codicum
246 4332 289 4406 Εξ
310 4349 362 4397 aut
373 4338 516 4397 Davisius
528 4339 683 4396 scriberet:
706 4357 759 4414 quo
770 4341 941 4404 cdrrlterium,
964 4359 1018 4414 quo
1034 4349 1166 4414 stuprum,
