3024 5052
355 382 418 452 642
742 401 788 448 nn
809 401 940 450 numus
964 401 1034 448 eon.

354 569 424 634 criti
445 575 550 634 autem
571 570 731 649 securitas,
755 587 835 652 quae
857 573 906 636 est
927 569 1021 634 animi
1044 569 1230 653 [tamquam]
1253 567 1426 650 tranquilli·
1486 631 1487 656 ,

353 677 417 750 tas,
444 689 537 752 quarn
563 672 723 754 appellant
744 666 906 750 εὐθυμίαν,
941 691 977 737 eo
1011 673 1187 753 separanda
1213 670 1272 736 fuit
1297 672 1337 742 ab
1369 670 1426 734 hac

354 773 572 855 disputatione,
595 774 670 855 quia
690 774 753 838 ista
773 773 868 838 animi
889 773 1096 854 tranquillitas
1118 792 1156 838 ea
1178 780 1226 838 est
1246 774 1319 855 ipsa
1335 774 1426 858 beqta

354 875 432 954 vita;
465 876 644 957 quaerimus
666 881 784 954 autem,
812 894 874 940 non
897 875 1056 957 quaesit,
1084 876 1142 940 sed
1162 876 1246 942 uude
1267 875 1315 940 sit
1360 875 1425 940 Iam

426 1067 448 1114 l.
466 1063 621 1114 sevenisse
656 1062 732 1118 onrbti
747 1061 910 1126 tranquillitos
927 1073 1047 1127 tamquam
1068 1079 1140 1126 ᾳασνα
1157 1063 1192 1122 ln
1219 1065 1273 1112 sine
1290 1063 1362 1112 uncis
1381 1061 1423 1110 Or.

354 1135 377 1180 2.
396 1129 524 1196 appellauit
542 1131 609 1185 nor.
664 1129 797 1198 [euthemon
815 1148 841 1181 eo
860 1132 909 1200 Eh]
969 1137 992 1180 3.
1012 1148 1041 1180 eo
1060 1131 1113 1196 apso
1127 1140 1162 1180 est
1179 1131 1221 1196 (P)
1244 1141 1278 1180 est
1296 1131 1349 1196 ipen
1367 1137 1423 1190 tom.

354 1206 390 1260 cot
411 1201 505 1265 Bipsn
522 1209 557 1250 est
575 1211 632 1262 tom.
650 1203 687 1259 ec)
706 1200 748 1250 Or.
784 1206 807 1248 4.
825 1200 872 1250 ciat
890 1205 958 1264 (utro
976 1201 1062 1264 lacot)
1080 1200 1103 1250 Ε

440 1373 488 1430 23.
512 1393 594 1449 qoam
609 1375 746 1475 appellant
773 1364 968 1470 εὐθομιαν)
992 1373 1052 1433 cfr.
1066 1375 1144 1443 587.
1167 1372 1315 1468 Diogenes
1326 1374 1422 1430 Inert.

353 1460 411 1529 IX,
424 1458 479 1516 45.
505 1451 642 1525 Τίλοςδὲ
661 1452 736 1516 εἶναι
753 1451 825 1532 λέγει
838 1447 1051 1548 (Δημόκριτος)
1074 1449 1126 1534 τὴν
1148 1447 1305 1531 εὐθνμεᾏαν
1327 1449 1421 1530 oriris

354 1534 473 1637 αὐτὴν
467 1529 560 1599 οὖσαν
582 1561 617 1617 τῃ
605 1533 773 1641 ἡδονῇ,
752 1534 873 1607 ociosos
890 1560 1136 1640 ααρακοοσαντες
1149 1535 1324 1611 ἐξεδέξαντο.
1348 1511 1421 1597 6666

353 1619 427 1683 καθ’
457 1614 491 1703 ἢν
513 1625 646 1718 γαληνῶς
672 1617 720 1683 καί
748 1617 942 1692 εὐσταθῶς
928 1648 944 1702 η
971 1619 1052 1728 ψυχὴ
1074 1615 1187 1724 διάγει,
1217 1616 1274 1682 ὑπὸ
1301 1616 1421 1722 piperve,-

352 1705 559 1808 ταραττομένη
575 1697 733 1808 φόβου
716 1731 732 1786 η
760 1703 1035 1784 δεισιδαιμονίας
1019 1733 1034 1788 η
1067 1699 1159 1767 ἄλλον
1192 1699 1272 1775 τινὸς
1294 1711 1419 1770 ααθονς·

353 1792 438 1854 καλεῖ
458 1787 484 1852 δ’
511 1785 602 1870 αὐτὴν
624 1785 672 1852 καί
695 1785 803 1854 εὐεστὼ
825 1785 873 1851 καὶ
895 1792 1016 1861 πολλοῖς
1038 1785 1178 1860 inosc‘
1163 1779 1298 1893 ονίμασι.
1341 1793 1418 1854 Stob.

353 1879 417 1937 Ecl.
439 1882 508 1940 Eth.
520 1898 548 1954 p.
561 1883 578 1938 7
583 1881 618 1937 6
649 1870 710 1955 Τὴν
733 1870 922 1974 εὐδαιμονίαν
944 1899 992 1936 και
985 1869 1154 1953 εὐθυμίαν
1176 1870 1225 1936 καὶ
1248 1869 1353 1936 εὐεστώ
1373 1869 1416 1932 καί

355 1953 501 2040 ἁρμονίαν
524 1958 707 2039 συμμετρίαν
728 1952 831 2020 τεκαὶ
854 1953 1019 2040 ἀταραξίαν
1040 1962 1131 2020 καλεῖ.
1159 1964 1273 2024 Seneca
1284 1965 1320 2022 de
1331 1965 1416 2022 Tran

354 2050 436 2123 quill.
459 2050 607 2122 Animi2,
627 2051 659 2106 3.
683 2051 764 2106 Hauc
785 2050 905 2106 stabilem
926 2069 1007 2107 αναοα
1005 2052 1106 2108 sedem
1126 2049 1227 2107 Graeci
1242 2041 1416 2123 εὐθυμίαν

354 2147 457 2208 uocant,
486 2137 519 2193 de
536 2155 590 2208 qua
619 2137 767 2192 Democriti
792 2137 911 2191 volumen
938 2139 1070 2209 epreqa'am
1097 2145 1143 2192 ast.
1188 2131 1263 2215 [Pro
1290 2135 1416 2210 appellant
1486 2163 1487 2172 ν

355 2217 449 2278 Gaius
471 2239 488 2278 e
511 2220 588 2296 Spir.
610 2229 640 2276 et
662 2220 741 2280 Gud.
766 2221 783 2276 2
807 2223 951 2295 appellam't
973 2221 1105 2297 scripsit,
1139 2220 1281 2278 Davisius
1308 2220 1417 2296 appellnt

355 2306 540 2363 scribendum
563 2315 695 2381 putarat3
718 2305 912 2379 nequeenim,
935 2306 1177 2379 quemadmodum
1198 2325 1300 2363 omnes
1317 2301 1414 2364 Graeci

355 2391 599 2466 tranquillitatem
612 2391 703 2448 animi
714 2391 952 2466 appellavissent,
975 2393 1026 2449 sed
1038 2412 1096 2466 quo
1108 2391 1224 2448 nomine
1242 2392 1305 2466 ipse
1317 2391 1415 2448 Demo-

354 2477 444 2534 critus
473 2495 543 2534 usus
570 2486 663 2546 esset,
693 2495 711 2532 a
740 2476 882 2534 Cicerone
904 2476 1072 2552 significari.
1119 2477 1166 2532 De
1189 2477 1253 2533 cod.
1276 2476 1350 2552 Spin
1371 2471 1414 2529 ad·

355 2562 472 2619 modum
496 2561 606 2631 dubito,
631 2561 769 2636 quoniam
792 2571 822 2618 et
843 2561 904 2618 Eri.
927 2571 957 2618 et
977 2563 1004 2620 B
1026 2562 1217 2630 dissentiunt;
1246 2571 1323 2620 certe
1345 2559 1415 2616 iilius

354 2646 391 2704 ab
413 2647 459 2704 his
481 2647 658 2704 discedentis
680 2648 788 2722 exigua
810 2656 855 2704 est
877 2647 1050 2716 auctoritas;
1085 2656 1115 2704 et
1141 2665 1318 2722 quamquam
1339 2642 1415 2702 facile

355 2750 392 2788 ex
411 2735 555 2808 appellauit
567 2732 628 2790 fieri
640 2735 777 2808 appellant
789 2732 893 2807 potuit,
917 2742 950 2788 ut
962 2737 976 2802 ξ
990 2735 1029 2790 20
1037 2742 1136 2808 putant
1147 2751 1185 2788 ex
1199 2737 1306 2807 putavit
1322 2732 1349 2788 in
1362 2727 1414 2786 Eri.

355 2819 430 2888 etB,
453 2826 574 2876 revocat
595 2828 691 2874 tamen
714 2837 732 2874 a
755 2817 927 2892 corrigendo
951 2817 1242 2890 Senecaetquodam
1255 2816 1366 2875 modo'
1359 2831 1414 2889 ipse

354 2901 468 2974 Cicero,
491 2903 541 2977 qui
564 2902 605 2960 sic
629 2904 776 2960 Democriti
795 2906 961 2960 seco-ritatem
978 2905 1057 2976 dicit,
1079 2913 1113 2961 ut
1128 2903 1255 2978 primum
1278 2901 1413 2998 propriam

354 2988 417 3046 eius
434 3005 536 3046 vocem
554 2988 717 3063 significare
728 2989 864 3044 videatur
881 2989 958 3066 (sive
977 2979 1174 3064 ἀθαμβίαν
1150 3007 1213 3045 sive
1236 2977 1414 3084 ἀταραξίαν)

355 3073 459 3130 deinde
483 3091 673 3130 communem.
703 3073 761 3132 Sed
774 3073 852 3148 quod
875 3073 985 3131 editum
1008 3073 1194 3130 estadhuc
1170 3091 1233 3130 sine
1250 3070 1413 3147 suspicione,

354 3168 491 3234 tamquam
518 3162 700 3234 tranquillitas
727 3178 830 3216 verum
853 3177 916 3216 esse
938 3177 997 3217 non
1010 3167 1124 3233 ,potest
1170 3157 1254 3230 Quae
1277 3157 1350 3214 enim
1371 3163 1415 3210 aut-

354 3245 435 3301 voois
457 3253 510 3300 ant
529 3243 666 3319 imaginis
687 3244 845 3301 insolentia
866 3244 998 3302 mollitur
1019 3243 1120 3301 addito
1142 3240 1300 3317 tamquam?
1332 3242 1415 3300 Acce·

259 3352 262 3362 ·
355 3329 407 3400 dit,
430 3329 509 3404 quod
531 3329 561 3385 in
584 3329 645 3386 Eri.
668 3329 734 3386 etB
757 3327 807 3409 (da
830 3330 935 3387 ceteris
952 3329 1123 3386 melioribus
1145 3327 1273 3403 tacetur)
1292 3335 1335 3385 est
1345 3325 1416 3384 ciriaci

354 3417 536 3488 tranquillitos
558 3424 695 3489 tamquam
717 3433 807 3489 quom.
841 3416 919 3486 Aut,
948 3414 1026 3489 quod
1048 3414 1147 3472 verius
1169 3415 1268 3486 credo,
1292 3425 1413 3486 tamquam

355 3508 451 3557 ortum
463 3508 508 3556 est
524 3500 679 3574 geminatis
697 3509 726 3556 et
737 3501 813 3558 male
826 3500 990 3557 coniunctis
1001 3499 1123 3575 syllabis
1134 3509 1271 3574 tesquam,
1293 3507 1345 3556 eut
1354 3499 1415 3554 latet

354 3585 584 3655 substantivum,
613 3593 646 3641 ut
671 3586 745 3642 haec
766 3584 857 3643 fuerit
878 3585 1019 3643 orationis
1040 3584 1151 3642 forma:
1183 3587 1269 3642 antini
1290 3579 1417 3658 tranquilli

354 3673 513 3740 constantio,
536 3667 641 3746 quota]
664 3725 669 3736 ,

439 3775 471 3811 eo
498 3765 537 3814 est
563 3758 624 3831 ipso
647 3755 724 3812 beato
744 3757 812 3830 ονἰα)
847 3755 971 3816 Secutus
999 3773 1078 3826 sum,
1112 3754 1191 3830 quod
1217 3754 1248 3810 in
1265 3754 1337 3824 Eri,
1359 3746 1414 3830 [n]

355 3839 447 3912 Leid,
471 3840 516 3896 ed.
538 3841 634 3915 prima
655 3849 727 3910 erat,
750 3859 804 3898 nec
816 3842 928 3912 dubito,
951 3840 1022 3914 quin
1043 3840 1074 3896 in
1087 3839 1192 3898 ceteris
1202 3837 1266 3896 fere
1278 3837 1414 3898 codicibus

355 3924 433 3982 idem
454 3925 553 3995 fuerit,
582 3925 639 3982 etsi
660 3925 770 3984 editum
793 3936 838 3984 est
859 3927 927 3982 inde
949 3944 967 3982 a
988 3925 1138 3988 victorio:
1172 3944 1202 3982 ea
1224 3927 1287 4000 ipsa
1312 3934 1350 3982 est
1369 3937 1413 3978 nec

355 4011 430 4067 alter
452 4012 524 4068 ordo
547 4029 563 4067 e
586 4011 735 4068 codicibus
758 4020 924 4069 ennomus.
957 4011 1046 4080 UtR,
1069 4010 1312 4080 sioed.a.1480,
1330 4008 1412 4068 Crat:

354 4093 447 4153 Gaius
464 4097 560 4154 eBas.
583 4099 643 4171 ipso
664 4107 716 4166 est,
740 4097 848 4154 omisso
871 4115 916 4166 eo;
938 4096 1080 4154 Davisius
1097 4096 1226 4152 malebat
1247 4115 1276 4152 re
1297 4099 1355 4172 ipsa
1374 4099 1413 4148 est

353 4181 419 4238 Hos
440 4201 541 4239 omnes
568 4180 691 4239 offendit
712 4181 892 4240 abundantia
913 4181 1094 4258 pronominis
1116 4200 1175 4238 non
1197 4181 1305 4238 vitiosa
1325 4175 1413 4270 (modo

353 4269 423 4340 ipsa
451 4276 484 4324 ut
505 4286 552 4324 res
574 4267 712 4342 postulat,
736 4287 801 4324 cum
814 4269 890 4324 beato
911 4265 1194 4342 m'toconiungatur),
1217 4257 1412 4340 quacotidiani

353 4352 495 4410 sermonis
517 4371 598 4410 more
619 4353 738 4428 gravius
760 4353 917 4430 insignitur
939 4372 974 4410 ea
995 4353 1086 4422 notio,
1109 4371 1184 4426 quae
1201 4347 1413 4410 insubstantiva
