2956 5028
340 399 403 464 246
732 417 778 464 ns
800 419 930 468 rovinus
952 420 1024 468 eos.

339 583 442 650 dicere
474 603 567 667 quam
595 586 787 668 voluptateS,
825 589 856 652 in
884 595 972 654 tanto
999 589 1186 670 praesertim
1213 589 1309 669 viro);
1343 605 1413 652 unm

339 685 431 751 etiam
454 686 522 753 eius
544 687 662 770 collega
683 687 717 753 P.
740 688 864 768 Decius,
885 688 1032 772 princeps
1053 691 1085 754 iu
1107 709 1145 756 ee
1166 688 1282 754 iamilia
1304 706 1414 754 oonsu-

338 787 431 868 uns,
453 806 523 856 eum
545 807 580 855 se
602 791 772 856 devoverat
792 799 824 856 et
844 809 926 872 equo
947 792 1085 857 admisso
1112 790 1144 858 in
1166 791 1300 856 mediam
1320 790 1414 855 aciem

408 963 431 1006 1.
450 967 472 1008 et
489 957 580 1024 calleyo
597 958 647 1010 aas
665 960 687 1010 Ε
731 965 757 1014 8.
775 961 898 1012 devoveret
916 977 1010 1022 omues,
1031 961 1074 1012 Or.

338 1130 570 1206 appellationum
593 1135 814 1210 comparatione
824 1134 967 1193 Davisius
978 1133 1110 1203 offendit,
1133 1135 1329 1208 Bremiusque
1345 1133 1414 1190 scri-

339 1215 466 1274 bendum
493 1218 660 1294 suspicatus
697 1227 758 1278 est:
790 1222 861 1278 malo
887 1223 956 1278 mot
983 1223 1021 1278 ito
1049 1217 1162 1298 [Klotz.
1184 1217 1238 1296 sic]
1261 1221 1348 1277 dicere
1369 1217 1415 1296 [ut

338 1301 477 1360 scribitur
492 1303 607 1361 adAtt.
619 1305 709 1374 XIII,
727 1306 779 1376 42,
800 1307 834 1375 1;
856 1305 908 1364 sed
930 1313 1028 1362 tamen
1050 1304 1088 1361 ad
1110 1305 1193 1363 Fam.
1214 1306 1278 1373 111,
1311 1305 1358 1374 10,
1385 1307 1414 1360 1:

334 1405 388 1462 pro
410 1396 457 1444 tuo
479 1389 621 1462 slepaima
643 1393 714 1448 malo
735 1393 803 1448 enim
825 1392 913 1449 ἀέσαι
934 1409 1015 1466 quom
1035 1409 1088 1465 pro
1109 1387 1220 1467 edam}

423 1475 480 1530 eins
502 1473 615 1550 celeps)
638 1474 745 1533 Altero
767 1474 870 1534 ordine
893 1475 982 1533 etiam
996 1474 1074 1550 Spir.
1086 1472 1158 1553 [B];
1181 1473 1261 1532 Gud.
1275 1474 1293 1530 2
1306 1483 1336 1530 et
1347 1474 1412 1530 Bas.

337 1574 395 1612 om.
417 1577 482 1615 eus.

423 1661 483 1699 mem
505 1663 534 1700 ae
555 1645 695 1702 morem
716 1655 741 1704 et
763 1677 804 1687 -
826 1640 959 1726 irruebat)
982 1643 1107 1704 Correxi
1123 1643 1320 1702 certissimum
1337 1661 1414 1700 men·

338 1725 422 1797 dum,
456 1728 604 1802 quomodo
632 1730 774 1789 Davisius
802 1730 1008 1806 corrigendum
1036 1729 1162 1787 viderat.
1209 1729 1343 1805 Longum
1372 1735 1414 1784 est

338 1829 416 1868 nunc
438 1813 537 1870 omnia
559 1823 712 1886 excutere,
736 1833 812 1891 quae
835 1815 872 1873 de
894 1815 1078 1873 diversorum
1102 1814 1255 1872 modorum
1279 1813 1413 1870 coniunc-

339 1897 418 1953 tione
442 1915 578 1974 magnam
600 1909 715 1974 partem
737 1918 756 1957 a
777 1901 850 1958 viris
872 1919 892 1958 a
912 1900 1104 1976 grammatica
1127 1899 1290 1956 subtilitate
1312 1897 1413 1954 alienis

337 1981 380 2038 ita
402 1981 553 2058 disputata
575 1993 652 2056 sunt,
675 1994 708 2042 ut
730 1985 829 2043 omnia
851 1983 1109 2056 confunderentur,
1132 1984 1215 2041 velut
1236 1981 1412 2041 aDrakenb.

337 2066 375 2123 ad
387 2066 451 2124 Liv.
463 2067 569 2138 XXX,
584 2071 635 2139 44,
647 2071 686 2127 10
697 2080 728 2128 et
738 2071 821 2142 XLI,
835 2072 885 2141 24,
894 2072 922 2128 5.
945 2069 1040 2148 [Quid
1052 2069 1089 2126 de
1099 2067 1291 2127 Alschefskio
1302 2068 1341 2124 ad
1352 2067 1412 2124 Liv.

337 2151 392 2222 IV,
409 2153 445 2209 19
459 2151 589 2232 dinami]
612 2154 708 2212 Breve
725 2156 816 2232 igitur
827 2155 944 2213 faciam.
971 2155 1141 2230 Quaeritur,
1165 2173 1234 2210 num
1251 2153 1310 2210 dno
1327 2153 1413 2210 verba

339 2237 506 2312 copulative
529 2240 686 2298 coniuncta
708 2241 803 2298 eidem
825 2240 1041 2312 coniunctioni,
1075 2257 1151 2314 quaa
1178 2249 1301 2314 propter
1322 2239 1412 2313 ipsam

337 2322 556 2397 copulationem
578 2327 745 2384 necessario
767 2326 890 2384 eandem
912 2325 1106 2402 principalem
1128 2325 1189 2381 virn
1210 2324 1351 2392 retineat,
1373 2322 1412 2378 di·

338 2425 425 2464 verso
448 2408 535 2466 modo
558 2411 652 2468 subici
674 2411 798 2487 possint.
831 2412 868 2469 Id
889 2411 928 2469 ab
950 2430 986 2468 eo
1004 2417 1101 2485 poete,
1125 2409 1176 2484 qui
1198 2409 1336 2466 duritiem
1358 2425 1411 2464 nou

338 2491 463 2568 fugeret,
487 2512 590 2552 versus
613 2513 702 2554 causa
724 2496 788 2554 fieri
810 2505 928 2572 potarat
949 2497 980 2554 in
991 2495 1045 2553 tali
1056 2503 1214 2565 structura,
1237 2495 1267 2551 in
1285 2493 1413 2568 quasivc

337 2578 458 2637 omnino
486 2578 594 2637 Latina
626 2593 724 2640 certae
757 2583 864 2640 aetatis
891 2582 986 2639 oratio
1019 2581 1082 2638 sive
1115 2587 1269 2656 poetarum
1296 2579 1412 2636 libertas

338 2673 495 2739 utrumque
512 2665 631 2724 modum
648 2667 848 2725 coniunctioni
859 2667 951 2738 nullo,
973 2665 1053 2741 quod
1064 2665 1232 2736 sentiretur,
1250 2663 1412 2722 discrimine

338 2747 494 2807 subiceret.
538 2751 643 2826 Itaque
665 2751 849 2828 Propertius,
872 2759 961 2828 poeta
982 2751 1117 2810 oratione
1139 2749 1328 2820 durissimus,
1351 2766 1411 2804 rum

337 2839 444 2908 poene
467 2851 503 2890 ex
527 2836 693 2911 antiquiore
715 2855 850 2895 sermone
872 2837 1021 2894 licentiam
1033 2835 1186 2894 indicativi
1208 2835 1238 2892 iu
1255 2835 1411 2909 interroga·

338 2916 419 2974 tione
441 2919 581 2994 pendenti
604 2923 733 2998 ponendi
755 2923 926 2995 retinerent,
948 2941 1008 2997 qua
1029 2920 1284 2979 tamenlloratius
1300 2921 1411 2976 etVer·

337 3002 427 3079 gilius
449 3023 517 3062 raro
539 3017 670 3075 utuntur,
693 3026 752 3066 non
774 3027 842 3065 raro
864 3008 928 3065 sive
939 3007 1106 3083 pronomini
1122 3005 1335 3082 interrogativo
1347 3021 1411 3078 pen·

339 3088 419 3146 denti
442 3089 505 3147 aive
526 3093 689 3167 particulae
711 3103 742 3150 et
765 3093 957 3151 indicativum
985 3101 1015 3150 et
1042 3091 1261 3150 coniunctivum
1284 3087 1411 3152 subiecit,

339 3174 423 3231 cuius
445 3175 487 3232 rei
511 3177 648 3252 exempla
670 3179 877 3236 Lachmannus
899 3177 1019 3255 collegit
1040 3177 1085 3254 (iu
1108 3177 1205 3252 priore
1228 3175 1312 3250 edit.)
1334 3194 1362 3250 p.
1385 3173 1410 3241 9,

339 3257 617 3338 [idemqueV(lV),
626 3266 654 3334 4,
670 3265 708 3320 10
720 3264 810 3321 dixit:
827 3283 886 3321 cnm
899 3273 1073 3338 quateret-
1085 3259 1308 3338 dispartiebant}
1333 3258 1411 3316 Alio·

338 3363 403 3401 rum
421 3351 575 3420 poetarum
587 3357 769 3423 peucasunt.
802 3349 914 3406 Prosae
931 3348 1074 3406 orationis
1088 3347 1248 3422 scriptores
1259 3361 1410 3419 numquam
1455 3337 1456 3379 l

339 3429 369 3486 id
386 3428 528 3489 fecerunt.
572 3433 650 3491 Nam
672 3435 703 3490 in
725 3453 785 3492 uno
806 3434 886 3492 Livii
906 3433 983 3504 loco,
1006 3451 1093 3508 quem
1115 3431 1252 3490 Handius
1274 3427 1412 3508 (Turall

339 3535 368 3591 p.
380 3514 458 3589 486)
480 3517 561 3587 citat,
583 3519 639 3589 IV,
666 3519 714 3590 13,
741 3520 793 3576 1οε
821 3517 897 3588 erce
909 3529 1055 3594 postquam
1071 3527 1133 3575 armi
1148 3518 1244 3574 audita
1261 3527 1287 3573 et
1301 3517 1411 3588 undique
1454 3545 1455 3601 l

336 3603 469 3676 puriores
487 3595 600 3677 patuaro
621 3615 646 3661 et
664 3608 766 3680 prioris
788 3608 855 3660 anni
874 3607 994 3662 cornulas
1016 3607 1193 3679 increparent,
1216 3603 1291 3676 qnod
1305 3601 1410 3658 rusior-

337 3688 448 3758 yitr'oace
469 3719 512 3730 -
530 3692 612 3763 passi
631 3701 717 3747 csend
732 3691 804 3763 fieri.
826 3701 852 3746 et
873 3709 953 3746 nonos
974 3691 1108 3747 ceruales.
1142 3688 1217 3762 qnod
1238 3691 1411 3762 capreolorum!
1453 3703 1454 3722 ³

340 3803 391 3832 -,
414 3781 468 3828 asor
497 3773 527 3829 Τ.
554 3773 709 3850 (inienuus)
731 3785 832 3851 aparte
844 3775 991 3832 sententie
1012 3783 1042 3831 et
1053 3773 1131 3831 Livii
1148 3791 1219 3830 usur
1236 3771 1409 3848 postulabat:

345 3858 421 3926 Quae
433 3869 580 3933 postquam
592 3870 655 3917 saort
664 3862 769 3922 arrum.
792 3879 852 3918 mem
864 3861 982 3935 israelique
999 3869 1070 3928 cet.;
1093 3855 1158 3938 [aed
1170 3867 1250 3915 recte
1262 3857 1304 3916 Μ.
1316 3857 1410 3928 Haup-

341 3944 400 4000 tius
428 3943 614 4002 scribendum
627 3945 709 4016 vidit,
733 3956 765 4003 ut
788 3955 833 4002 eet
855 3946 886 4003 in
908 3946 992 4003 codd.
1015 3963 1106 4002 reon:
1119 3944 1278 4004 -ouditu,
1302 3942 1409 4013 uvidique

341 4061 383 4070 -
395 4031 542 4104 increpare,
554 4033 628 4104 qaod
636 4063 685 4086 -.
699 4031 766 4087 Tum
777 4029 919 4100 Quinctius
931 4025 1010 4110 cet}
1032 4029 1068 4087 In
1080 4030 1137 4086 hoc
1153 4039 1252 4086 autent
1267 4023 1409 4087 Ciceronis

340 4112 406 4171 loco
439 4131 499 4171 una
526 4124 624 4173 estet
650 4115 778 4193 simplex
808 4115 950 4191 temporis
972 4114 1149 4192 significatio
1182 4109 1233 4194 (eo
1262 4117 1408 4170 momento.

341 4216 400 4275 quo
422 4217 454 4256 ee
476 4199 637 4259 devoverat
657 4200 716 4258 iem
739 4211 768 4258 et
795 4201 927 4258 irruebat
954 4199 1037 4280 ret).
1070 4201 1148 4258 Nam
1176 4197 1256 4274 quod
1285 4194 1408 4256 Handius
1449 4269 1451 4280 ,

341 4285 373 4356 (l.
396 4289 433 4359 c.)
456 4285 486 4341 in
509 4288 645 4343 deuoueret
666 4285 728 4343 voti
747 4295 775 4342 et
788 4285 949 4344 voluntatis
961 4284 1205 4362 significationem
1217 4283 1313 4340 inesse
1325 4286 1407 4358 putat.
1450 4281 1451 4284 ’

341 4370 372 4426 iu
394 4369 489 4428 altero
511 4389 571 4430 rem
595 4369 728 4428 effectam
746 4369 887 4448 intellegi,
911 4371 1167 4445 Gziumsequens,
1190 4387 1248 4426 non
1262 4361 1407 4425 eratillud.
