2938 5020
385 427 429 472 un
452 423 533 470 nan.
556 425 619 470 nin
643 424 666 470 u
688 425 760 471 can.
788 427 825 472 ιο.
1087 407 1148 472 199

90 596 161 676 quod
181 603 279 660 tamen
302 594 413 674 dicitis,
436 595 519 660 nulla
540 593 642 675 tmpis
664 593 889 675 voluptaserit,
910 611 991 676 quae
1007 599 1148 675 praeter-

89 697 220 760 mittenda
241 697 296 776 sit,
324 705 357 761 et
379 697 469 761 simul
496 715 557 762 non
584 693 792 777 proficiscitur
819 695 932 760 animal
958 695 1034 761 illud
1056 697 1148 761 modo

90 811 180 862 nanim
200 817 217 863 a
239 817 362 863 summa
383 799 552 880 voluptate,
573 817 655 881 quae
676 805 726 862 ast
746 815 765 862 a
787 805 819 862 te
840 797 995 879 positam
1017 799 1147 863 noudu-

90 900 174 965 lendo.
214 901 264 966 32.
290 901 358 966 Nec
379 907 483 966 tamen
505 907 721 982 argumentum
742 899 802 965 hoo
821 900 976 981 Epicurus
1000 917 1019 964 a
1041 900 1148 981 parvis

89 1003 179 1082 petivit
199 1010 252 1068 aut
275 1002 368 1068 eham
391 1023 411 1068 a
431 1003 547 1082 bestiis,
568 1019 650 1084 quae
671 1009 762 1083 putat
783 1019 853 1066 esse
869 1003 996 1083 specula
1007 1009 1148 1082 neutrae,
1165 1003 1187 1069 5

91 1115 116 1168 ut
134 1105 243 1170 diceret
263 1106 304 1170 ah
325 1105 364 1170 iis
387 1106 464 1170 duce
486 1113 598 1170 natura
625 1103 705 1168 hano
732 1105 922 1186 voluptatem
948 1105 1051 1185 expeti
1073 1103 1149 1170 nihil

89 1207 201 1272 dolendi
244 1207 355 1289 h'eque
377 1207 458 1272 enim
480 1207 555 1272 haec
577 1225 701 1271 movere
723 1215 827 1288 potest
848 1206 1022 1287 appetitum
1044 1205 1147 1286 animi,

91 1327 134 1372 nec
152 1309 243 1374 ullum
265 1309 360 1374 habet
381 1310 484 1390 ietruu,
506 1327 568 1392 quo
591 1308 686 1390 pellat
708 1309 858 1388 animum,
892 1315 994 1374 status
1016 1307 1066 1373 hic
1088 1327 1148 1373 nou
1187 1395 1189 1401 ,

89 1410 208 1490 dolendi;
241 1413 348 1493 itaque
375 1412 406 1475 in
434 1411 492 1477 hoc
520 1413 629 1476 eodem
657 1419 765 1492 peccat
787 1411 1010 1492 Hieronymum
1044 1409 1150 1476 atille

145 1604 266 1649 iontem
284 1599 514 1664 iprooutetrhmlil
550 1599 703 1663 procoma]
738 1597 863 1663 maslai:
900 1602 923 1648 6.
939 1597 1149 1666 hetilonem.

89 1666 247 1746 atlftndolendi
267 1672 348 1733 expeti
370 1667 391 1716 L
462 1671 486 1722 l.
503 1669 586 1718 noch}
639 1673 663 1720 8.
686 1666 752 1716 allum
776 1668 798 1716 lt
866 1666 934 1716 ritum
953 1673 1010 1732 (pro
1028 1667 1149 1731 arnapi:

89 1753 149 1785 ucat
163 1745 245 1786 elotum
264 1752 352 1786 omnes

90 1912 263 1969 consecrandi
298 1911 443 1981 studium,
477 1911 556 1985 quod
583 1929 685 1968 omues
707 1909 884 1967 animalibus
905 1927 924 1965 a
945 1919 1051 1966 natura
1078 1909 1149 1966 insi·

90 2008 141 2052 tum
161 2016 220 2054 esse
242 1998 415 2054 concedent.
465 1998 591 2054 Videlicet
619 1994 804 2053 manifestam
827 2015 889 2054 rem
912 2003 942 2051 et
963 1995 1148 2070 perspicuam

89 2081 225 2156 significat.
280 2111 284 2116 v

161 2170 230 2243 quoi
257 2179 344 2225 toccien
370 2169 470 2240 chama)
499 2168 555 2224 etsi
579 2177 637 2224 tam
661 2166 753 2224 multa
774 2166 810 2222 de
832 2165 885 2222 illa
906 2165 1069 2222 indolentia
1090 2164 1149 2223 dis·

90 2254 184 2326 putatis
215 2265 244 2311 et
277 2273 342 2311 earn
376 2261 436 2310 tam
470 2253 623 2311 extollitis.
673 2251 766 2310 Gaius
789 2261 876 2308 tumea
898 2251 961 2308 vult
984 2269 1048 2308 esse
1070 2262 1148 2316 certe,

88 2340 181 2410 cahem,
213 2349 242 2396 et
273 2339 436 2396 sententiaa
457 2356 627 2415 repugnans
650 2335 761 2414 (neque
784 2337 862 2394 enim
884 2337 965 2395 aliud
987 2336 1149 2412 Epicureos

89 2425 192 2496 sentire,
213 2425 293 2482 aliud
316 2425 423 2495 dicere,
447 2424 551 2483 Cicero
574 2423 733 2500 significat)
756 2432 785 2480 et
799 2422 864 2479 usui
877 2422 1030 2497 loquendi3
1053 2440 1148 2496 neque

88 2509 153 2566 euim
173 2511 210 2567 ad
231 2531 296 2568 eam
319 2509 563 2587 significationem
586 2520 672 2566 terrica
693 2509 825 2578 inclinat,
848 2508 904 2566 nisi
927 2526 992 2564 cum
1016 2508 1149 2584 itapost-

89 2596 193 2668 ponitur
213 2597 368 2664 uocabulo,
391 2607 432 2666 ut,
456 2594 600 2670 quidquid
623 2595 659 2651 de
681 2595 748 2652 aliis
770 2594 858 2651 rebus
880 2594 940 2662 fist,
964 2593 1147 2651 hanctatnsn

88 2681 203 2756 (saltem)
225 2682 418 2758 excipiamus.
450 2681 617 2757 Dupliciter
639 2691 736 2738 autem
753 2679 977 2755 reprehenditur
993 2678 1149 2754 Epicurus,

89 2767 108 2820 si
127 2779 254 2824 movente
277 2768 429 2843 voluptate
452 2785 574 2843 puerum
597 2765 664 2823 duci
687 2767 778 2834 dieat,
807 2764 885 2839 quod
908 2775 1023 2840 turpem
1046 2765 1149 2840 volup·

89 2861 164 2909 tatem
185 2853 341 2911 excludere
363 2871 422 2911 non
444 2851 547 2930 possit,
571 2861 601 2908 et
622 2853 701 2926 quod
712 2859 865 2926 praeterea
887 2851 929 2908 sic
945 2849 1055 2908 animal
1065 2850 1148 2922 illud,

89 2938 155 3010 quod
174 2939 281 2997 totiena
303 2947 435 3015 usurpet,
459 2937 546 2995 modo
569 2947 669 2994 natum
692 2945 722 2994 et
744 2948 839 2994 ortum
862 2937 900 2993 ab
922 2936 982 2993 elia
996 2937 1148 3011 voluptate

90 3021 186 3082 initium
208 3024 367 3102 appetendi
398 3024 495 3099 capiat
522 3033 611 3098 atque
639 3041 688 3094 ea,
722 3023 752 3080 in
780 3041 839 3097 qua
866 3041 1011 3079 summum
1039 3022 1148 3078 bonurn

90 3105 217 3183 Epicurus
239 3119 347 3186 ponat,
371 3119 404 3166 ut
425 3110 541 3167 initium
564 3127 582 3164 a
604 3109 661 3166 tine
683 3109 838 3184 discrepet.
883 3107 1054 3167 Sententiae
1076 3107 1148 3164 satis

89 3192 169 3252 iacihs
200 3197 382 3254 enarrandae
417 3194 620 3254 necessitatem
638 3194 778 3270 imposuit
806 3193 874 3252 Gaii
907 3193 1040 3262 inscitia,
1074 3192 1148 3249 adeo

89 3281 249 3352 aberrantis,
279 3292 312 3339 ut
333 3283 411 3338 uliud
431 3283 533 3338 animal
553 3280 718 3355 scripserit,
753 3290 782 3336 et
804 3279 909 3338 Orellii
932 3297 1051 3354 prorsus
1073 3277 1149 3336 falsa

89 3367 238 3440 explicatio.
274 3367 353 3441 Quid
375 3378 454 3424 esset
470 3367 616 3442 proficisci,
639 3365 770 3441 intellegi
793 3374 917 3440 poteret,
941 3363 966 3421 si
989 3382 1063 3438 opus
1076 3374 1147 3422 erat.

89 3453 188 3520 eid?
211 3463 288 3510 extr.

159 3539 205 3595 32.
239 3558 310 3614 qima
328 3547 409 3614 pauit
430 3557 487 3594 essa
508 3538 617 3613 speculo
639 3535 766 3610 camurae)
789 3535 879 3594 Lenis
901 3545 946 3592 est
967 3535 1066 3598 irrisio
1077 3533 1149 3610 Epi·

89 3624 139 3680 turi
163 3645 179 3682 a
205 3625 313 3682 bestiis·
341 3632 515 3699 argumenta
542 3622 684 3680 ducentis.
729 3621 806 3679 Nam
835 3621 870 3678 de
893 3621 991 3696 pueris
1014 3620 1150 3677 similiter

89 3707 128 3765 atii
148 3709 313 3786 philosophi
325 3709 529 3784 loquebantur,
551 3709 630 3784 apud
640 3709 737 3783 ipsum
750 3707 921 3766 Ciceronem
933 3706 1149 3781 Peripateticus

91 3791 146 3851 Piso
165 3795 202 3868 V,
227 3798 265 3854 61
291 3807 321 3853 et
343 3795 470 3852 maxime
494 3794 543 3852 55.

157 3901 202 3940 nec
223 3880 321 3956 sillum)
356 3881 437 3938 Illum
459 3880 524 3937 edd.
548 3880 706 3954 quaedam,
745 3887 778 3936 ut
800 3877 906 3948 Mars,
936 3878 1031 3948 Mam,
1060 3876 1149 3935 Grut.

89 3965 148 4033 (non
168 3968 230 4024 cod.
254 3969 341 4037 Mor,
365 3974 398 4024 ut
419 3965 471 4025 Or.
494 3965 558 4042 ait),
582 3967 682 4022 uallum
704 3965 760 4040 Ux,
784 3963 870 4023 CCC.

158 4057 283 4124 uiciniam,
307 4052 410 4127 statua)
439 4051 570 4109 Evidens
592 4051 758 4108 emendatio
780 4050 913 4116 debetur,
936 4049 1055 4124 opinor,
1084 4049 1148 4105 Ma·

90 4138 165 4196 notio.
207 4139 301 4199 Codd.
323 4137 415 4208 Pali,
445 4136 539 4206 Oxm,
568 4135 636 4196 Gzii
660 4145 692 4194 ut
715 4136 786 4206 mei,
819 4136 884 4193 edd.
912 4153 1028 4210 quoque
1056 4133 1149 4192 Marsi

89 4233 111 4276 tt
130 4223 289 4282 Cratandri.

158 4323 186 4367 ot
212 4313 256 4368 ille
278 4309 369 4386 pellit)
403 4310 434 4367 Is
461 4309 577 4366 demum
606 4316 701 4366 status
728 4306 813 4382 pellit
845 4306 974 4363 animum
1003 4314 1032 4362 et
1059 4323 1150 4381 appe·

90 4391 159 4453 titum
180 4404 288 4468 movet,
311 4395 361 4471 qui
383 4395 544 4472 permulcet
567 4403 832 4451 sensummovente
855 4403 883 4449 et
907 4411 977 4449 vera
988 4391 1150 4467 voluptate,
