3000 5044
416 447 461 492 nr
484 445 566 492 nnn.
582 445 645 492 nm.
663 445 698 493 rv
721 445 794 493 can.
814 450 856 494 aa.
1099 429 1160 495 581

87 633 193 680 omnes
215 615 397 696 insipientes
419 615 483 680 sint
504 615 623 694 miseri,
657 616 742 697 quod
764 613 905 696 prolecto
928 623 1009 695 sunt,
1032 634 1094 681 non
1116 623 1165 682 est

86 726 191 782 tamen
214 735 313 798 aeque
335 717 444 797 miser,
472 717 525 798 qui
547 719 669 799 patriae
691 717 832 797 consulit,
864 725 897 783 et
925 717 967 798 is,
999 719 1054 800 qui
1080 718 1163 783 illam

86 819 253 884 extinctam
275 819 369 900 cupit
412 819 542 885 Levatio
564 821 659 902 igitur
685 819 832 884 vitiorum
854 837 966 901 magna
993 817 1030 884 fit
1055 821 1088 885 in
1115 820 1163 900 iis,

86 921 140 1002 qui
161 921 278 986 habent
298 920 497 986 advirtutem
519 922 749 1005 progressionis
760 921 960 1004 aliquantum.
994 923 1045 987 67.
1058 921 1164 987 Vestri

84 1029 189 1088 autem
204 1023 456 1104 progressionem
476 1025 518 1088 ad
539 1025 686 1090 virtutem
707 1021 776 1089 fieri
797 1023 894 1103 aiunt,
915 1023 1100 1090 levationem
1116 1024 1162 1088 vi-
1180 1027 1201 1092 5

85 1126 200 1190 uorum
221 1121 290 1189 fieri
312 1133 434 1206 negant.
483 1127 539 1206 At,
567 1146 629 1208 quo
650 1132 779 1191 utantur
805 1124 945 1191 homines
966 1125 1048 1191 acuti
1069 1144 1164 1208 argu-

84 1233 190 1292 mento
224 1228 265 1290 ad
298 1226 507 1308 probandum,
545 1245 660 1309 operae
698 1228 832 1310 pretium
870 1233 919 1294 est
956 1227 1163 1294 considerare.

156 1419 179 1464 ἱ.
198 1423 221 1464 et
238 1413 283 1478 lq'e
301 1415 321 1464 E
373 1419 396 1464 ³.
415 1413 440 1463 in
458 1429 508 1469 om.
527 1414 663 1466 LPcROr.
712 1415 749 1464 la
767 1417 786 1465 L
803 1414 825 1464 e'o
844 1417 864 1464 (Σ
908 1420 932 1464 4.
951 1413 1124 1479 aliquantulum
1142 1414 1163 1468 C

87 1489 112 1536 6.
130 1482 168 1532 ad
184 1483 249 1548 quod
265 1482 310 1532 ΕΡ
345 1491 441 1532 aarum
457 1483 549 1534 ELPR
566 1484 671 1534 adumar
688 1482 755 1535 COr.
792 1487 815 1536 7.
834 1483 952 1548 corfidere
969 1485 988 1534 E

84 1675 160 1730 boat
180 1671 253 1752 (aad
273 1675 342 1731 decb
363 1671 441 1753 eben)
462 1685 552 1749 atque
575 1694 594 1732 a
616 1675 779 1732 sententiae
790 1693 947 1752 progressu
969 1693 1091 1751 prorsus
1111 1675 1164 1732 ab·

84 1761 266 1830 horrentem,
289 1760 369 1818 Livii
390 1756 434 1839 (p.
455 1759 529 1838 141)
552 1779 610 1818 non
632 1760 852 1837 interpretetur.
895 1759 1008 1818 Eadem
1026 1769 1072 1818 est
1086 1761 1164 1818 ratio

83 1844 298 1921 porticanorum
320 1849 347 1903 ai
366 1849 429 1918 ιἀηι,
452 1846 560 1921 quibus
582 1845 718 1903 Handius
745 1846 836 1903 miras
858 1845 1087 1923 significationes
1108 1863 1164 1903 nec

83 1931 123 1986 ab
146 1931 278 2006 ipsarum
301 1939 408 1988 nature
429 1933 524 2008 magis
545 1949 633 2006 qnam
656 1949 675 1988 a
697 1931 879 2008 singulorum
901 1929 1033 1989 locorum
1046 1939 1163 1989 senten·

85 2017 129 2073 tia
151 2015 264 2073 alienas
286 2016 399 2074 tribuit
445 2016 628 2094 Significatio
650 2035 669 2074 a
691 2017 846 2092 temporali
868 2017 930 2088 illa,
953 2020 1077 2092 quatiam
1090 2025 1163 2074 tenr-

84 2121 142 2177 pus
164 2119 305 2176 praesens
327 2120 346 2159 a
367 2103 519 2178 superiore
540 2111 686 2160 mutatum
708 2111 801 2174 notat,
823 2103 929 2160 leviter
939 2102 1086 2160 transiens
1096 2121 1163 2178 per·

84 2187 161 2264 spici
184 2195 283 2263 potest
303 2187 334 2244 in
356 2187 408 2246 illo
430 2189 497 2264 ipso
518 2188 600 2260 loco,
628 2206 715 2263 quem
737 2189 865 2264 primum
886 2188 1023 2246 Handiue
1050 2187 1164 2264 posuit3

85 2273 142 2330 hoc
166 2273 243 2329 enim
262 2272 367 2332 Cicero
379 2273 450 2331 dicit
462 2272 541 2352 (Cat.
553 2275 578 2347 1,
592 2272 640 2349 5):
662 2273 824 2350 Fingamus
840 2291 897 2346 me,
909 2274 947 2332 ab
959 2291 1004 2346 ea,
1026 2291 1086 2348 que
1095 2273 1165 2330 hac·

86 2369 175 2416 tenus
196 2376 268 2416 usus
290 2377 370 2430 sum,
404 2360 519 2417 ratione
546 2359 760 2431 discedentem,
793 2377 872 2416 nunc
899 2368 928 2417 te
956 2357 1165 2435 comprehendi

85 2444 190 2501 iubere
213 2452 267 2501 cet.
302 2443 519 2522 (ExCieerone
541 2445 610 2503 addi
631 2453 731 2521 potest
751 2463 806 2521 pro
828 2445 924 2502 Balbo
938 2445 976 2502 37
996 2442 1165 2502 etiortasse

86 2527 170 2606 alia.)
214 2529 258 2606 Ut
279 2530 317 2587 ad
338 2549 401 2588 rem
423 2531 592 2602 redeamus,
615 2539 734 2588 veteres
753 2529 812 2602 illi,
840 2549 966 2605 quorum
988 2529 1165 2588 sententiam

86 2614 193 2674 Cicero
216 2616 355 2691 persequi
376 2617 450 2688 vult,
473 2634 540 2674 cum
563 2616 705 2693 sapientis
726 2633 884 2692 personam
906 2615 1164 2692 abineipientibua

86 2720 145 2758 non
168 2710 230 2757 tam
252 2701 386 2777 praeciso
408 2702 466 2759 fine
489 2711 670 2778 separarent,
693 2701 745 2758 vix
768 2719 869 2760 omnes
892 2720 952 2773 eos,
975 2719 1049 2776 quos
1072 2699 1165 2761 Stoici

86 2785 262 2862 insipientes
284 2787 489 2863 appellabant,
518 2788 641 2846 miseros
669 2805 734 2845 esse
763 2788 930 2846 concessuri
954 2795 1052 2859 erant,
1085 2786 1165 2861 quod

86 2871 159 2928 facit
181 2869 295 2931 Cicero.

166 2959 203 3030 fit
224 2961 252 3014 in
273 2953 323 3036 iia)
358 2956 409 3018 Sic
430 2976 495 3016 esse
522 2957 552 3014 in
575 2959 639 3015 cod.
662 2957 734 3030 Erl,
758 2956 853 3017 Gaius
874 2959 981 3028 temrit3
1011 2958 1111 3032 itaque
1133 2957 1164 3014 in

89 3041 166 3118 Spir.
189 3041 279 3100 etiam
301 3043 550 3119 praepositionem
572 3041 665 3101 fuisse
687 3051 768 3118 puto.
802 3040 886 3120 [Non
913 3043 1004 3101 habet
1025 3061 1090 3100 eam
1113 3039 1164 3120 Β.]

90 3127 247 3185 Locutioni
269 3128 351 3185 huic:
375 3131 469 3186 leootm
484 3131 520 3203 si
525 3139 534 3186 t
556 3129 664 3187 Latina
680 3129 891 3186 consvetudine
903 3147 961 3185 non
974 3138 1036 3186 tam
1047 3127 1164 3185 dativus

90 3223 176 3288 aptus
198 3222 244 3270 est
265 3231 352 3288 quam
376 3214 568 3291 praepositio,
591 3214 687 3272 locum
711 3221 741 3270 et
764 3213 863 3271 sedem
886 3213 1164 3270 actionisindicans.

89 3299 161 3355 Mox
189 3301 387 3373 aliquantulam
414 3319 452 3357 ex
480 3301 525 3358 ed.
553 3301 649 3377 prima
676 3298 714 3356 ad
736 3299 816 3356 Man.
845 3307 876 3356 et
910 3298 985 3356 alios
1017 3297 1163 3367 manavit3

89 3391 168 3440 recte
191 3383 307 3441 codices
328 3385 455 3457 Davisii,
479 3386 531 3460 qni
552 3384 729 3454 emendavit,
752 3382 842 3456 Oxx,
865 3382 942 3443 Gaii.

177 3469 226 3526 67.
258 3471 307 3542 At,
330 3489 384 3546 quo
405 3481 516 3528 amatur
542 3504 584 3513 —
606 3467 774 3546 armamento)
819 3471 936 3529 Utunorr
968 3468 1107 3527 scribitur
1133 3467 1164 3525 in

91 3553 260 3612 melioribus
282 3556 442 3625 codicibus,
466 3565 498 3614 ut
519 3557 550 3614 in
573 3553 638 3637 [B,]
656 3556 751 3613 tribus
774 3551 1164 3633 opulentissimaque),

92 3649 122 3696 et
143 3640 241 3698 multis
264 3641 331 3698 aliis
353 3639 444 3718 (Pell.
466 3642 581 3716 aliquot
603 3641 730 3712 etDev,
753 3641 811 3701 Ox.
822 3636 865 3724 χ),
888 3651 918 3699 et
936 3639 1165 3699 tenueruntedi·

91 3733 169 3782 tores
189 3735 258 3783 ante
281 3727 436 3785 Davisium
459 3725 521 3784 fere
544 3747 660 3797 omnes3
682 3727 790 3802 reliqui
813 3727 928 3786 codices
940 3725 1101 3784 deteriores
1112 3726 1164 3782 ha·

91 3810 161 3868 benc
181 3815 301 3869 nitantur
323 3809 414 3894 (Poll.
428 3812 457 3884 3,
470 3815 498 3883 6,
521 3813 629 3884 Marad„
652 3807 732 3887 Εξψ,
756 3814 835 3884 Bau,
859 3811 938 3872 Gud.
954 3815 980 3880 l,
1003 3812 1094 3882 Mou,
1118 3811 1163 3868 ed.

92 3913 118 3951 a
143 3895 249 3979 1480),
273 3898 353 3972 quod
365 3896 458 3957 Gaius
480 3899 595 3968 ascivit,
619 3899 644 3956 si
655 3908 767 3956 amator
788 3898 942 3969 scribatrm,
956 3897 1167 3954 ‘abundaread

89 3983 257 4056 proheredum
283 3993 407 4060 putans3
448 3984 496 4041 cui
523 3983 665 4042 orationis
692 3985 795 4060 copiae
824 3983 907 4040 verbi
940 3983 1063 4041 mutatio
1090 3981 1165 4039 nihil

93 4085 209 4140 prorsus
231 4069 368 4127 detrahit.
413 4067 472 4129 Sed
495 4077 524 4126 et
546 4071 618 4127 ordo
642 4069 797 4127 verborum
819 4078 850 4126 et
871 4069 1017 4127 sententia
1032 4069 1098 4145 ipsa
1114 4067 1164 4124 de-

95 4163 262 4224 monstrant,
285 4155 315 4211 in
338 4155 512 4231 pronomine
530 4173 583 4230 qao
598 4155 860 4232 interrogationem
871 4173 951 4224 esse3
973 4153 1164 4229 nequeenim

94 4237 147 4294 hoc
166 4241 282 4313 dieitur,
304 4249 520 4336 argumentum,
543 4259 601 4315 quo
624 4249 753 4310 utantur,
776 4241 806 4297 id
827 4259 881 4316 per
903 4259 934 4298 se
956 4239 1165 4298 esseconside-

95 4323 201 4383 ratione
223 4327 354 4403 dignum,
377 4327 429 4385 sed
451 4327 695 4385 considerandum
712 4343 785 4397 esse,
808 4325 895 4401 quale
917 4343 1063 4401 quamque
1079 4323 1165 4383 futile

95 4421 291 4485 argumentum
314 4410 448 4470 afferant.
481 4415 586 4487 Itaque
603 4413 744 4470 Davisius
761 4412 955 4470 etErnestins
976 4420 1125 4486 tamquam
1148 4428 1165 4468 e
