2928 5012
531 449 723 496 rnnarnrro.
1104 429 1148 493 tx

72 636 129 682 eas
152 619 335 698 scripturas,
358 637 436 699 quos
460 617 614 683 Gruterus
635 619 667 682 in
691 618 772 682 notis
794 617 913 698 posuit,
936 635 1028 682 unam
1051 625 1083 682 et
1103 618 1148 682 al·

73 738 184 802 teram,
207 726 338 791 minoris
359 725 426 792 iare
447 727 607 802 momenti,
630 726 723 791 tacite
745 743 762 790 e
784 724 849 790 Pal.
868 727 883 789 1
910 725 1080 806 sumpsisse
1102 726 1147 790 vi·

74 835 182 910 detur,
216 853 298 914 quoe
326 853 426 916 neque
452 843 525 900 ante
551 853 622 899 eum
649 835 804 915 reperitur
831 841 863 898 et
890 852 971 898 nunc
998 853 1018 898 a
1044 834 1149 899 codice

75 941 262 1023 Erlangensi
283 943 493 1022 confirmatur,
515 951 550 1007 ut
570 943 594 1020 l,
612 943 654 1007 bb
676 941 715 1006 sit
735 961 797 1005 noo
818 939 927 1022 dolare,
955 941 995 1021 11,
1019 943 1061 1006 20
1082 961 1149 1004 eom

76 1049 185 1128 ipsam,
206 1051 251 1114 45
272 1048 342 1114 ulios
363 1049 474 1128 mettim
496 1053 537 1116 59
560 1049 655 1131 deque
675 1049 722 1114 tts
742 1049 838 1130 rebus,
861 1051 903 1114 84
917 1049 1146 1130 posscratont,
1271 1075 1276 1088 ⁸

78 1157 342 1239 nbipitnripsam.
376 1159 426 1237 (ln
448 1159 584 1241 quinque
607 1179 624 1224 e
646 1177 700 1224 ser
722 1159 1148 1224 locistentumverbatrons-

77 1269 261 1347 mnuntur.)
294 1267 394 1350 [llaec
415 1286 496 1333 nunc
517 1267 861 1344 omniaconfirmantur‚
884 1268 1073 1346 totocodice
1096 1268 1149 1348 qui

77 1376 107 1438 in
131 1375 315 1440 bibliotheca
336 1376 488 1440 Vaticana
509 1384 652 1440 servatur
679 1377 759 1441 inter
785 1385 904 1440 ceteros
926 1375 1084 1440 Palatinos
1112 1394 1149 1440 eo

77 1483 256 1562 translatos,
268 1503 297 1548 n.
313 1485 403 1562 1513,
425 1485 687 1562 membranaceus,
709 1483 823 1548 saeculi
834 1483 994 1562 undecimi,
1007 1503 1026 1548 a
1038 1483 1148 1548 Corolo

78 1589 202 1654 Prienio
213 1591 377 1673 diligenter
387 1593 508 1670 collato,
530 1611 622 1673 qmm
635 1593 828 1656 collationem
850 1609 887 1656 ex
910 1591 1022 1656 Halmii
1034 1598 1066 1656 et
1076 1590 1148 1658 Bai-

1 1717 2 1720 ¹
79 1699 138 1762 teri
159 1699 293 1764 editione
315 1705 411 1764 totam
423 1719 516 1781 quam
527 1701 614 1781 potui
625 1700 854 1765 accuratissime
870 1700 901 1764 in
913 1700 993 1764 hanc
1003 1701 1148 1765 transtuli
1224 1737 1229 1752 ·

1 1801 2 1842 ³
80 1807 120 1870 ad
143 1819 281 1871 nosturm
303 1817 479 1873 contextum
490 1809 761 1886 accommodatam,
783 1817 826 1885 ut,
850 1808 925 1872 side
947 1827 984 1872 eo
1005 1809 1148 1874 invarie-

80 1924 144 1978 tate
165 1915 338 1995 scripturae
360 1916 476 1995 siletur,
499 1935 569 1981 cum
591 1923 736 1981 contextu
759 1915 934 1980 consentire
944 1915 1148 1999 intellegatur.

82 2022 213 2086 Tantum
236 2031 387 2088 retentam
409 2033 598 2089 mutatamve
619 2025 651 2088 in
673 2023 858 2088 accusativis
880 2025 991 2088 tertiae
1012 2025 1147 2090 decina-

81 2129 171 2194 tionis
193 2131 398 2212 antiquiorem
420 2132 666 2197 terminationem
689 2130 808 2210 (omnis,
831 2135 958 2212 ornum),
987 2151 1079 2214 quam
1101 2135 1148 2199 in-

1 2315 2 2334 }
81 2240 284 2302 constantiam
295 2239 441 2304 Baiterus
451 2241 482 2304 in
495 2259 551 2304 suo
564 2245 708 2305 contextu
719 2241 911 2321 expressisse
923 2240 1053 2318 videtur,
1065 2242 1149 2306 nolui

81 2345 152 2410 inde
171 2365 346 2427 excerpere.
392 2347 536 2414 Codicem
557 2354 592 2412 ut
613 2347 757 2412 Baiterus
771 2349 795 2411 Α
809 2347 977 2428 appellavi3
1001 2368 1148 2415 nunrerus

1 2509 2 2518 ,
81 2455 204 2518 addimus
224 2455 384 2537 antiquam
406 2475 529 2520 manum
551 2465 583 2521 et
603 2456 803 2521 recentiorem
825 2454 1009 2538 distinguit]

164 2562 292 2630 Praeter
317 2563 416 2644 ipsius
438 2563 565 2629 Gruteri
592 2564 712 2629 codices
742 2563 870 2635 „Damel
893 2563 1039 2629 Heinsius
1067 2566 1149 2631 misit

82 2671 211 2734 adeum
234 2672 357 2752 loscpbi
380 2672 526 2753 Scaligeri
547 2672 666 2750 librum,
690 2673 738 2737 cui
748 2691 879 2754 magnus
902 2673 952 2736 ille
969 2674 1017 2736 vir
1030 2675 1148 2754 ascrip-

83 2789 163 2842 serat
183 2779 333 2844 lectiones
355 2780 511 2844 vadantes
534 2781 647 2845 codicis
669 2781 802 2845 veteris*
833 2781 937 2864 (Grut.
960 2783 1038 2846 adl
1061 2801 1085 2846 c.
1104 2784 1146 2862 2).

1 2953 2 2964 ¹
82 2885 111 2949 ls
134 2888 229 2951 codex
250 2889 336 2968 apud
358 2887 527 2952 Gruterum
549 2889 764 2970 Scaligeranus
787 2889 971 2970 appellatur,
993 2890 1148 2955 interdum

83 2993 267 3076 {Scaligerani
288 2995 358 3060 libri
380 3015 487 3078 margo
499 2998 553 3076 (ad
564 2998 588 3076 Ι,
602 2999 665 3080 16),
687 2997 745 3062 hoc
762 2978 822 3075 est'
840 3016 901 3061 non
914 2998 1028 3063 codicis
1040 3017 1148 3064 manu·

1 3155 2 3178 ,
83 3103 186 3183 scripti
203 3121 322 3185 margo,
344 3105 399 3168 sed
422 3105 576 3184 scripturn
598 3123 635 3169 ex
656 3105 708 3170 illo
730 3104 762 3168 in
784 3105 923 3186 margine
935 3108 1063 3188 exempli
1076 3107 1149 3171 editi

1 3225 2 3308 3
82 3221 240 3281 annotata:
264 3211 432 3293 eodemque
453 3213 545 3277 modo
561 3212 614 3276 illa
629 3213 765 3294 intellegi
777 3213 931 3278 Gruterus
943 3213 1047 3291 voluit,
1070 3233 1149 3296 quae

1 4443 3 4566 l

82 3319 218 3400 ambigue
240 3326 275 3384 et
294 3320 493 3401 neglegenter
513 3321 631 3401 posuit:
657 3321 813 3402 „Scaliger
834 3323 874 3385 ad
897 3339 983 3385 oram
999 3321 1068 3386 libri
1080 3323 1146 3386 sui“

83 3427 132 3491 tad
153 3427 176 3498 L
195 3429 229 3504 7)
253 3434 325 3492 ant:
367 3427 432 3498 „Sc
461 3430 501 3492 ad
524 3448 611 3493 oram
638 3429 706 3494 libri
729 3429 852 3493 allevit“
879 3431 933 3509 (ad
956 3431 979 3507 Ι,
1004 3431 1058 3511 12)
1080 3439 1147 3494 aut:

85 3535 481 3616 .Sc.librosuoosc1ipsit“
500 3539 555 3616 (ad
566 3537 606 3615 ΙΙ,
620 3538 660 3602 16
672 3536 738 3616 bis).
751 3523 820 3602 wsive
834 3537 1022 3619 „ascriptum
1033 3538 1146 3602 habet“

82 3644 132 3716 tad
153 3644 193 3720 IL
213 3647 283 3724 1δ);
317 3661 503 3725 qtmmquam
530 3645 700 3724 interdum,
734 3645 826 3709 etiarn
848 3645 899 3709 ubi
921 3655 1029 3726 aperte
1052 3647 1149 3710 codex

81 3750 264 3831 appellatur,
287 3761 341 3816 aut
363 3752 538 3818 coniectura
560 3753 689 3818 subesse
712 3753 834 3818 videtur
856 3757 911 3818 aut
933 3755 1089 3835 scriptura
1111 3772 1148 3818 ex

81 3858 136 3922 aba
157 3859 317 3924 deteriore
338 3859 442 3925 codice
464 3867 625 3940 annotata,
658 3868 694 3926 ut
714 3861 738 3938 Ι,
762 3863 779 3925 7
809 3871 885 3924 (oon
906 3859 1011 3936 aab),
1045 3863 1084 3940 ΙΙ,
1107 3865 1148 3928 66

81 3965 261 4048 (migeti
282 3976 372 4032 vetus
393 3967 527 4033 habebat
553 3972 662 4032 testoto
683 3969 761 4032 tinou
786 3988 854 4034 cum
876 3971 922 4034 El.
947 3973 994 4047 1),
1028 3971 1084 4048 Ill,
1106 3972 1148 4034 42

82 4075 209 4140 irotr'one
229 4095 335 4138 aarum
356 4076 431 4157 qa).
476 4075 556 4142 Illud
567 4078 688 4154 mirum,
712 4079 795 4158 quod
817 4079 858 4142 ad
880 4090 1025 4159 quartum
1035 4077 1148 4142 librum

82 4183 174 4248 subito
188 4184 270 4248 haec
286 4183 474 4248 obiciuntur:
499 4185 672 4265 „quomodo
683 4185 789 4267 (ctione
799 4183 994 4265 explicandae
1004 4185 1147 4264 romnis)

81 4293 164 4356 etiam
175 4292 289 4358 laudat
301 4311 338 4354 ex
351 4291 472 4372 Ciriacii
482 4301 567 4373 put0,
579 4293 765 4358 membranis
778 4294 933 4375 Scaliger*
947 4295 1002 4375 (ad
1014 4313 1037 4358 c.
1052 4296 1079 4372 7,
1094 4296 1148 4374 18)

1 4409 2 4424 ’
82 4409 108 4460 et
127 4399 214 4464 baec:
236 4398 378 4480 ·„Aptius
399 4397 509 4478 libellis,
531 4401 614 4480 quod
636 4419 653 4464 e
676 4401 789 4466 Ciriacii
813 4400 916 4466 codice
938 4411 1148 4467 annotatuma
