2928 5012
353 435 489 498 xxtlll
797 448 992 495 rnnarfflo.

353 623 454 687 minus
484 621 578 695 notis)
610 639 718 684 vorum
745 618 883 683 servavit
910 622 959 696 (ut
986 619 1031 697 ΙΙ,
1053 619 1095 682 20
1116 638 1149 680 re
1175 635 1283 697 neque,
1311 617 1355 679 24
1378 637 1448 697 qn

354 732 440 808 terras,
470 733 511 794 sod
541 727 687 808 Coqrioni
720 747 788 793 cum
818 727 1015 808 Sooligerano
1044 733 1079 790 et
1102 725 1286 802 Moreliano‚
1317 727 1384 789 104
1427 727 1448 784 27

353 843 433 916 tarra,
467 839 551 919 quod
573 838 672 902 altera
694 854 804 900 manus
827 836 935 899 eodem
958 835 1049 898 modo
1072 834 1223 914 corrupit,
1252 851 1313 914 quo
1337 843 1448 898 ceter

353 947 489 1026 codices)
518 954 573 1009 aut
594 944 726 1025 vestigia
748 944 813 1008 veri
837 942 896 1027 (ll,
914 945 955 1007 26
977 947 1006 1005 et
1026 942 1222 1020 mesurae,
1255 941 1303 1005 oui
1333 942 1448 1006 alter:

355 1073 467 1118 manus
490 1059 574 1118 recte
603 1051 832 1133 emuniuit),
856 1059 959 1116 tamen
976 1050 1044 1114 aliis
1065 1049 1141 1114 loeis
1168 1051 1244 1132 (non
1273 1050 1375 1114 solum
1413 1053 1448 1115 ir

354 1161 525 1226 manifestis
547 1161 607 1225 illis
630 1162 696 1225 ood.
719 1161 746 1222 A
774 1159 908 1236 mendis,
931 1177 1012 1239 quae
1041 1157 1264 1239 supraposui)
1287 1157 1448 1223 BetErl

355 1288 461 1334 veram
490 1269 676 1350 scripturam
702 1269 733 1332 in
767 1269 795 1331 A
828 1267 1036 1330 oblitteratam
1069 1285 1086 1330 e
1119 1265 1222 1330 codice
1262 1265 1448 1348 archetypa

354 1383 522 1442 tenuerunt
552 1385 601 1455 (ut
633 1378 678 1454 ΙΙ,
710 1379 750 1440 ld
779 1375 878 1440 solum
899 1379 1007 1454 putat,
1042 1377 1081 1438 27
1116 1373 1266 1455 equidm,
1295 1376 1336 1438 74
1372 1377 1448 1438 enti-

354 1486 469 1558 stiram,
500 1488 541 1550 83
563 1507 605 1548 an
627 1504 710 1562 oraro,
741 1486 783 1548 sl
799 1487 985 1562 praecentet,
1009 1483 1061 1546 ubi
1083 1483 1114 1547 in
1137 1486 1162 1546 A
1187 1483 1279 1546 etiam
1302 1485 1448 1564 vestigia

354 1596 421 1658 veri
444 1595 566 1662 sublata
589 1598 688 1674 sunt),
712 1601 746 1655 ut
767 1590 904 1672 pariere
931 1591 973 1655 sit
993 1591 1177 1660 auotoritas,
1200 1591 1355 1654 rationum
1369 1611 1448 1656 mo·

355 1705 467 1768 mentis
480 1701 691 1784 ponderanda.
706 1707 733 1780 ¹)
767 1703 870 1780 Atque
892 1705 940 1762 est
961 1699 1063 1776 etiarn,
1085 1698 1137 1762 ubi
1160 1699 1191 1762 in
1215 1699 1305 1762 read
1323 1717 1448 1763 errem·

357 1814 432 1878 dum
454 1810 583 1892 proclin‘
605 1809 685 1874 alter
707 1827 744 1872 ox
766 1808 825 1871 illis
838 1807 1077 1871 duobusverum
1090 1807 1230 1884 servarit
1252 1807 1351 1870 altero
1365 1825 1448 1872 cun

356 1923 384 1984 A
403 1920 578 1984 aberrante.
612 1918 691 1981 lt'em
714 1923 749 1979 ut
770 1916 897 1980 Baitero
920 1915 1054 1978 codicem
1067 1915 1289 1996 Erlangensem
1312 1917 1448 1980 mendis

356 2029 515 2110 aliquanto
545 2025 783 2106 inquinatiorem
806 2043 900 2104 quem
921 2022 947 2085 B
969 2023 1117 2087 iudicanti
1138 2023 1178 2086 de
1194 2041 1323 2087 numero
1346 2041 1448 2088 erro·

357 2154 427 2199 rum
455 2153 517 2198 non
545 2151 686 2214 repugno
709 2133 915 2214 (quemquem
937 2131 977 2208 Η,
995 2133 1035 2196 38
1063 2129 1340 2212 relinquentem
1362 2137 1448 2196 ante

353 2240 471 2324 popolo
493 2250 525 2306 et
546 2243 589 2306 50
604 2244 733 2320 proptor
758 2237 910 2319 populare
936 2239 977 2302 sie
1004 2249 1035 2303 et
1061 2239 1123 2303 alia
1146 2239 1255 2303 similia
1282 2237 1309 2301 B
1337 2239 1448 2306 solius

358 2349 460 2434 sunt),
494 2351 538 2414 ita
565 2349 655 2413 video
677 2349 718 2426 11,
742 2349 778 2411 17
802 2347 834 2410 in'
857 2347 919 2410 Erl.
948 2347 1013 2411 solo
1042 2353 1200 2411 servatum
1229 2365 1337 2410 verum
1365 2366 1448 2414 esst

359 2458 471 2540 (puqai
492 2455 625 2535 surdoe,
647 2455 674 2519 B
697 2475 766 2520 curn
778 2455 1032 2536 ueteremque),
1054 2455 1094 2531 ll,
1108 2457 1168 2518 108
1185 2473 1254 2519 eum
1271 2473 1340 2519 omn
1354 2455 1447 2535 Spin·

358 2573 389 2630 et
411 2566 552 2645 margine
576 2565 658 2629 Crat
682 2571 789 2628 tenere
806 2564 899 2627 verba
916 2562 986 2626 inB
1003 2571 1034 2626 et
1045 2563 1156 2627 ceteris
1168 2563 1292 2640 omissa,
1315 2562 1355 2638 ΙΙ,
1376 2565 1447 2626 11ῐ

357 2673 389 2736 in
413 2692 451 2738 eo
473 2681 505 2736 et
527 2672 735 2737 deterioribus
758 2679 841 2735 reete
863 2671 1012 2751 scriptum
1035 2689 1104 2734 esse
1126 2691 1147 2732 a
1169 2669 1342 2748 etiaim-ibus,
1365 2670 1447 2734 inl

358 2788 390 2846 et
412 2783 439 2844 A
462 2779 624 2844 amor-ibas.
668 2779 770 2843 Etiam
793 2779 833 2857 ΙΙ,
851 2780 891 2843 39
915 2777 941 2840 Β
969 2796 1107 2842 errorem
1135 2797 1326 2842 communem
1354 2799 1447 2844 nov(

255 2885 259 2894 '
358 2907 465 2954 errore
488 2889 574 2951 auxit
595 2887 706 2970 (orando
726 2885 895 2966 αᾱέιιησίίο)
919 2893 951 2950 et
972 2885 1009 2963 V,
1021 2887 1063 2950 55
1086 2893 1179 2950 tenue
1195 2886 1447 2967 vestigiumveri

359 2994 459 3070 (etalio
480 3015 517 3060 ex
539 2993 671 3078 motulis)
695 2994 821 3058 sustulit
837 2991 1000 3075 (eradius).
1039 2995 1142 3074 Atque
1169 2993 1238 3074 ipsa
1266 2995 1332 3072 illa,
1356 3013 1447 3075 quae

361 3104 482 3168 codices
504 3103 676 3167 deteriores
686 3102 869 3183 inquinavit
890 3099 1089 3182 interpolatio
1112 3110 1258 3182 suscepta
1278 3101 1368 3166 initio
1392 3111 1447 3167 est

357 3212 387 3276 in
412 3211 517 3276 codiee
539 3231 575 3276 ex
599 3209 768 3291 archetypo
791 3210 931 3274 similiter
947 3210 1083 3290 etqneA
1101 3217 1132 3273 et
1142 3208 1234 3273 Bldrl.
1258 3219 1341 3288 ort03
1366 3231 1447 3274 nam

357 3321 534 3401 nequeexA
547 3335 647 3399 neque
659 3335 695 3380 ex
708 3317 847 3382 oodioum
853 3316 944 3381 BErl.
955 3324 1087 3396 parente
1099 3325 1199 3380 ortam
1210 3317 1293 3381 illam
1306 3317 1447 3398 stirpem

358 3445 436 3504 esse,
460 3445 498 3490 ne
520 3426 580 3490 alia
592 3426 763 3506 anquimm,
786 3425 1003 3488 demonstrant
1020 3443 1080 3488 non
1098 3425 1206 3505 paucis
1224 3424 1299 3488 locis
1312 3437 1447 3490 somate

356 3533 388 3598 in
411 3534 460 3598 his
472 3533 626 3597 codicibus
638 3532 734 3597 verba
745 3532 867 3613 singula
878 3533 1016 3612 plurave,
1039 3533 1245 3614 quaepartim
1260 3533 1447 3598 inAomit-

357 3649 466 3705 tuntur
479 3641 594 3719 (utili,
606 3643 647 3705 26
670 3649 702 3704 et
718 3642 783 3720 29),
806 3640 962 3720 partimin
975 3639 1065 3704 BErl.
1080 3646 1220 3721 (utquee
1237 3641 1447 3722 supraposui

358 3853 561 3861 *—

389 3977 406 4028 ¹t
429 3975 524 4042 [Altera
545 3989 638 4025 uranus
662 3975 759 4024 codicis
783 3977 802 4025 A
827 3976 958 4024 interdum
977 3975 1127 4026 manifestos
1148 3989 1246 4026 errores
1266 3981 1389 4032 correxit,
1413 3983 1443 4024 ut

427 4062 455 4119 ll,
476 4061 509 4112 38
542 4067 609 4110 recte
634 4061 694 4110 leoli
717 4073 802 4121 expers
824 4061 984 4122 probabitur,
1014 4061 1047 4114 78
1070 4065 1198 4110 revocuvlt
1221 4076 1298 4124 quom
1317 4061 1374 4116 dio.
1405 4062 1442 4111 §³2

428 4150 539 4196 restitull
558 4147 622 4195 alter
641 4159 686 4208 pro
705 4145 791 4200 aliter.
812 4157 840 4194 ex
860 4159 910 4208 quo
931 4147 1037 4204 mendo,
1065 4147 1132 4208 quod
1153 4147 1200 4197 lult
1219 4149 1295 4196 etlam
1317 4150 1341 4196 lu
1363 4148 1439 4196 dete-

428 4233 524 4280 riorum
544 4233 622 4288 ionte‚
642 4235 732 4280 natum
751 4235 790 4278 est
808 4229 883 4278 aliter
901 4245 984 4292 qoam,
1003 4231 1072 4287 ullbl,
1094 4236 1122 4279 ut
1140 4231 1175 4286 ru.
1195 4231 1319 4281 mendum
1340 4233 1439 4282 mendo

426 4319 511 4374 auxit,
545 4323 572 4365 ul
592 4317 620 4374 ll,
639 4315 673 4366 44
696 4329 755 4364 eum
779 4328 825 4377 pro
850 4316 872 4364 r's
902 4319 1026 4378 scriptum
1051 4321 1119 4365 esset
1142 4317 1191 4372 hir,
1216 4330 1262 4380 pro
1285 4317 1357 4364 Addet
1377 4319 1439 4366 lenit

425 4397 533 4465 habent]
