2928 5012
307 403 412 470 LVIII
742 423 939 470 emerium.

306 593 550 660 accommodavit
575 593 616 658 ud
644 611 734 656 suum
756 591 924 658 cousIlium
979 593 1061 658 Nam
1088 611 1157 658 oum
1186 613 1247 659 non
1269 612 1332 658 una
1355 601 1390 658 et

305 703 459 768 communi
480 703 663 784 quaestione
684 710 902 783 argumentum
913 702 1195 782 comprehensurus
1210 709 1302 780 essen
1328 702 1388 766 scd

306 810 499 893 singularum
521 809 754 890 discipliuarum
775 811 902 875 decreta
924 810 1137 891 expositurum
1170 809 1201 874 in
1225 815 1289 874 tres
1313 827 1385 874 uer-

305 938 413 984 moues
436 929 576 1000 tempore
598 918 739 983 diversos
751 937 831 999 opus
842 918 1008 997 discubuit,
1032 918 1304 1000 quorumprimun
1327 917 1385 998 quui

307 1029 346 1092 de
367 1027 521 1108 Epicurea
543 1026 739 1108 philosophia
762 1033 818 1106 est„
839 1026 921 1090 iuter
944 1026 1123 1092 Olceronem
1145 1032 1176 1091 ei
1188 1025 1222 1090 L.
1235 1025 1390 1090 Manlium

307 1136 500 1216 Torquatum
523 1139 555 1200 et
576 1135 609 1200 C.
632 1135 792 1200 Valerium
814 1135 970 1200 Triarium
992 1135 1027 1200 L.
1049 1134 1157 1214 Paulo,
1180 1134 1212 1200 C.
1237 1134 1389 1200 Marcello

306 1243 484 1308 oonsuhbus
505 1261 533 1307 a.
557 1243 600 1308 50
620 1262 648 1307 a.
672 1243 743 1309 Chr.
759 1244 791 1308 in
809 1243 965 1308 Ciceronis
987 1243 1061 1308 villa
1088 1243 1228 1308 Cumana
1255 1243 1384 1308 habitus

305 1350 433 1434 fingitur
454 1351 530 1433 (vid
552 1369 671 1433 argum.
693 1351 744 1416 lib.
764 1353 808 1432 Ι),
837 1353 1006 1431 secundm,
1035 1351 1068 1416 in
1090 1370 1152 1434 quo
1175 1351 1278 1416 Stoica
1301 1357 1387 1429 suut,

305 1461 388 1526 inter
410 1460 590 1525 (homonem
617 1465 650 1524 et
676 1460 718 1525 hl.
742 1460 890 1530 Catonem
917 1461 950 1524 in
977 1459 1097 1524 Luculli
1126 1459 1304 1524 Tusculano
1329 1459 1388 1524 Gn.

305 1568 454 1650 Pompeio
471 1567 527 1646 ΠΙ,
550 1567 586 1646 Q.
598 1568 723 1632 Metello
746 1567 889 1650 ScipIoue
911 1585 989 1632 coss.
1002 1587 1029 1632 a.
1042 1568 1093 1647 52,
1116 1566 1280 1633 utexhbr.
1293 1567 1347 1645 IV,
1367 1569 1383 1630 l

305 1677 495 1758 intellegitur
512 1674 584 1757 (huc
604 1695 685 1740 aava
706 1675 778 1758 lc9o3
800 1695 828 1740 a.
852 1677 892 1741 51
917 1675 1023 1742 Cicero
1045 1676 1077 1740 in
1090 1675 1227 1741 Ciliciam
1239 1675 1339 1756 abiit),
1357 1677 1391 1757 ¹)

306 1785 419 1850 tertius
441 1789 546 1848 autem
567 1784 672 1850 multis
694 1785 785 1850 annis
807 1791 880 1849 aute
902 1785 944 1865 (a
958 1785 999 1849 79
1011 1803 1038 1848 a
1051 1783 1138 1865 Chr.)
1156 1783 1287 1848 Athenis
1304 1783 1392 1848 iuter

308 1893 488 1959 Cloeronem
516 1891 658 1958 iuvenem
685 1893 814 1975 eiusque
842 1892 878 1971 Q.
906 1892 1036 1960 trabem
1063 1901 1096 1956 et
1116 1891 1152 1956 L.
1175 1889 1305 1957 fratrem
1327 1910 1390 1972 pa-

306 2002 436 2066 truelem
454 2007 487 2065 et
513 2001 549 2064 T.
571 2001 776 2082 Pomponium
804 2001 941 2065 Atticino
967 2007 1000 2065 ei
1021 2001 1062 2064 M.
1084 1999 1219 2080 Pupium
1241 1999 1392 2064 Pisonem

307 2109 564 2190 Calpurnianum,
597 2109 685 2173 curius
713 2108 746 2174 iu
776 2127 813 2174 eo
840 2109 960 2189 prImee
987 2115 1095 2189 partes
1125 2113 1198 2173 sum
1220 2108 1296 2187 (vid.
1319 2125 1390 2189 arg.

306 2217 357 2282 lib.
379 2218 408 2282 V
430 2221 462 2281 et
483 2221 588 2281 annon
611 2218 652 2281 ad
673 2217 712 2295 V,
726 2218 767 2299 l).
811 2216 930 2282 Reiecit
951 2223 1055 2282 autem
1078 2215 1186 2281 Cicero
1210 2233 1390 2280 sermonem

306 2325 339 2391 iu
360 2325 394 2389 id
416 2332 547 2406 tempus,
569 2325 653 2405 quod
675 2343 784 2389 eorum
805 2325 949 2406 persoms
970 2325 1017 2389 uti
1038 2324 1182 2403 malebat,
1204 2323 1258 2405 qui
1270 2323 1394 2388 mortui

305 2431 367 2497 iam
389 2439 508 2510 essent3
537 2450 575 2496 ex
595 2432 634 2496 iis
657 2439 852 2513 opponimus
874 2433 960 2498 visus
982 2439 1051 2498 erat
1061 2433 1145 2510 Piso,
1168 2430 1221 2512 qui
1239 2448 1390 2496 eumuna

305 2559 375 2605 cum
398 2541 545 2606 Cloerone
567 2538 699 2605 Athenis
731 2539 842 2604 fnisset
868 2546 899 2605 et
926 2540 1029 2625 Ipsum
1058 2538 1260 2617 Antiochum,
1294 2539 1390 2604 omns

308 2647 480 2712 sententiae
501 2647 534 2711 in
550 2647 629 2712 libro
647 2648 754 2728 quinto
767 2655 973 2729 exponuntur,
990 2647 1138 2726 audisset,
1162 2655 1236 2727 apio
1258 2646 1392 2712 induce·

307 2755 400 2820 hatur
422 2773 525 2820 sermo
546 2755 598 2821 illo
620 2756 689 2837 ipso
712 2761 853 2837 tempore
875 2755 1007 2820 habitus,

375 3117 455 3154 cumo
472 3104 510 3154 ito
527 3102 659 3151 inducitur
677 3109 822 3159 ceterorum,
841 3109 870 3151 ut
885 3102 1052 3166 penecipmnm
1065 3103 1097 3151 eit
1105 3103 1274 3166 principutuc
1300 3103 1394 3167 ltaque

376 3203 442 3253 quae
460 3190 492 3240 ad
511 3188 640 3246 Fem.i,9.
651 3185 684 3240 23
704 3187 837 3250 leguntur:
857 3187 953 3250 scalpsi
970 3187 1047 3236 ettam
1057 3187 1197 3237 Aristotelen
1208 3201 1283 3242 more.
1302 3201 1395 3250 quem-

376 3275 512 3324 admodum
530 3273 631 3336 qut'dem
648 3271 723 3330 uolui,
743 3279 791 3322 tres
808 3271 885 3321 libros
901 3272 931 3321 lo
947 3273 1117 3336 dupucationc
1134 3280 1158 3320 et
1177 3272 1277 3335 diuloyo
1291 3273 1321 3321 de
1331 3287 1395 3323 ora·

376 3365 441 3416 tore,
460 3373 497 3417 aa,
517 3364 546 3408 ut
565 3359 715 3408 Boieeeniua
740 3359 776 3418 (in
796 3359 924 3407 Locorum
942 3357 1160 3421 philologIcorum
1182 3358 1235 3408 lasc
1263 3361 1281 3416 l,
1307 3357 1394 3410 ilaue.

378 3442 454 3500 1846,
472 3457 495 3507 p.
514 3442 538 3500 lt
557 3442 695 3500 intellexit,
724 3457 775 3492 non
803 3444 835 3492 ud
862 3444 1020 3507 peculiarem
1047 3443 1162 3506 aliquam
1187 3443 1282 3506 dialogi
1310 3448 1395 3494 ratio·

377 3543 445 3588 nem,
465 3529 510 3578 aed
531 3528 563 3578 nd
573 3530 655 3591 ipsius
674 3527 770 3590 dialogi
788 3530 814 3577 lu
834 3528 878 3577 tait
898 3531 961 3578 artis
981 3529 1150 3591 explicatione
1171 3532 1393 3589 ueumtsttameu

377 3615 453 3664 verba
471 3613 500 3662 in
518 3613 727 3676 discretationem
745 3611 844 3674 diuloyo
862 3614 997 3664 Ciceronis
1015 3611 1100 3668 eunti'
1111 3619 1136 3663 et
1159 3615 1191 3664 ad
1215 3627 1302 3664 rerum
1321 3620 1395 3664 truc·

376 3703 500 3750 tattonem
515 3701 672 3748 acommuni
691 3701 786 3747 entium
802 3699 1186 3750 rhetoricarumoonsvetudtne
1205 3701 1395 3750 abhorrentem

375 3788 512 3849 pertinent.
553 3785 675 3833 Ceterum
698 3785 828 3846 propriam
855 3782 1016 3846 dialogorum
1038 3785 1247 3834 hrictoteliorum
1279 3785 1396 3836 formem

377 3863 547 3934 ignoramus]

338 3953 358 4016 ¹)
376 3955 473 4005 Eodem
492 3966 561 4002 auno
580 3950 613 4003 52
631 3954 659 4002 h.
678 3952 817 4002 Lucullum
837 3953 888 4002 into
908 3953 1025 4003 iunctum
1045 3967 1115 4012 esse.
1145 3955 1305 4006 Goereuqus
1325 3954 1395 4006 laiso

378 4040 474 4090 ecrihit
511 4038 534 4088 le
554 4041 624 4088 enim
642 4041 744 4101 propter
763 4037 891 4087 Plutarchi
913 4037 988 4088 rerba
1008 4040 1119 4100 (luculi.
1139 4039 1184 4102 43)
1203 4041 1395 4104 Ciceronisque

377 4125 409 4174 de
427 4139 457 4175 eo
481 4126 506 4172 in
527 4123 645 4186 epistulis
669 4123 802 4172 etlentium
827 4127 897 4172 recte
920 4123 1034 4173 crediiur
1055 4125 1132 4187 penio
1156 4131 1216 4189 poet
1239 4139 1341 4174 annum
1361 4123 1395 4178 ot

377 4215 495 4259 mortuus
514 4221 580 4258 esse.
618 4207 667 4256 Nec
687 4210 712 4256 in
733 4206 790 4256 libri
810 4209 877 4256 tertii
897 4210 970 4256 initio
992 4208 1044 4257 ulia
1062 4214 1102 4258 eet
1121 4210 1277 4272 alguiilcetio
1288 4213 1395 4261 Luculli

377 4295 455 4358 patrie
473 4294 545 4344 hrevi
564 4299 624 4343 aute
643 4295 738 4342 mortui
756 4293 881 4353 pun-tque
900 4293 976 4354 pinne
996 4307 1078 4356 nuper
1092 4296 1199 4345 Catonis
1210 4297 1307 4346 tutelae
1318 4309 1396 4346 com·

378 4382 458 4429 micci.
