3000 5044
430 388 474 434 nn
496 387 577 434 uun.
599 387 662 433 nm.
684 386 719 434 iv
735 387 807 434 one.
833 391 872 434 re.
1125 369 1186 435 531
1282 421 1285 428 .

119 557 216 639 igitur
237 562 357 621 mutere
383 555 536 638 principie
563 559 714 621 nonnae?
759 557 840 634 Quid
868 555 948 622 enim
976 555 1069 634 dicis,
1103 575 1192 621 omne

120 659 244 738 animal,
267 659 358 724 simul
380 665 474 740 etque
496 658 673 738 sitorum,
701 659 889 742 applicatum
916 677 985 724 esse
1006 659 1046 723 ed
1069 677 1102 723 se
1123 657 1192 722 dili-

119 762 255 844 gendmn
277 779 409 842 esseque
430 761 462 825 in
485 779 519 825 se
535 763 747 827 conservando
771 763 973 843 occupatum?
996 761 1071 844 qum
1088 760 1192 841 potius

119 865 165 929 ite
186 863 278 942 dicis,
306 881 396 928 omne
417 862 530 927 animal
552 863 740 945 applicatum
763 881 834 929 esee
854 863 895 927 ed
917 863 963 942 id,
996 864 1079 943 quod
1101 863 1132 926 in
1155 879 1191 926 eo

119 966 164 1030 nit
184 965 342 1047 optimum,
365 965 449 1030 etin
471 965 537 1030 eius
559 965 651 1030 unius
674 971 856 1047 occupatum
878 983 948 1030 esse
970 963 1120 1043 custodie,
1141 982 1190 1028 re·
1208 965 1229 1030 5

118 1068 285 1150 liqueeque
306 1073 436 1132 naturae
457 1065 533 1131 nihil
555 1067 638 1132 alind
660 1085 767 1150 egere,
799 1068 859 1133 nisi
885 1073 921 1132 ut
947 1067 979 1132 id
1001 1071 1194 1143 conservent

118 1171 206 1252 quod
227 1170 259 1233 in
282 1187 404 1252 queque
432 1170 581 1251 optimum
610 1169 671 1234 sit?
716 1171 876 1248 Quomodo
904 1175 1007 1234 nutem
1035 1169 1193 1250 optimum,

119 1273 148 1337 si
170 1273 284 1337 bonum
306 1271 599 1354 praetereanullum
609 1274 678 1337 eet?
701 1271 754 1338 Sin
765 1279 868 1337 eutem
886 1272 1006 1354 relique
1015 1271 1195 1352 appetenda

119 1381 204 1452 sunt,
227 1393 295 1453 cur,
318 1375 402 1455 quod
424 1379 473 1438 est
493 1373 634 1438 ultimum
656 1393 761 1439 rerum
783 1375 1043 1455 appetendarum,
1076 1373 1109 1438 id
1131 1391 1193 1437 non

118 1481 177 1542 eut
198 1494 237 1540 ex
264 1475 399 1541 omnium
425 1493 531 1548 ererum¹
558 1482 613 1540 eut
639 1495 677 1542 ex
703 1475 907 1559 plurimorum
934 1483 966 1541 et
991 1477 1194 1542 maximarum
1213 1479 1254 1543 10

117 1577 312 1660 appetitione
333 1577 548 1644 concluditur?
592 1578 635 1644 Ut
655 1578 783 1644 Phidias
809 1583 916 1660 potest
942 1578 1083 1661 aprime
1105 1577 1193 1642 insti-

117 1689 210 1746 tuere
231 1680 352 1762 siguum
373 1680 466 1761 idque
488 1677 646 1760 perficere,
667 1685 772 1761 potest
792 1681 831 1745 ab
853 1680 913 1746 ulio
929 1679 1104 1745 inchoatum
1116 1679 1194 1746 ecci-

117 1801 199 1865 pere
231 1787 263 1846 et
299 1781 473 1861 absolvere,
506 1782 577 1848 huic
609 1782 718 1848 similis
750 1788 800 1848 est
827 1782 992 1864 sepientie3
1025 1782 1195 1846 nonenim

194 1973 215 2018 1.
234 1967 293 2018 dicte
312 1968 401 2022 om.P
450 1975 473 2016 8.
491 1967 514 2017 ei
530 1978 607 2019 arcem
625 1969 713 2020 LPOR
765 1975 788 2022 9.
806 1969 891 2020 cintE
932 1969 1085 2035 appetendam
1104 1968 1195 2020 ELPR

121 2043 163 2087 lo.
184 2037 258 2103 [anni
273 2037 323 2105 nh]
377 2045 420 2086 ata
436 2037 592 2088 maenarum
610 2038 632 2086 Ε
651 2047 673 2088 el
692 2040 778 2089 omL
833 2043 871 2090 il.
889 2055 906 2087 a
921 2037 1078 2104 penitemini)
1116 2043 1154 2090 in.
1174 2045 1195 2088 et

118 2108 154 2157 ab
173 2109 191 2156 L
248 2112 284 2160 18.
299 2115 334 2158 ert
350 2106 471 2171 capraccia
487 2105 570 2156 annila
587 2107 677 2158 LPCR
693 2123 746 2172 cop.
771 2105 822 2158 carr.
846 2109 904 2172 (om.
928 2115 969 2170 uti
988 2107 1031 2158 Or.

117 2299 197 2356 citer
209 2297 298 2354 scribi
310 2298 443 2355 volebat:
471 2299 535 2356 Tale
546 2301 614 2355 enim
624 2301 709 2355 edum
733 2294 765 2377 (i.
779 2317 804 2354 e.
817 2316 906 2374 enpre
922 2306 1108 2374 perspectum
1120 2306 1166 2356 est
1172 2292 1195 2378 1)

117 2401 180 2441 ecee
201 2385 249 2440 all.
274 2383 437 2452 Stoicorum
472 2383 682 2441 correctionem
709 2384 824 2441 invenit
850 2384 939 2441 etiem
967 2384 1196 2459 Wesenbergius

118 2465 169 2551 (in
192 2485 316 2525 censuere
337 2469 464 2543 quodam
487 2469 600 2527 Denice
623 2469 755 2546 scripte).
800 2469 892 2528 Gzius
916 2478 945 2526 et
967 2469 1096 2529 Orelline
1112 2488 1196 2545 pror·

118 2573 173 2612 eus
197 2555 344 2610 aberrant.
388 2555 471 2611 Ecca
493 2563 545 2611 aut
566 2573 603 2612 ex
626 2555 777 2630 superiore
799 2555 945 2612 sententie
966 2563 1061 2612 ortum
1084 2563 1130 2612 est
1145 2563 1197 2611 eut

118 2639 272 2698 scribendi
294 2658 408 2708 errore3
431 2658 526 2715 neque
549 2640 625 2696 enim
648 2639 768 2697 iterare
780 2652 848 2698 cenet
869 2659 923 2718 pro
940 2651 980 2698 ea
1000 2640 1129 2717 positum
1141 2648 1194 2710 cet,

118 2735 154 2783 nt
178 2725 211 2783 11
234 2724 270 2780 de
292 2725 392 2782 Divin.
409 2725 463 2782 31:
486 2727 605 2783 Parnm.
628 2728 721 2797 credo,
744 2729 924 2801 impudenter,
947 2729 1033 2802 quaed,
1056 2745 1116 2784 cam
1132 2728 1195 2800 sac·

117 2821 168 2868 tue
189 2820 280 2867 cenet
301 2822 396 2880 moneo,
419 2813 507 2868 dicere
528 2813 665 2880 audent,
689 2831 759 2885 qaae
781 2815 820 2868 oie
842 2814 872 2868 ia
893 2814 1013 2886 effecerit.
1059 2811 1196 2872 Scriben-

117 2897 194 2954 dum
218 2913 297 2952 enee:
319 2915 378 2953 acm
384 2899 480 2970 sacta
491 2906 530 2953 eet
552 2895 596 2974 (id
608 2904 662 2968 eet,
685 2901 804 2971 quatiam
816 2891 1040 2978 relinquendo),
1058 2904 1196 2973 epperct3

117 2999 178 3038 nec
189 2981 296 3051 minue,
309 2981 387 3057 apud
399 2982 464 3038 Liv.
476 2982 518 3052 11,
532 2982 581 3054 51,
598 2985 611 3039 1
626 2981 743 3039 restitui
754 2983 874 3040 debere:
901 2983 968 3039 Com
985 2979 1018 3064 (i.
1031 3002 1056 3039 e.
1068 3003 1120 3058 qno
1133 2993 1196 3039 tcm-

112 3065 202 3144 pore)
227 3067 291 3123 laec
312 3076 422 3142 accepta
444 3070 535 3125 clades
562 3077 612 3124 eet
639 3067 742 3144 (vulgo
764 3067 858 3146 esset),
887 3071 941 3124 ram
966 3068 996 3125 0.
1020 3068 1198 3125 Horatiana

121 3155 156 3210 T.
171 3153 312 3210 *ismeniae
323 3155 442 3210 concedes
454 3163 538 3210 aaut.
571 3153 662 3229 Apud
674 3153 798 3210 eundem
815 3153 882 3223 XL,
897 3153 946 3225 22,
959 3155 988 3224 4,
1011 3153 1062 3210 ubi
1085 3153 1196 3210 editur:

122 3240 163 3297 [a
186 3256 249 3294 cero
265 3241 335 3311 inpio
347 3239 609 3314 appropinquabant,
633 3240 707 3312 qaod
728 3243 865 3296 remmio
883 3241 944 3295 aliie
956 3241 1019 3296 lonc
1031 3249 1106 3310 eeect,
1129 3240 1198 3295 adeo

116 3327 212 3381 omnia
234 3331 351 3380 contacta
372 3325 468 3381 nebrda
490 3333 554 3394 cet,
578 3324 687 3399 duplex
710 3335 756 3381 est
771 3324 922 3394 mendnrm
945 3325 1103 3400 scripserat
1119 3323 1197 3381 enim

116 3409 243 3468 Livius:
272 3411 346 3483 qaod
367 3429 461 3466 raram
482 3413 509 3466 in
531 3411 616 3466 altio
639 3411 702 3466 lacis
724 3420 780 3468 est.
824 3410 893 3467 Non
915 3410 987 3468 nlibi
1009 3411 1128 3468 omnino
1150 3427 1197 3465 re·
1251 3445 1253 3448 -

114 3513 186 3552 ram
211 3511 276 3552 eece
298 3495 451 3567 nebulam,
486 3495 537 3552 sed
565 3495 595 3552 in
618 3495 686 3552 altis
710 3502 739 3551 et
756 3503 845 3553 vento
867 3496 978 3571 perviis
1000 3496 1072 3553 locis
1094 3494 1197 3552 Livius

115 3580 257 3657 putabat.

210 3665 260 3722 34.
288 3664 362 3733 Qua
382 3670 449 3722 enim
472 3661 553 3743 dicis)
575 3665 696 3723 Excidit
706 3669 774 3724 dicis
785 3666 873 3723 etiem
884 3665 915 3724 in
926 3666 992 3724 Pol.
1005 3669 1023 3723 4
1035 3675 1065 3722 et
1077 3664 1155 3724 Gnd.
1168 3666 1196 3722 2.

115 3751 286 3831 [Baiternn
310 3751 450 3808 omissum
472 3752 539 3808 inB
563 3759 683 3823 testans,
707 3752 824 3809 delevit
875 3753 979 3826 Neque
1007 3771 1060 3828 per
1083 3770 1113 3808 ee
1135 3751 1197 3808 ullo

114 3837 209 3895 modo
233 3835 330 3894 omitti
351 3837 381 3892 in
403 3836 457 3894 teli
478 3837 708 3912 interrogatione
726 3847 822 3912 potest
835 3856 929 3912 neque
941 3847 1062 3914 propter
1073 3855 1198 3911 nequens

115 3926 187 3998 quin
211 3925 303 3998 potino
326 3925 364 3978 ita
382 3923 450 3980 dicio
469 3920 544 3999 —i]
573 3922 667 3979 Paulo
690 3933 758 3998 poet
779 3927 820 3979 oin
842 3933 931 3980 autem
954 3921 1047 3982 Gzius
1070 3923 1157 3980 etiam
1181 3941 1198 3978 e

115 4009 200 4085 spir.
225 4005 291 4085 [B].
334 4007 412 4065 Tum
434 4009 498 4065 cod.
521 4008 697 4085 archetypus
720 4008 987 4065 mendumhobnit:
1010 4027 1098 4065 rentem
1115 4027 1199 4083 appe·

114 4096 231 4154 tendam
254 4091 347 4172 (Spin.
370 4089 434 4175 [B],
458 4091 536 4152 Gnd.
562 4095 589 4163 2,
611 4093 706 4170 Εχψ).

212 4179 379 4237 UtPlridiae
401 4213 451 4250 -‚
476 4180 536 4236 laic
558 4181 651 4236 coneilio
673 4190 712 4237 cet
733 4173 879 4259 sapientia)
900 4178 1201 4255 Legitimushicerat

113 4265 276 4324 institutae
299 4265 441 4322 orationis
463 4264 575 4322 exitus:
597 4268 636 4322 a'c
658 4267 790 4342 capientia
812 4265 948 4336 landae,
971 4283 1049 4340 quem
1070 4273 1199 4322 ananau

113 4353 273 4409 inchoatum
295 4353 415 4426 accepit,
438 4351 575 4408 absolvere
597 4351 680 4420 debet,
703 4352 793 4425 quala
816 4353 951 4408 institutae
973 4361 1020 4408 eci.
1066 4350 1125 4411 Sed
1148 4351 1199 4408 de-

941 4465 992 4521 34*
