2920 5012
430 395 475 442 nr
499 395 580 442 nnn.
602 395 664 440 mn.
688 395 698 440 1
721 395 793 441 cnr.
820 397 857 441 ro.
1038 431 1040 434 .
1121 377 1159 440 71

100 575 226 646 tempora
257 565 413 644 incidunt,
446 571 482 628 ut
513 563 620 629 labore
647 571 680 629 et
710 563 819 628 dolore
851 581 994 645 maguam
1027 563 1161 644 aliquam

103 675 219 748 quaerat
238 667 438 749 voluptatem
493 667 538 732 Ut
569 666 651 732 enim
682 667 724 732 ad
756 665 880 731 minima
912 665 1047 744 veniam,
1091 666 1161 746 quis

104 777 229 834 nosnum
250 770 504 835 exercitationem
532 769 627 835 ullam
653 769 794 850 corporis
815 768 946 850 suscipit
966 768 1161 846 laboriosam,

101 872 150 936 nisi
168 881 200 936 ut
219 871 340 954 aliquid
361 891 400 937 ex
422 891 458 938 ea
480 871 632 938 commodi
654 873 883 953 consequatur?
906 871 976 953 quis
998 872 1160 938 autemvel

102 991 162 1038 eum
180 975 245 1039 iure
255 974 502 1055 reprehenderit,
525 975 579 1057 qui
600 974 633 1038 in
654 973 862 1054 eavoluptate
883 972 957 1038 velit
967 991 1045 1054 esse,
1067 992 1160 1055 quam
1177 975 1198 1039 5

101 1075 163 1140 nihii
181 1077 341 1142 mdestiae
364 1086 589 1159 consequatur,
623 1076 801 1154 velillum,
834 1075 887 1158 qni
920 1075 1058 1140 dolorem
1090 1093 1161 1140 eum

104 1176 198 1259 irgiat,
229 1197 291 1260 quo
314 1179 460 1260 voluptas
484 1180 567 1244 nulia
589 1179 752 1260 pariatur?
795 1179 845 1243 33.
873 1179 1016 1243 atvero
1045 1196 1099 1243 eos
1129 1185 1161 1243 et

102 1297 263 1346 amamus
288 1287 320 1345 et
341 1281 423 1346 iusto
446 1281 517 1346 odio
539 1281 734 1364 dignissimos
757 1280 905 1358 ducimus,
927 1279 981 1362 qui
1002 1280 1160 1360 blanditiis

103 1384 294 1463 praesentium
328 1383 522 1465 voluptatum
549 1384 674 1449 deleniti
695 1392 790 1465 atque
816 1382 969 1463 corrupti,
1003 1401 1082 1465 quos
1104 1384 1159 1447 do·

100 1483 170 1549 lores
189 1491 218 1550 et
244 1504 324 1567 quas
347 1485 504 1550 molestias
525 1485 684 1568 excepturi
706 1486 780 1564 sint,
814 1484 967 1550 occaecati
989 1485 1160 1566 cupiditate
1179 1487 1219 1551 10

100 1605 153 1650 non
173 1587 343 1669 provident,
366 1587 519 1670 similique
541 1588 667 1653 suntin
689 1587 788 1669 culpa,
811 1587 865 1669 qui
887 1585 989 1652 officia
1010 1588 1159 1652 deserunt

98 1689 210 1754 mollitia
230 1689 334 1770 animi,
359 1690 391 1754 id
413 1697 470 1768 est,
493 1690 633 1755 laborum
655 1701 686 1756 et
707 1690 848 1755 dolorum
870 1687 951 1772 fuga.
995 1689 1037 1754 Et
1047 1690 1157 1754 harum

98 1792 207 1871 quidem
228 1811 333 1858 rerum
356 1791 454 1858 facilis
477 1799 526 1858 est
547 1801 579 1858 et
601 1793 745 1875 expedita
761 1793 925 1858 distinctm
958 1792 1039 1856 Nam
1060 1791 1157 1858 libero

159 2018 177 2062 1.
194 2013 272 2064 dolore
291 2023 314 2064 et
332 2012 453 2064 indorcE
489 2019 513 2063 2.
532 2013 682 2065 marmano
718 2014 853 2080 8.rarcepit
872 2013 909 2064 sn
944 2013 1156 2076 apoiniacum

98 2082 277 2144 (mmuh)
312 2081 474 2132 meoddL
510 2083 589 2147 quaC
633 2085 657 2132 7.
679 2082 936 2152 [qnidproqqu']
967 2088 1045 2148 Atque
1063 2082 1157 2134 νηοῦ

8 2173 9 2180 ψ
97 2150 411 2287 trenaee
430 2151 966 2287 usiani]

95 2427 150 2466 non
168 2411 287 2488 impetu,
310 2431 370 2470 non
393 2422 512 2470 temere.
556 2412 635 2470 Male
658 2411 752 2472 Gzius
774 2413 912 2489 probavit
934 2413 1070 2470 mendum
1093 2413 1156 2470 cod.

96 2490 244 2571 Spirensis:
266 2509 344 2556 recte.
391 2497 603 2574 Saepehorum
625 2500 799 2575 compendia
810 2507 976 2576 permutata
998 2509 1079 2568 sunt;
1103 2497 1156 2555 cir.

95 2579 193 2658 Opusc.
213 2602 278 2641 mea
301 2584 397 2642 Acad.
418 2585 444 2656 1,
467 2603 496 2660 p.
521 2583 591 2641 333.
635 2585 705 2660 Ipse
727 2603 786 2642 non
807 2592 888 2642 recte
909 2588 1011 2642 ratione
1022 2604 1076 2660 pro
1087 2594 1156 2641 recte

93 2669 171 2741 posui
192 2668 221 2726 in
242 2678 317 2727 orat.
339 2688 394 2746 pro
416 2669 503 2727 Rosc.
526 2670 595 2727 Am.
622 2672 691 2727 138.
734 2671 784 2728 Ad
807 2673 871 2729 Aa.
894 2672 968 2742 XII,
993 2673 1043 2740 44,
1068 2670 1086 2727 3
1109 2689 1155 2727 ra·

96 2756 156 2811 aare
169 2757 261 2828 sectati
280 2755 371 2832 patrio
392 2754 567 2813 insolentius
589 2755 709 2832 ponitur
730 2756 760 2812 in
783 2756 862 2814 facto
885 2756 1111 2832 comprobando.

169 2860 246 2914 quom
267 2842 336 2898 nihil
357 2838 426 2916 etc.)
453 2839 523 2909 Qua,
547 2841 624 2916 quod
646 2841 708 2899 fere
731 2843 873 2900 edebatur
889 2852 957 2899 ante
968 2841 1153 2912 Lambinum,

93 2921 228 2984 Gruterus
250 2936 339 3003 negat
361 2925 392 2984 in
415 2925 476 2984 ullo
487 2927 551 2984 Pal.
575 2945 649 3000 esse,
672 2926 766 2994 Gaius
788 2928 819 2985 in
841 2928 902 2985 suis
918 2927 1109 3004 praeterErl.
1126 2936 1155 2984 et

92 3007 163 3084 Spin.
179 3031 241 3069 esse
263 3012 350 3083 dicit3
372 3013 516 3070 Davisius
533 3011 642 3090 (quam)
665 3023 756 3084 tacet3
780 3013 923 3088 Oxx.Erp
946 3033 1011 3088 qua,
1035 3013 1063 3072 U
1081 3016 1153 3087 quia.

91 3093 203 3154 Frustra
229 3117 286 3172 qao
308 3095 440 3156 defendit
467 3097 666 3175 Wopkensius
694 3119 723 3175 p.
747 3101 781 3170 4;
813 3099 940 3175 primum
971 3118 1028 3157 non
1056 3107 1155 3174 potest

90 3181 126 3236 ric
146 3183 276 3241 absolute
295 3183 353 3241 dici
375 3188 509 3258 consequi,
533 3193 565 3241 nt
586 3203 640 3259 pro
663 3186 830 3242 accusativo
842 3203 895 3260 per
905 3183 1154 3262 praepositionem

88 3267 303 3346 andnngatur
324 3287 372 3326 res
382 3269 561 3346 praecedens
584 3269 624 3346 (in
647 3271 698 3327 hoc
719 3273 853 3346 voluptate
868 3271 935 3328 nihii
949 3271 1153 3328 moconaeron-

88 3353 225 3430 πρηέως
247 3373 318 3412 narn
339 3354 426 3412 aliter
448 3355 535 3432 longa
546 3356 667 3413 dicitnr:
689 3359 716 3412 in
733 3357 784 3414 hoc
800 3376 829 3413 re
840 3359 1009 3432 coaequum·
1020 3353 1153 3433 (accidit)

87 3437 225 3498 marmorio
248 3441 318 3518 (IV,
343 3439 413 3516 29);
447 3441 567 3514 deinde,
601 3442 682 3516 quod
703 3441 839 3500 Handius
867 3440 918 3518 (ad
940 3441 1048 3518 Wopk.
1072 3441 1091 3498 l.
1114 3441 1152 3518 c.)

86 3524 294 3598 animadvertit,
317 3525 369 3584 sed
384 3527 471 3584 unius
494 3527 626 3584 mendosi
648 3527 706 3586 loci
728 3527 895 3586 testimonio
918 3527 969 3605 (ad
992 3529 1074 3585 Fam.
1096 3527 1152 3598 lv,

90 3609 130 3678 13,
158 3611 192 3688 5)
213 3612 244 3668 in
267 3612 481 3670 dubitationem
503 3623 599 3685 vocat,
622 3631 781 3688 numquam
798 3613 902 3673 Cicero
924 3622 976 3670 aut
997 3613 1152 3688 quisquam

84 3693 169 3754 bonus
182 3698 309 3774 scriptor
329 3707 398 3755 ante
409 3698 565 3756 relativum
582 3699 840 3775 praepositionem,
863 3717 938 3774 quae
954 3707 1022 3756 ante
1034 3698 1152 3756 demon-

85 3783 233 3842 sutirum
255 3782 397 3856 affuisset,
420 3784 529 3855 omisit,
551 3785 609 3842 nisi
631 3784 707 3842 idern
730 3785 852 3842 verbum
875 3784 1034 3842 audiretur.

160 3869 211 3926 33.
233 3873 304 3928 aare
330 3871 392 3926 odio
419 3869 601 3946 dignissimos)
640 3871 708 3928 Non
741 3869 841 3928 ferens
867 3870 982 3946 copiam
1010 3869 1151 3928 orationis

82 3955 248 4014 emendator
274 3955 340 4026 ssle,
374 3973 393 4012 a
415 3973 474 4030 quo
497 3956 554 4014 orti
577 3965 645 4014 sunt
667 3955 746 4016 Oxx.
769 3952 821 4026 Εξ,
845 3973 911 4012 curn
933 3975 1019 4014 nemo
1041 3955 1150 4013 iniusto

81 4037 142 4096 omo
164 4040 273 4118 dignus
295 4049 383 4112 esset,
406 4043 488 4098 multo
510 4045 570 4099 odio
592 4041 778 4099 scribendum
795 4041 920 4118 putavit,
943 4041 1103 4116 inciditque
1119 4041 1150 4098 in

81 4123 149 4183 idem
172 4127 231 4184 Th.
243 4127 408 4200 Bentleius,
432 4126 518 4202 quasi
539 4146 598 4186 non
621 4131 703 4185 metito
725 4126 799 4184 illud
809 4146 903 4203 aeque
926 4127 996 4185 insit
1006 4128 1037 4184 in
1049 4146 1150 4204 super·

81 4208 172 4270 lanso.

155 4301 187 4356 id
208 4308 258 4367 eat,
281 4299 403 4356 ahmam
425 4309 451 4355 et
471 4299 593 4356 doioemn
608 4300 695 4373 supa)
728 4298 797 4356 Non
819 4299 1060 4358 commemoravit
1081 4307 1150 4356 ante

80 4385 209 4441 umidam
232 4386 330 4456 mermi,
365 4393 399 4442 ut
426 4403 463 4441 ea
483 4401 574 4458 nunc,
598 4385 748 4459 quaesit,
772 4385 949 4461 explicetur,
983 4384 1049 4456 sed,
1082 4403 1148 4441 cum
