2956 5028
360 413 404 459 ur
427 413 508 459 usn.
531 413 594 459 nte.
616 411 640 458 11
663 412 736 459 car,
760 417 801 461 ss.
1074 393 1137 458 273

75 581 133 644 deri
153 579 291 646 lemae
335 580 416 646 Esse
438 581 528 661 euim,
552 581 611 646 nisi
633 581 710 660 eris,
738 600 800 646 non
823 587 930 663 potes;
964 581 1016 662 qui
1039 587 1142 645 antem

75 701 135 746 csse
155 683 279 764 poteris,
301 682 364 747 nisi
386 689 417 746 tc
439 701 528 748 amor
549 683 618 764 ipsc
640 683 779 765 ceperit?
802 683 886 765 quod
909 701 970 747 nen
990 682 1144 747 subducte

75 785 205 849 utiliutis
225 785 346 850 ratione
368 783 448 850 effici
470 785 562 864 solet,
597 785 653 850 scd
680 785 784 867 ipsum
812 804 832 849 a
854 803 888 850 se
910 783 1011 849 oritur
1032 793 1064 850 ct
1086 801 1144 848 sua

76 893 173 966 sponte
196 887 341 952 nascitau.
389 889 452 958 „At
473 887 555 952 enim
577 905 692 968 sequor
704 887 896 952 udbuoem.“
921 885 1060 952 Manebit
1070 903 1145 968 ergo

75 989 195 1053 auidtia
216 997 278 1053 um
300 989 365 1066 diu,
387 1007 481 1071 quam
503 989 558 1054 diu
579 995 728 1070 sequetm
749 989 883 1069 utibtas,
910 995 955 1066 et,
978 989 1005 1053 si
1027 988 1145 1053 utilitas
1163 993 1184 1054 n

76 1091 230 1156 uumtuet
249 1091 431 1170 amicitiam,
458 1091 547 1156 tollet
568 1092 685 1157 eadem
730 1093 781 1156 79.
804 1091 866 1157 Sed
883 1091 959 1172 quid
980 1109 1055 1171 ages
1077 1097 1145 1155 un·

136 1333 155 1376 t.
173 1329 216 1392 qai
230 1329 421 1380 mea—soter
439 1329 537 1380 nonius
555 1345 579 1395 p.
594 1333 644 1380 ³99
681 1334 704 1379 2.
720 1337 788 1395 potes
806 1329 864 1379 Non
891 1343 940 1381 om.
960 1327 985 1378 P
1015 1337 1039 1379 te
1056 1343 1104 1380 otu.
1125 1327 1146 1379 O

77 1397 111 1444 nb
126 1396 197 1447 dubio
214 1398 324 1448 fflutu
342 1400 417 1448 codd.
436 1399 514 1461 (Non.
528 1397 655 1464 scbdudu)
690 1403 713 1446 8.
734 1398 802 1449 odae
815 1401 832 1447 l·'.
851 1415 881 1448 ex
893 1415 920 1448 ee
937 1397 1014 1448 MGR
1049 1404 1071 1447 4.
1086 1397 1146 1446 maia

77 1475 123 1542 'pru
138 1467 236 1532 oenc
272 1473 296 1520 ⁵.
315 1485 386 1532 φιαιπ
406 1467 446 1516 diu
465 1483 506 1518 om
538 1465 617 1536 ΜΕ
645 1471 668 1516 6.
687 1467 817 1516 ums'ct'tt'am
828 1467 950 1518 constitmt
962 1465 1146 1516 ELPMOROr.

77 1535 156 1596 qua

75 1727 181 1798 produt
229 1727 318 1784 Nunc
351 1743 418 1783 cum
452 1726 589 1784 Halmius
623 1726 796 1798 indicasset,
835 1725 866 1783 iu
893 1727 922 1783 A
936 1735 965 1783 et
986 1726 1011 1782 B
1034 1732 1063 1782 et
1085 1723 1147 1782 Eri.

78 1827 132 1866 esee
162 1815 287 1883 rederent,
328 1813 429 1869 statim
462 1811 596 1869 intellexi
636 1815 772 1870 redmntet
798 1811 964 1888 significare
991 1807 1147 1887 redundet]

78 1887 181 1954 Deinde
203 1901 290 1972 inquit
314 1897 410 1967 „Pell
433 1897 602 1961 meliores“,
625 1897 712 1970 Bell,
737 1896 806 1957 Gaii
829 1907 889 1954 tres
913 1889 1062 1970 ediditque
1085 1896 1147 1953 De·

79 1981 166 2038 vitius
209 1983 312 2059 Fingit
334 1983 391 2040 sibi
414 1983 519 2041 Cicero
542 1983 570 2040 h.
592 1983 612 2040 l.
635 1983 837 2040 adversarium
859 1983 1018 2052 incertum3
1042 1981 1147 2038 deinde

80 2067 190 2140 semim,
223 2077 327 2149 aperte
355 2079 453 2127 autern
482 2073 497 2140 ξ
522 2069 562 2126 80
591 2069 698 2126 transit
724 2069 762 2125 ad
785 2069 979 2143 Torquatum.
1023 2067 1057 2123 [n
1079 2075 1147 2123 ante
1250 2109 1253 2117 .

79 2171 102 2206 co
119 2152 227 2210 addunt
248 2153 338 2211 etiam
360 2167 415 2230 χψ,
449 2145 585 2220 Marsus,
599 2155 695 2226 vict,
725 2154 840 2230 opinor,
863 2153 1025 2211 deteriores
1047 2171 1148 2210 omnes

80 2247 183 2310 praeter
203 2235 256 2308 Εξ.

152 2325 222 2382 Esse
233 2328 311 2385 etam,
334 2326 388 2380 aiei
404 2327 465 2396 erra,
477 2323 627 2400 conpotes)
650 2325 746 2382 Paulo
758 2323 912 2382 obscurius
924 2323 1028 2382 Cicero
1051 2320 1105 2401 [at,
1123 2323 1148 2380 si

80 2425 168 2466 serere
178 2409 272 2468 verba
283 2409 397 2486 exigas,
420 2408 618 2488 subabsurde]
640 2410 819 2486 significavit
832 2408 1049 2492 conclusionem
1062 2427 1148 2485 argu·

80 2493 171 2564 menti3
193 2495 296 2572 (quam
308 2505 463 2571 praeterea
473 2495 634 2553 infirmavit
645 2495 779 2553 nonnihil
790 2495 820 2552 in
832 2495 907 2553 illis:
934 2497 1009 2570 quod
1023 2515 1075 2551 aon
1084 2498 1150 2552 solet

78 2587 123 2634 cet.
154 2580 258 2656 Neque
277 2581 356 2638 euim
379 2599 417 2638 ax
440 2600 484 2652 eo,
508 2582 587 2656 quod
610 2581 674 2638 fleri
696 2582 785 2652 solet,
810 2581 861 2638 scd
883 2599 921 2638 ex
943 2581 1009 2656 ipsa
1030 2579 1074 2637 rei
1097 2599 1148 2637 na·

79 2669 134 2720 tura
149 2677 177 2723 et
198 2685 237 2724 cx
253 2665 452 2742 repugnantia
470 2667 608 2739 ducitur).
637 2666 687 2725 Sic
697 2667 774 2724 enim
786 2665 995 2724 ratiocinatur:
1018 2664 1102 2724 Dicis
1119 2676 1148 2722 te

78 2746 133 2806 ideo
153 2752 204 2810 uli
227 2770 293 2810 csse
316 2751 424 2822 animo,
448 2751 518 2826 quia
539 2751 593 2810 tibi
616 2753 709 2828 prosit
732 2771 811 2822 esse;
834 2763 865 2808 at
887 2751 912 2808 is
934 2751 1050 2808 animus
1070 2751 1100 2808 in
1113 2771 1148 2808 eo

78 2831 133 2907 ipso
153 2838 266 2911 positus
289 2846 344 2905 est,
368 2846 410 2908 ut,
433 2837 549 2896 etiamsi
572 2837 647 2894 nihil
669 2838 706 2894 ed
724 2847 753 2894 te
776 2837 885 2908 veniat,
909 2855 945 2894 ne
958 2837 1148 2913 speciesqui-

79 2917 221 2980 dematex
234 2922 641 2986 cautilitas,amicumbonis
663 2922 742 2980 effici
765 2923 854 2992 velis;
884 2923 984 2997 itaque
1007 2923 1046 2993 si,
1077 2924 1149 2998 quie

80 3005 193 3076 prodest,
217 3008 271 3065 tali
293 3007 393 3064 animo
415 3025 457 3080 es,
480 3027 539 3065 non
562 3027 594 3066 es
617 3008 669 3066 tali
691 3009 799 3079 animo,
824 3009 874 3066 sed
897 3008 1007 3066 videris
1024 3017 1148 3066 tantum.

79 3085 166 3164 [Quod
184 3091 335 3152 Graserus
351 3094 412 3168 μδ
440 3093 696 3152 commentationis
712 3095 750 3152 ad
767 3095 797 3166 1,
822 3094 862 3151 23
885 3094 1032 3151 indicatae
1060 3094 1148 3152 scribi

80 3172 162 3234 iubet:
183 3180 257 3235 Esse
274 3181 351 3249 eum,
374 3181 428 3235 niet
448 3181 562 3250 Meris,
586 3199 636 3236 noa
644 3182 766 3255 modest,
790 3179 869 3254 quod
881 3179 1018 3236 Baitcrus
1030 3190 1148 3238 secutus

80 3269 124 3330 est,
144 3262 316 3321 Ciceronem
339 3263 436 3339 ipsum
459 3283 526 3322 eum
548 3265 722 3338 correxisse,
746 3273 871 3341 apparet
892 3265 950 3322 iam
973 3283 1011 3321 cx
1034 3265 1147 3322 duabus

79 3347 186 3408 vocibus
208 3349 354 3425 separatis
377 3349 444 3428 (ouis
466 3382 508 3392 -
524 3349 618 3425 potes)
640 3351 703 3408 sine
726 3351 787 3408 ullo
809 3350 919 3408 indicio
939 3351 1072 3418 mutetie;
1095 3370 1147 3427 ap·

80 3435 260 3503 paratellam
282 3453 321 3492 ex
343 3453 393 3506 eo,
422 3435 501 3510 quod
523 3435 671 3511 sequitur:
699 3439 748 3511 qui
767 3446 855 3493 autem
877 3455 950 3493 csse
966 3439 1084 3512 poter-is,
1119 3437 1148 3493 in

79 3532 128 3588 quc
152 3521 342 3578 continuatur
367 3521 592 3597 argrrmentetio.
647 3522 770 3581 Utilitas
797 3541 835 3578 ex
869 3521 966 3597 specie
1000 3530 1149 3598 captatnr;

79 3601 121 3658 sed
149 3603 214 3681 ipsa
246 3606 301 3663 illa
327 3605 437 3681 speciei
464 3607 568 3682 petitio
601 3607 680 3664 tollit
706 3626 783 3677 rem,
818 3625 892 3682 quae
921 3606 1018 3683 posite
1047 3617 1092 3664 est
1119 3608 1148 3665 in

79 3685 140 3744 nibil
160 3689 313 3769 peteuda]
358 3691 498 3749 Subducto
521 3711 537 3748 e
560 3693 660 3750 Nonio
681 3693 813 3750 restituit
834 3692 1010 3762 Lambinus,
1045 3701 1078 3750 ut
1104 3691 1149 3752 fa-

79 3770 199 3834 ciendum
224 3795 288 3834 csse
312 3776 429 3834 viderat
455 3777 609 3835 Moralius.
654 3777 851 3837 Consentiunt
878 3779 908 3835 in
932 3779 1038 3836 mendo
1060 3779 1147 3845 Pau,

80 3855 152 3930 Dav,
164 3861 254 3930 Oxx.³
267 3861 386 3920 Gzinni.
408 3863 470 3920 Pro
481 3883 499 3920 a
511 3881 540 3920 se
556 3864 646 3920 etiam
658 3863 736 3940 Spir.
749 3863 823 3942 [non
835 3862 877 3942 B]
888 3865 928 3920 ad
937 3883 980 3933 ce,
998 3865 1149 3923 Victorius

80 3955 102 3996 et
120 3943 257 4005 Davisius
286 3967 302 4004 e
332 3947 426 4005 tribus
454 3947 515 4006 suis
543 3945 637 4028 (Gud.
664 3948 694 4026 l)
717 3969 750 4006 cc
772 3969 808 4006 se.
852 3950 991 4007 Praestat
1011 3949 1148 4020 alterum,

80 4043 127 4086 nou
147 4033 240 4090 solum
264 4042 387 4109 propter
408 4033 623 4104 auctoritatam,
647 4036 683 4094 de
706 4034 791 4092 initio
813 4053 872 4092 non
890 4035 1008 4092 aliunde
1021 4043 1147 4110 sumpto,

80 4123 105 4168 ut
123 4116 228 4176 dicitur
249 4120 327 4176 tomo
348 4139 366 4175 a
388 4139 416 4176 se
437 4129 519 4176 orbae.

151 4205 201 4262 79.
234 4207 359 4262 utilitatis
381 4223 465 4262 curua
487 4204 649 4280 etpotamo)
671 4207 824 4262 Damnant
843 4205 917 4263 baec
939 4205 1148 4264 verbaManu-

81 4283 137 4358 tim,
157 4289 321 4348 Lambinus
349 4285 415 4370 (qui
443 4307 462 4346 a
489 4290 639 4348 nonnullis
673 4291 824 4349 codicibus
851 4291 954 4349 abesse
983 4291 1150 4368 significare

910 4407 942 4461 18
