2938 5020
417 411 462 456 nr
485 409 565 456 nst.
589 410 651 456 nm.
674 411 698 456 11
720 411 794 456 cnr.
815 413 837 458 a.
1089 392 1149 456 187

92 578 156 642 bene
175 595 294 656 cenare,
317 577 371 659 qui
393 578 496 642 omnia
518 585 616 660 ponat
636 579 669 642 in
691 578 867 660 voluptatc;
903 583 1066 642 ettamen
1090 597 1151 642 non

91 685 178 760 negat,
198 679 329 744 libenter
350 697 497 760 umquem
507 699 636 746 cenasse
648 680 824 746 Gallonium
837 679 1034 761 (mentiretur
1045 679 1151 760 enim),

93 782 138 844 sed
155 781 236 846 bene
269 783 320 846 Ita
340 782 480 863 graviter
501 789 533 847 et
555 801 662 847 severe
673 782 863 863 voluptatem
881 781 1014 846 secernit
1030 781 1151 846 abono.

93 881 130 944 Ex
149 900 205 964 quo
226 883 304 947 illud
326 882 467 962 efficior,
491 884 545 965 qui
566 885 644 949 bene
667 892 791 962 cenent,
825 901 932 948 omnes
949 882 1079 947 libenter
1101 899 1152 946 ce-

92 1001 173 1062 nare,
203 984 255 1066 qui
281 983 433 1063 libenter,
466 1004 527 1050 non
561 986 707 1050 continuo
736 986 821 1051 bene.
872 985 1001 1066 Semper
1028 983 1190 1052 Laeliusb

92 1084 164 1150 bene
205 1087 254 1151 25.
278 1086 362 1164 Quid
383 1086 482 1151 bene?
526 1087 616 1152 Dicet
638 1087 787 1152 Lucilius:

819 1195 945 1265 cocto,

127 1289 292 1366 Condit0;

92 1390 139 1453 sed
157 1392 227 1455 cedo
248 1398 344 1472 ceput
365 1409 473 1456 cenae:

365 1511 538 1558 sermone
559 1494 670 1571 bon0;

93 1593 157 1673 quid
175 1613 210 1659 ex
230 1599 288 1660 eo?

703 1697 734 1762 si
762 1697 917 1779 quaeri',
947 1697 1131 1775 libentem

93 1797 217 1862 veniebat
238 1799 321 1862 enirn
342 1800 384 1864 ad
405 1817 521 1877 cenam,
543 1806 579 1862 ut
599 1799 702 1863 animo
725 1799 829 1880 quieto
853 1799 982 1864 satiaret
998 1797 1154 1863 desideria

93 1907 214 1964 naturae.
258 1901 355 1965 Recte
376 1919 450 1981 ergo
472 1901 499 1964 is
522 1907 616 1981 negat
636 1918 783 1981 umquam
804 1901 883 1965 bene
905 1917 1033 1964 cenasse
1046 1899 1153 1964 Gallo·

94 1999 176 2079 nium
197 2007 289 2080 recte,
311 2003 468 2081 miserum,
492 2021 560 2066 cum
582 2001 769 2083 praesertim
790 2001 822 2066 in
845 2021 880 2066 eo
903 2020 993 2066 omne
1016 2000 1153 2066 studium
1173 2005 1213 2071 15

154 2227 172 2270 l.
186 2223 288 2286 ponitE
343 2239 387 2272 aron
406 2237 456 2276 om.
477 2221 546 2290 [AJE
591 2227 616 2274 2.
634 2239 759 2286 numquam
778 2223 801 2271 E
819 2223 1031 2287 nonomaqaamb
1077 2227 1100 2271 3.
1123 2221 1156 2288 [εἰ

95 2287 141 2338 icae
157 2289 200 2357 m}
257 2290 367 2358 [recrrnit
391 2289 425 2358 Α]
455 2291 587 2340 reacaitE
644 2298 667 2342 4.
695 2300 780 2342 cenant
803 2291 824 2341 C
886 2296 909 2343 5.
928 2291 1034 2341 continue
1053 2290 1073 2340 C
1092 2291 1154 2340 Post

94 2357 207 2407 tuende.
225 2359 351 2408 emurch
396 2363 418 2406 6.
438 2358 496 2408 dicit
513 2360 535 2408 E
586 2363 606 2406 7.
627 2367 677 2407 orto
696 2359 762 2410 LPc
780 2359 847 2409 lorro
865 2359 918 2408 MR
958 2365 980 2410 9,
1000 2359 1050 2409 celo
1068 2357 1153 2415 lcaclol

96 2423 174 2475 lelll
209 2432 247 2480 la.
265 2427 289 2476 εἰ
306 2428 401 2490 quoeris
423 2426 515 2494 [effic
537 2427 643 2490 seponis
660 2427 681 2475 P
699 2428 723 2478 εἰ
741 2445 767 2476 re
785 2427 881 2492 quaerre
901 2429 918 2476 Ι.
935 2427 960 2476 ri
978 2427 1083 2493 scorreria
1103 2427 1154 2476 MR

99 2497 130 2544 la.
145 2499 253 2546 werel?
307 2505 332 2544 nt
350 2495 373 2544 r'rr
391 2495 470 2544 aar'mo
489 2495 511 2544 E
530 2495 631 2554 satiaret
648 2513 688 2548 urs,
708 2514 746 2560 qu.
766 2497 789 2544 lt
829 2502 863 2544 14.
883 2495 941 2544 earm
962 2496 982 2546 C
1027 2497 1047 2546 r'a
1066 2511 1106 2544 om
1135 2495 1155 2544 b

97 2557 134 2624 [dir
148 2573 249 2628 asymam
267 2581 340 2627 quara
360 2562 405 2631 Al]
435 2566 490 2614 benc
507 2565 666 2628 unrpnornbl'
711 2571 746 2612 15.
767 2566 827 2614 ineo
845 2580 885 2614 orn
906 2565 923 2614 li
959 2563 1154 2614 stadinmorn.ll

95 2817 213 2887 iudicate,
236 2825 289 2881 sed
312 2825 470 2881 serenetur.
514 2822 655 2880 Mendum
681 2823 800 2880 videtur
832 2832 928 2880 ertum
957 2842 994 2880 ex
1022 2844 1039 2878 n
1063 2842 1116 2898 pro
1139 2843 1155 2878 rr

94 2907 211 2986 scripto]

167 2993 213 3049 25.
247 2993 341 3070 Dicet)
365 2992 539 3050 laeter-m.
562 2993 625 3048 sine
649 2993 738 3049 dubio
762 3011 860 3049 errore
883 3003 1035 3068 typorum;
1063 2992 1154 3049 corri-

94 3086 155 3146 gunt
174 3079 248 3136 Dar.
278 3099 317 3136 ex
340 3079 387 3135 El.
414 3088 554 3152 utroque,
584 3075 677 3135 Gaius
700 3097 715 3134 e
739 3077 818 3136 Gnd.
845 3080 876 3148 1,
904 3079 973 3135 Bes.
1018 3077 1155 3136 Ceterine

94 3177 150 3218 curn
169 3163 247 3221 Eri?
291 3164 362 3222 Non
386 3162 473 3221 credo
495 3162 552 3218 nisi
575 3162 610 3218 de
634 3163 711 3238 Spir.
731 3161 795 3240 [Β.]

165 3260 241 3312 cocto.
267 3247 394 3324 Condito)
423 3248 472 3307 sic
501 3245 548 3326 (ut
569 3249 737 3305 emendavit
757 3249 910 3305 Manutius
937 3255 967 3304 et
999 3257 1065 3324 post
1088 3266 1153 3304 eum

93 3331 189 3408 editur)
220 3337 309 3393 etiam
338 3354 395 3410 mg.
424 3333 504 3392 Crat.
553 3333 640 3389 Horta
660 3333 741 3406 Oxx.
769 3341 883 3390 tantum
913 3352 950 3390 ex
979 3345 1025 3409 χψ
1049 3333 1154 3403 citant3

93 3419 171 3475 ceteri
191 3429 296 3478 tacent.
329 3421 380 3477 Ad
397 3419 490 3476 Attic.
507 3419 596 3488 XIII,
611 3419 691 3489 521
717 3419 753 3474 de
776 3419 903 3478 Caesare
925 3418 1047 3475 dicitur:
1086 3421 1155 3475 Edit

93 3503 189 3560 etlr'br't
209 3495 304 3571 ἀδεῶς
325 3515 351 3562 ct
371 3506 495 3569 r'ncnade,
517 3507 628 3578 oprpurc
650 3523 715 3560 eoae
737 3514 761 3560 et
782 3514 928 3580 capocrate,
956 3523 1003 3560 uec
1020 3505 1154 3574 idacium,

92 3587 134 3640 ted
152 3589 211 3645 bene
230 3601 311 3662 cocto,
341 3592 460 3655 corrdr'to,
489 3607 607 3644 sermore
629 3590 694 3645 bono
716 3599 748 3658 et,
771 3590 924 3663 aiqnacrr'.
953 3591 1076 3651 libenter:
1104 3588 1155 3644 nbi

91 3687 211 3747 apparet,
233 3676 295 3744 bene
317 3694 382 3732 esse
404 3673 527 3742 Lucilii3
549 3693 616 3730 narn
640 3675 676 3731 de
695 3675 896 3744 berreccnonrlo,
919 3683 952 3730 nt
964 3674 993 3730 id
1005 3675 1155 3731 diversum

92 3755 125 3812 sit
144 3776 160 3814 a
181 3762 292 3817 deurode
314 3763 447 3823 cenando,
482 3759 523 3815 ibi
546 3777 604 3814 non
627 3760 787 3834 quaeritur.
830 3761 866 3816 Id
889 3759 1061 3817 adverbium
1085 3760 1112 3814 h.
1135 3758 1154 3814 l.

92 3840 184 3900 Cicero
207 3845 313 3916 omisit,
337 3846 417 3920 quod
438 3846 468 3902 in
491 3844 584 3918 ipsius
606 3846 738 3902 oratione
761 3845 848 3921 longe
871 3845 1155 3920 eliasignilicatione

91 3941 245 3998 poneretur.
289 3931 324 3988 δι’
344 3933 463 4005 sequela
486 3929 573 3986 etiem
597 3931 679 4004 ϋχψ.

166 4027 241 4081 recle,
263 4015 402 4090 mucram)
430 4015 595 4072 Duriseime
617 4016 672 4072 boe
694 4016 760 4072 loco
783 4033 819 4071 ex
843 4025 921 4088 nepot
942 4014 1061 4071 auditur
1082 4016 1155 4084 dicit,

90 4114 139 4153 non
161 4100 254 4156 solnm
278 4102 318 4158 ob
339 4100 599 4176 propinquitatem,
623 4101 674 4158 sed
697 4101 775 4174 quod
798 4101 873 4157 idem
887 4099 1058 4156 adverbium
1071 4117 1155 4174 repe-

90 4181 161 4246 titur.
183 4195 215 4242 nt
237 4187 340 4244 eadem
364 4187 446 4244 verbi
469 4186 550 4243 notio
573 4187 638 4262 ipsa
659 4186 827 4260 anaphoree
855 4187 949 4261 figura
977 4184 1088 4240 serrari
1112 4185 1156 4240 ri-

91 4265 193 4340 deatur,
215 4279 245 4328 et
267 4273 344 4345 quod
367 4272 499 4328 variatur
527 4272 647 4346 paulum
676 4270 866 4346 significatio,
900 4280 933 4326 ut
961 4270 999 4326 sit
1026 4271 1154 4343 oppcldrt.

91 4350 159 4410 Nam
185 4357 358 4431 plerumque
385 4357 427 4414 ita
455 4376 493 4414 ex
520 4358 611 4414 verbo
644 4356 783 4432 negativo
805 4356 923 4411 auditur
945 4353 1154 4410 affirmativum
