2998 5020
352 399 414 464 658
742 417 786 462 nn
808 415 938 464 surmus
960 417 1031 462 oon.

352 585 577 668 quodcum,
599 593 716 666 potest;
749 585 780 649 in
809 585 961 651 nobismet
987 585 1063 666 ipsis
1091 593 1195 649 autem
1221 605 1259 648 ne
1284 583 1407 664 intellegi

351 689 483 769 quidem,
504 691 538 750 ot
559 693 688 768 propter
710 687 801 752 ubam
824 687 1086 769 quampismrem
1108 687 1195 752 verbi
1211 688 1407 768 madaprop-

323 778 326 786 ’
351 798 400 854 ter
421 789 624 870 voluptutem,
647 807 704 853 uos
726 807 877 867 omemns3
900 795 1030 871 propter
1052 808 1108 854 nos
1132 789 1213 854 enim
1234 789 1331 868 illem,
1357 807 1407 852 nou

351 898 481 973 propter
503 909 571 955 eom
593 892 819 972 nosmetipsos
841 891 1005 973 diligimus.
1050 893 1099 956 31.
1130 891 1324 972 Quamquam
1345 889 1408 970 quid

313 997 413 1071 best,
442 993 525 1074 quod
551 992 650 1074 magis
678 993 876 1074 perspicuum
904 993 961 1072 sit,
992 1013 1085 1074 quom
1108 1012 1168 1058 uon
1197 993 1288 1058 modo
1316 1010 1408 1056 carum

423 1167 444 1216 l.
463 1161 575 1226 qur'eqirid
591 1163 615 1212 R
682 1163 792 1213 nobismet
815 1173 892 1212 autern
915 1163 973 1228 ipsis
996 1163 1083 1214 Psoi.
1108 1164 1174 1212 nobis
1198 1172 1275 1212 omero
1297 1163 1353 1228 qosr's
1372 1159 1407 1209 tc

241 1277 244 1282 .
351 1247 438 1281 neom
465 1233 553 1281 ELCR
592 1236 615 1279 2.
635 1230 693 1296 quid
710 1233 731 1280 ll
774 1241 865 1282 utom.
885 1233 975 1282 ELCB
1015 1237 1039 1285 8.
1058 1229 1407 1297 notproplertpronoouqli

352 1306 374 1348 5,
393 1317 464 1364 quoin
482 1316 522 1349 om
550 1315 644 1360 omnes,
664 1300 706 1350 Or.

437 1465 509 1543 Cup.
532 1469 589 1526 XI.
621 1471 648 1523 in
670 1468 794 1525 nobismet
817 1471 882 1544 ipsis
904 1479 991 1524 antem
1014 1471 1081 1540 cet)
1105 1466 1227 1526 sicErl.
1243 1464 1308 1545 [B]‚
1330 1465 1408 1530 Citis

351 1555 430 1612 vict.
474 1553 516 1612 Ut
538 1554 565 1610 R
587 1553 627 1628 (in
649 1554 774 1610 nobismet
795 1564 882 1610 autem
903 1548 984 1632 ipsis)
1006 1554 1070 1610 Pul.
1089 1556 1117 1622 4,
1142 1553 1197 1622 Et,
1221 1553 1304 1610 Perr.
1325 1555 1338 1608 l
1358 1551 1407 1606 etl

352 1635 397 1718 (hi
420 1639 477 1696 duo
499 1638 571 1716 ont),
595 1638 672 1697 Gud.
695 1647 827 1713 uterque,
850 1640 930 1710 Bos,
953 1639 1039 1696 modo
1061 1637 1133 1696 sutis
1148 1639 1275 1695 editores
1291 1635 1409 1694 attende

352 1725 419 1786 rint
448 1725 598 1782 Manutius
620 1732 650 1779 et
672 1723 810 1799 deinceps
833 1725 922 1782 ceteri
946 1734 1014 1781 ente
1037 1722 1143 1782 Gzium
1166 1743 1204 1780 ex
1227 1723 1266 1782 C:
1299 1727 1325 1779 iu
1347 1722 1407 1777 nom

351 1820 439 1866 autem
450 1813 525 1884 ipsis.
559 1809 674 1866 Deinde
686 1809 716 1866 in
728 1810 792 1866 eod.
809 1811 888 1866 arob.
902 1810 1004 1885 (Pell,
1016 1808 1130 1884 Equr)
1143 1810 1185 1865 sio
1196 1808 1337 1884 scriptum
1347 1817 1407 1863 erut.

352 1916 384 1952 ne
406 1905 435 1951 et
448 1905 476 1952 ut
488 1895 617 1952 omissis:
639 1897 753 1969 intelieqi
763 1897 869 1969 quidem
881 1893 963 1975 (qnid
973 1894 1013 1972 [B
1025 1893 1069 1972 et]
1081 1893 1160 1952 Gud.
1175 1896 1203 1964 2,
1226 1897 1300 1970 quod
1315 1891 1408 1965 reliqui

352 1980 431 2050 Gzii,
444 1981 508 2056 ipso
520 1989 604 2049 teste,
618 1990 647 2036 et
658 1980 722 2036 Pul.
735 1981 764 2050 4,
777 1982 824 2036 tibi
828 1981 871 2049 U;
883 1980 957 2037 nihil
969 1981 1149 2057 significetur
1160 1979 1218 2037 nisi
1230 1983 1348 2054 quidem:
1360 1976 1407 2032 rid

352 2068 390 2124 ed
400 2067 426 2136 1,
440 2061 495 2148 39)
504 2077 616 2142 propter
627 2067 708 2122 oliam
726 2085 834 2122 eausam
852 2075 906 2122 oet.
940 2066 1025 2139 Quod
1044 2065 1140 2122 Aldus
1152 2065 1304 2122 Manutius
1321 2063 1407 2120 edidit,

352 2152 394 2209 itu
416 2160 445 2208 et
467 2171 485 2207 a
506 2149 601 2208 forma
617 2151 747 2225 reliquae
759 2151 901 2208 orationis
912 2148 1032 2228 (quidem
1044 2184 1085 2192 —
1096 2149 1227 2226 armosos)
1250 2160 1280 2207 et
1302 2165 1407 2223 osope-

351 2237 478 2294 rioribus
496 2233 623 2314 (inumqt
643 2237 742 2311 tomen)
761 2237 929 2310 requiritur,
953 2247 986 2294 ut
1002 2236 1213 2294 dubitationem
1231 2255 1289 2292 non
1306 2235 1408 2291 hebent.

353 2319 409 2401 (Ut
430 2321 506 2378 st.
530 2323 572 2378 sit
595 2341 657 2379 esse
680 2322 709 2378 in
733 2321 809 2381 CCC
832 2332 862 2378 et
883 2322 974 2392 Ball,
1006 2322 1057 2378 sed
1080 2322 1115 2377 de
1137 2335 1163 2392 ψ
1187 2319 1292 2395 (Bell.)
1315 2326 1407 2394 negent

353 2406 432 2466 Oxx.
465 2407 639 2464 Lambinus:
661 2410 775 2480 intelleqi
785 2412 934 2482 quipotest‚
953 2418 981 2464 ut
994 2417 1106 2482 propter
1123 2411 1192 2484 oet.)
1225 2406 1293 2479 Qua
1307 2405 1407 2462 ratione

353 2493 480 2550 dioetm:
503 2512 535 2548 ne
557 2497 671 2566 intelleqi
691 2495 798 2568 quidem
816 2503 912 2568 potest,
936 2503 965 2550 ut
987 2526 1027 2534 —
1049 2511 1175 2562 amemus,
1199 2492 1261 2548 dixi
1284 2493 1322 2548 od
1343 2489 1407 2554 ILb

353 2578 416 2655 (qui
431 2579 548 2654 probari
563 2589 665 2652 potest,
699 2575 828 2656 meet).
888 2575 992 2657 [Initio
1020 2577 1124 2652 eapitis
1153 2577 1240 2634 etiarn
1264 2577 1290 2634 Β
1312 2573 1411 2649 siquid

353 2666 449 2734 debere,
472 2683 488 2720 e
511 2683 569 2737 quo
592 2663 668 2720 Bait.
692 2667 717 2720 si
737 2667 791 2738 qui.
836 2663 927 2720 Editt.
949 2667 1018 2738 quis.
1061 2663 1144 2720 Idem
1167 2662 1231 2719 eod.
1253 2652 1409 2734 absus-dimo]

441 2749 490 2805 31.
517 2748 688 2823 Quootqtmm
710 2752 777 2823 quid
798 2759 846 2821 est,
870 2751 943 2823 quod
964 2752 1049 2822 moqis
1068 2751 1239 2824 perspicuum
1262 2751 1313 2816 sit,
1341 2763 1409 2820 quon

354 2855 404 2890 non
416 2836 492 2892 modo
515 2832 584 2912 oet)
606 2834 765 2891 Exciderat
776 2853 858 2909 quom
869 2835 898 2891 in
912 2834 1011 2891 codiee
1021 2835 1190 2909 archetypo.
1221 2833 1410 2890 Restituernnt

353 2920 504 2977 Manutius
527 2927 556 2976 et
579 2920 738 2977 Lambinus
761 2917 934 3000 [stomeis5
963 2920 1013 2994 qni
1036 2918 1099 2976 eod.
1128 2917 1254 2994 Glogav.
1282 2909 1409 2992 scripsit]¹

354 3005 452 3064 Ceteri
475 3005 601 3062 editores
614 3006 698 3079 quasi
709 3005 894 3062 sanissimum
913 3005 1007 3062 locum
1026 3004 1107 3060 lucili
1119 3013 1316 3080 praetereunt,
1338 3000 1409 3060 Orel-

353 3091 410 3148 lius
438 3090 526 3148 etiarn
548 3101 690 3147 annotata
717 3101 747 3148 et
773 3091 938 3166 improbate
959 3090 1011 3147 ille
1033 3089 1160 3146 Manutii
1187 3090 1341 3165 scripture„
1379 3084 1409 3140 Et

353 3185 450 3233 temen
473 3176 582 3232 nemini
605 3195 705 3234 eorum
728 3176 757 3232 in
781 3185 907 3232 mentem
919 3175 1001 3232 venit
1013 3175 1141 3240 eredere,
1163 3175 1268 3232 Latine
1291 3171 1409 3249 probis:

353 3263 419 3318 nibil
440 3271 478 3318 est
500 3265 585 3335 moqis
603 3265 792 3337 perspicuum,
815 3280 897 3335 qoam
919 3263 999 3318 solem
1021 3263 1106 3318 lucere
1129 3259 1186 3317 diei
1209 3261 1297 3316 etium
1321 3273 1410 3335 posse:

354 3349 420 3403 nibil
440 3358 479 3404 est
500 3350 585 3420 moqis
604 3351 792 3422 perspicuum,
815 3349 895 3404 solun
917 3349 1016 3415 luem
1050 3345 1117 3416 sed,
1146 3353 1179 3402 ut
1201 3364 1303 3420 saepe,
1337 3359 1410 3399 nemo

352 3431 478 3488 attendit
504 3432 542 3488 ud
564 3431 705 3488 orationis
732 3430 865 3489 formum.
909 3429 1152 3510 (Wesenbergius
1186 3441 1216 3487 et
1242 3429 1365 3488 attendit
1387 3432 1411 3480 et

352 3527 431 3574 reete
454 3517 603 3588 iudicavit,
625 3517 651 3574 is
673 3535 789 3592 qnoque
804 3517 857 3574 sui
879 3515 1007 3591 similis.)
1040 3516 1223 3590 Quamquam
1246 3515 1326 3590 quod
1346 3513 1409 3574 mco,

352 3602 462 3658 nemini
483 3602 557 3659 illud
578 3602 608 3658 in
630 3614 756 3660 mentem
778 3603 903 3672 venisse,
926 3621 984 3660 non
1002 3620 1121 3678 prorsus
1143 3609 1253 3658 eertum
1276 3600 1346 3658 mibi
1366 3605 1410 3664 est,

354 3687 498 3744 nerninem
527 3687 557 3743 id
580 3687 775 3744 defensurum.
814 3689 918 3762 Neque
941 3688 1018 3745 enim
1042 3687 1128 3762 longe
1150 3687 1188 3743 ab
1210 3687 1266 3744 bne
1287 3682 1411 3744 similitu·

354 3773 421 3830 dine
443 3781 587 3830 remotum
610 3782 655 3829 est
676 3781 706 3829 et
727 3773 757 3829 in
779 3775 880 3831 eodem
902 3773 1058 3849 pravitate,
1081 3773 1159 3846 quod
1181 3771 1211 3828 in
1233 3771 1293 3828 elio
1316 3783 1409 3846 genere

355 3857 470 3915 dicendi
492 3858 624 3915 occidere
651 3858 746 3915 video.
801 3859 875 3916 Cum
905 3859 982 3916 enirn
1009 3858 1113 3917 Cicero
1141 3875 1229 3933 saepe
1259 3857 1301 3914 sio
1328 3855 1408 3912 diem:

353 3947 422 4018 quid
442 3954 482 4001 est
502 3946 579 4000 eliud
593 3946 721 4018 fureret,
744 3951 778 4001 ut
798 3944 1000 4020 intellegetur:
1033 3943 1089 4000 nisi
1116 3943 1173 4000 hoo
1202 3953 1256 4010 est,
1290 3939 1364 4016 quod
1384 3945 1408 3990 ln

353 4028 436 4099 faeie,
460 4029 531 4086 olibi
553 4037 652 4086 autem
674 4029 774 4106 plene:
808 4031 875 4103 qnid
896 4040 935 4086 est
956 4031 1033 4086 atiud
1047 4032 1143 4102 serere
1164 4031 1217 4086 nisi
1230 4030 1311 4102 soleo
1333 4040 1408 4082 renim

354 4119 439 4190 specie
460 4117 658 4189 smnperludit,
682 4115 776 4173 exorti
800 4123 877 4183 sunt,
901 4114 950 4189 qui
963 4113 1162 4185 defenderent,
1185 4112 1408 4184 aCieeronepro

352 4199 409 4256 hoe
431 4200 593 4276 posteriore
616 4199 673 4257 diei
696 4201 799 4258 etiem:
831 4203 899 4277 quid
925 4211 965 4257 est
991 4201 1067 4256 atiud
1087 4203 1197 4272 surore,
1225 4201 1305 4272 falso
1332 4211 1406 4252 mrim

353 4288 439 4358 speeie
460 4305 564 4360 seroper
586 4288 663 4344 ludi?
689 4288 800 4344 Putunt
822 4296 918 4344 entem
941 4287 983 4342 sie
1006 4303 1071 4342 enm
1094 4285 1204 4342 dixisse
1226 4284 1304 4341 Phil.
1325 4283 1363 4351 Π,
1385 4279 1407 4337 it

352 4370 404 4426 ubi
416 4370 441 4427 si
452 4389 523 4427 vere
535 4381 580 4428 est
591 4372 722 4428 codicum
739 4372 893 4446 scripture,
918 4369 1105 4428 menifestum
1122 4379 1175 4442 est,
1198 4372 1287 4427 tollere
1301 4375 1409 4444 propter
