2944 5040
323 387 385 452 rto
714 403 758 449 nn
780 401 911 448 smmus
933 401 1004 446 non.

322 573 577 651 nonneclamant,
600 571 733 653 sapienti
743 571 814 653 plus
825 589 949 651 semper
959 572 1079 648 adesse,
1101 571 1185 652 quod
1197 569 1279 648 velit,
1302 587 1385 651 quam

322 676 406 759 quod
427 674 525 739 nolit?
559 673 635 740 Cum
663 681 784 738 tantum
810 673 906 756 igitur
932 674 964 737 in
991 675 1106 738 virtute
1132 681 1252 754 ponant
1272 671 1310 750 ii,
1341 671 1386 752 qui

321 777 460 842 fatentur
482 795 516 840 se
536 777 660 841 virtutis
682 795 791 855 causa,
813 775 873 840 nisi
902 793 939 840 ea
967 774 1189 856 voluptatem
1207 774 1335 852 accnet,
1355 791 1387 836 ne

323 898 448 944 manum
469 878 594 961 quidem
616 896 763 944 versuros
785 877 891 957 fuisse,
914 877 1102 960 quidfacere
1118 896 1176 941 nos
1188 885 1322 957 oportet,
1342 875 1387 956 qui

284 981 462 1064 dquamvis
484 981 641 1047 minimam
666 979 891 1061 praestantiam
917 980 1011 1044 animi
1039 979 1181 1044 omnibus
1211 979 1300 1043 bonis
1326 995 1386 1042 cor·

322 1085 409 1166 poris
430 1083 549 1148 anteire
570 1083 718 1160 dicamus,
741 1090 776 1147 ut
797 1099 834 1147 ea
855 1101 894 1147 ne
914 1081 947 1147 in
969 1087 1137 1163 conspectu
1159 1081 1285 1164 quidem
1301 1080 1386 1145 relin-

322 1188 479 1270 quantur?
502 1185 579 1263 Quis
601 1189 650 1250 est
671 1184 761 1265 euim,
783 1185 837 1267 qui
858 1185 917 1250 hoc
938 1186 1049 1250 cadere
1065 1185 1097 1248 in
1109 1184 1283 1265 sapientem
1293 1183 1387 1248 dioere

323 1290 445 1367 audeat,
468 1294 512 1366 nt,
534 1287 560 1351 si
582 1285 650 1352 fieri
671 1287 780 1368 possit,
802 1287 948 1352 virtutem
964 1287 996 1351 in
1013 1291 1200 1368 perpetuum
1218 1286 1338 1364 abiciat,
1358 1289 1387 1346 ut

323 1391 429 1456 dolore
447 1389 530 1454 omni
545 1389 714 1455 liberaum?
744 1389 821 1467 Quis
833 1397 974 1454 nostrum
990 1388 1104 1454 dixerit
1120 1389 1215 1470 (quos
1227 1408 1289 1454 non
1298 1388 1386 1469 pudet

265 1493 307 1558 10
324 1511 370 1572 ea,
387 1511 466 1574 quae
478 1492 572 1557 Stoici
582 1509 697 1573 aspera
707 1491 822 1570 dicunt,
833 1491 915 1556 mals
925 1491 1051 1573 dicere),
1062 1491 1172 1556 melius
1183 1509 1254 1556 esse
1265 1489 1386 1570 turpiter

323 1595 439 1677 aliquid
461 1592 564 1659 facere
578 1611 646 1660 curn
658 1594 818 1676 voluptate
830 1612 923 1675 quam
933 1593 1063 1658 honeste
1084 1611 1153 1658 cum
1175 1593 1302 1658 dolore?
1342 1591 1386 1655 iii.

394 1823 416 1866 2.
436 1817 506 1884 apina
523 1832 573 1870 om.
592 1816 635 1865 LP
682 1814 717 1864 lrir'
732 1815 754 1864 Ε
772 1815 799 1864 1ιί
814 1815 880 1868 Lot.
934 1820 958 1868 8,
976 1833 1002 1865 sc
1011 1817 1124 1881 satmtar
1141 1813 1231 1866 cR0r.
1285 1831 1312 1864 aa
1328 1810 1386 1862 eai'

324 1886 443 1951 calamato
461 1895 562 1936 maceret
580 1886 603 1934 E
621 1882 762 1948 voluptatem
779 1893 881 1934 maraci
898 1884 931 1944 P,
949 1885 1004 1934 sine
1021 1893 1082 1934 nota
1100 1883 1144 1934 Or.
1216 1889 1239 1931 4.
1264 1881 1329 1948 [qnid
1342 1897 1386 1930 aa·

324 1971 393 2004 suros
412 1954 461 2022 Eh]
500 1960 521 2003 5.
541 1952 616 2002 animi
628 1953 804 2017 praestantiam
822 1953 955 2004 LPCROr.
993 1957 1016 2002 6.
1036 1951 1117 2002 naria
1142 1954 1161 2002 C
1205 1951 1349 2016 raliqunar
1368 1947 1385 1996 L

327 2027 349 2076 7.
369 2024 428 2072 anim
446 2031 482 2074 eat
499 2023 568 2074 Pon
635 2021 695 2071 haec
713 2021 826 2088 (Ptncn
878 2027 901 2071 9.
920 2021 1046 2072 dicasti}
1106 2019 1169 2088 [qna
1187 2036 1234 2086 pro
1253 2037 1310 2084 qaas
1327 2015 1369 2084 Et]

325 2231 403 2306 qnod
426 2231 514 2288 etiam
537 2231 683 2307 Epicurus
705 2229 827 2288 auderet
848 2249 967 2306 ponere.
1011 2229 1133 2305 Epicuri
1161 2229 1272 2286 dietum
1300 2225 1385 2302 attigi·

325 2335 390 2374 mus
412 2316 450 2373 ad
471 2317 496 2387 1,
522 2317 570 2373 62.
615 2316 703 2390 Quod
728 2317 765 2374 de
793 2315 999 2392 Peripateticis
1025 2315 1162 2372 universe
1184 2315 1256 2372 Piso
1283 2314 1385 2370 locntm

327 2410 399 2474 erat,
422 2410 490 2476 pust
511 2401 599 2459 iilud:
622 2406 683 2478 qaus
706 2404 754 2460 doc
775 2405 858 2460 dr'cr‘t!
880 2420 938 2459 non
955 2400 1090 2469 subiecit,
1113 2399 1385 2475 quaeexpectabon-

326 2496 383 2558 tur,
406 2487 535 2545 Zenonis
556 2496 587 2545 ct
607 2488 728 2564 Epicuri
750 2488 881 2562 ipsorum
903 2486 1031 2544 nomina
1075 2485 1169 2562 (Oxx.
1197 2482 1385 2544 tantummodo

327 2566 425 2648 θξχψ
448 2582 591 2631 annotant
613 2575 708 2630 Stoicis
731 2571 812 2650 iicet.)

415 2658 482 2715 Cam
505 2669 607 2716 tonnam
628 2661 709 2732 ἱρέων
731 2653 802 2736 cet.)
825 2659 913 2730 Ipr'tur
934 2657 1045 2714 omittit
1066 2655 1155 2714 etism
1167 2655 1247 2716 Gud.
1266 2664 1384 2728 uterquc,

326 2743 417 2801 editio
440 2744 576 2802 Victorii.
624 2745 700 2801 Tum
722 2746 848 2818 fatentur
874 2762 903 2800 sa
930 2742 997 2800 dedi
1026 2762 1043 2800 s
1073 2742 1187 2813 „tribus
1214 2741 1383 2818 potioribus

327 2827 396 2888 Gzii
409 2826 449 2907 [B
460 2832 584 2905 fatentur
595 2827 634 2907 cr]
646 2838 676 2886 et
687 2829 734 2907 (ut
745 2847 783 2885 ex
794 2828 845 2886 LP
857 2825 994 2907 apparet)
1005 2827 1132 2886 fortasse
1143 2827 1245 2886 multia
1255 2827 1328 2884 aliis.
1355 2823 1385 2880 In

326 2913 436 2972 talibus
458 2914 607 2989 sequenda
628 2914 760 2972 codicum
783 2914 864 2986 fides,
886 2922 920 2971 ut
942 2915 1030 2972 etiem
1052 2915 1094 2986 11,
1108 2916 1148 2970 74
1170 2912 1237 2970 feci.
1280 2907 1385 2970 Tumiu

327 2999 428 3058 codice
449 3001 625 3076 archetypo,
658 3000 758 3057 littera
786 3020 812 3056 m
839 3019 877 3056 ex
904 3002 1063 3074 voluptatem
1085 3000 1239 3075 proximae
1261 2997 1323 3056 voci
1341 2993 1385 3050 sd·

326 3085 436 3158 iuncta,
458 3086 600 3162 scripturn
622 3095 686 3142 erat
706 3089 840 3161 voluptate
861 3095 984 3156 maeret,
1007 3094 1040 3142 ut
1061 3093 1126 3142 crat
1147 3085 1177 3142 in
1201 3084 1293 3141 tribus
1304 3080 1386 3159 potio·

326 3171 409 3230 ribus
421 3170 498 3242 Gaii,
517 3169 583 3250 [B],
606 3171 670 3228 Pal.
690 3171 722 3241 63
747 3171 816 3228 hinc
831 3169 942 3228 factum
959 3173 1121 3247 voluptatem
1137 3181 1252 3228 macaet
1268 3167 1340 3248 (Pal.
1360 3168 1384 3234 4,

326 3257 412 3316 Parr.
427 3260 453 3329 1,
467 3257 495 3328 3,
517 3276 549 3333 χ;
572 3257 603 3313 in
624 3267 651 3330 ψ
674 3265 738 3314 erat
763 3259 923 3332 voluptatem
944 3259 1050 3327 accuet,
1073 3257 1125 3314 sed
1148 3275 1238 3332 supra
1260 3254 1385 3329 scriptum

327 3346 486 3419 oolrprtatem
507 3340 634 3419 marera)
668 3350 698 3399 et
725 3342 798 3413 alia3
826 3343 857 3400 in
876 3338 919 3412 Εξ
939 3342 1056 3400 Monac.
1092 3341 1266 3418 corrigendo
1297 3347 1385 3396 natum

327 3431 461 3502 voluptate
477 3439 615 3500 marceret,
638 3428 668 3484 in
691 3426 770 3486 Gud.
797 3431 810 3484 1
835 3431 995 3504 uoluptatem
1015 3437 1132 3498 ornem
1163 3427 1254 3486 Vind.
1270 3431 1385 3489 nauare

327 3515 445 3570 maderet
466 3532 525 3570 non
547 3514 578 3570 in
601 3513 701 3571 codice
722 3513 884 3582 inventurn,
907 3512 959 3570 sed
980 3531 999 3569 a
1017 3511 1147 3572 Gruteru
1169 3531 1262 3590 prave
1283 3507 1385 3583 excogi-

328 3605 421 3655 tatum
444 3607 496 3656 est.
539 3598 589 3656 Ad
611 3599 777 3656 litterarum
804 3598 930 3676 vestigia
956 3599 1028 3656 satis
1055 3617 1148 3675 prope
1175 3599 1289 3656 accedit
1314 3603 1385 3652 verus

328 3683 505 3754 coniectura,
528 3701 615 3758 quam
638 3684 766 3743 editores
788 3686 882 3743 secuti
903 3693 985 3754 sunt3
1008 3684 1060 3742 sed
1081 3687 1169 3742 ocare
1179 3684 1385 3740 translatanus·

328 3787 416 3843 quern
438 3766 542 3827 Cicero
565 3769 654 3842 dixit,
678 3789 712 3828 ac
735 3789 771 3828 ne
793 3770 982 3846 aliiquidem,
1004 3770 1063 3828 nisi
1074 3771 1153 3844 quod
1163 3771 1243 3845 apud
1254 3764 1384 3828 Velleium

328 3863 358 3912 et
379 3853 498 3912 Florum
526 3865 635 3913 mortam
661 3861 748 3914 ardre
775 3855 882 3914 dicitur
910 3874 969 3913 non
990 3855 1035 3928 id,
1059 3856 1138 3930 quod
1160 3865 1284 3914 mortem
1303 3849 1384 3916 afferi

328 3957 404 4014 quae
425 3939 473 3997 hic
496 3939 671 4017 significatio
693 3941 867 4017 requiritur,
890 3940 1026 4017 sedipse,
1049 3941 1100 4016 qui
1123 3959 1188 3998 eam
1212 3939 1268 3999 sibi
1288 3933 1384 3996 consei-

328 4025 392 4083 scit.
434 4026 540 4100 Itaque
562 4027 642 4086 aliud
665 4047 683 4086 a
705 4027 847 4087 Cicerone
870 4028 992 4084 verbum
1013 4027 1142 4103 positum
1170 4037 1243 4102 puto
1270 4023 1384 4104 (afferret,

323 4110 456 4191 pareret).
501 4110 629 4190 [Orcarct
649 4113 801 4184 Baiterus,
829 4111 908 4188 quod
929 4131 988 4171 non
1010 4122 1082 4189 puto
1104 4113 1147 4170 ita
1167 4110 1263 4190 poni]
1304 4105 1384 4168 Pado

328 4205 395 4272 post
417 4195 631 4274 [praestantiam
642 4202 725 4256 animi
745 4199 834 4256 etiarn
857 4217 895 4256 ex
911 4199 951 4268 B3
975 4197 1053 4276 turn]
1075 4201 1136 4274 quir
1158 4209 1198 4256 est
1219 4201 1286 4256 asim
1306 4193 1383 4254 enus

329 4281 440 4340 strl.
463 4281 591 4359 etSpir.,
615 4285 663 4342 doe
684 4286 781 4342 eodm
806 4284 883 4342 Dav.
906 4303 923 4341 e
945 4284 1013 4341 Per.
1037 4282 1154 4361 (qno?),
1178 4293 1208 4341 et
1230 4282 1384 4342 oonfirmm

328 4366 387 4424 duo
414 4368 473 4439 illi;
506 4365 677 4448 [utrumque
699 4370 787 4428 etiam
809 4367 859 4448 B].
