<?xml version="1.0" encoding="UTF-8"?>
<!DOCTYPE html PUBLIC "-//W3C//DTD XHTML 1.0 Transitional//EN"
    "http://www.w3.org/TR/xhtml1/DTD/xhtml1-transitional.dtd">
<html xmlns="http://www.w3.org/1999/xhtml" xml:lang="en" lang="en">
 <head>
  <title>
</title>
<meta http-equiv="Content-Type" content="text/html;charset=utf-8" />
  <meta name='ocr-system' content='tesseract 3.04.00' />
  <meta name='ocr-capabilities' content='ocr_page ocr_carea ocr_par ocr_line ocrx_word'/>
</head>
<body>
  <div class='ocr_page' id='page_1' title='image "./definibusbonoru04cicegoog_0144.png"; bbox 0 0 2920 5012; ppageno 0'>
   <div class='ocr_carea' id='block_1_1' title="bbox 319 385 1001 450">
    <p class='ocr_par' dir='ltr' id='par_1_1' title="bbox 319 385 1001 450">
     <span class='ocr_line' id='line_1_1' title="bbox 319 385 1001 450; baseline -0.001 -1"><span class='ocrx_word' id='word_1_1' title='bbox 319 385 361 449; x_wconf 91' lang='grc'><strong>66</strong></span> <span class='ocrx_word' id='word_1_2' title='bbox 710 403 755 448; x_wconf 83' lang='lat' dir='ltr'><strong>nu</strong></span> <span class='ocrx_word' id='word_1_3' title='bbox 777 401 908 450; x_wconf 77' lang='lat' dir='ltr'><strong>muscus</strong></span> <span class='ocrx_word' id='word_1_4' title='bbox 930 402 1001 450; x_wconf 81' lang='lat' dir='ltr'><strong>nou.</strong></span> 
     </span>
    </p>
   </div>
   <div class='ocr_carea' id='block_1_2' title="bbox 319 571 1393 756">
    <p class='ocr_par' dir='ltr' id='par_1_2' title="bbox 319 571 1393 756">
     <span class='ocr_line' id='line_1_2' title="bbox 319 571 1393 654; baseline 0 -18"><span class='ocrx_word' id='word_1_5' title='bbox 319 571 604 654; x_wconf 65' lang='lat' dir='ltr'><strong>conclusionemque</strong></span> <span class='ocrx_word' id='word_1_6' title='bbox 615 571 744 638; x_wconf 86' lang='lat' dir='ltr'><strong>rationis</strong></span> <span class='ocrx_word' id='word_1_7' title='bbox 762 577 794 637; x_wconf 90' lang='lat' dir='ltr'><strong>et</strong></span> <span class='ocrx_word' id='word_1_8' title='bbox 808 571 890 636; x_wconf 83' lang='lat' dir='ltr'><strong>inter</strong></span> <span class='ocrx_word' id='word_1_9' title='bbox 900 571 1085 637; x_wconf 77' lang='lat' dir='ltr'><strong>mediocrem</strong></span> <span class='ocrx_word' id='word_1_10' title='bbox 1096 572 1393 638; x_wconf 87' lang='lat' dir='ltr'><strong>animadversionem</strong></span> 
     </span>
     <span class='ocr_line' id='line_1_3' title="bbox 319 674 1392 756; baseline 0.001 -18"><span class='ocrx_word' id='word_1_11' title='bbox 319 681 413 756; x_wconf 88' lang='lat' dir='ltr'><strong>atque</strong></span> <span class='ocrx_word' id='word_1_12' title='bbox 434 674 686 752; x_wconf 67' lang='lat' dir='ltr'><strong>admonitionem</strong></span> <span class='ocrx_word' id='word_1_13' title='bbox 720 674 821 738; x_wconf 87' lang='lat' dir='ltr'><strong>altera</strong></span> <span class='ocrx_word' id='word_1_14' title='bbox 843 674 963 739; x_wconf 87' lang='lat' dir='ltr'><strong>occulta</strong></span> <span class='ocrx_word' id='word_1_15' title='bbox 985 675 1139 756; x_wconf 75' lang='lat' dir='ltr'><strong>quaedam</strong></span> <span class='ocrx_word' id='word_1_16' title='bbox 1167 683 1199 740; x_wconf 88' lang='lat' dir='ltr'><strong>et</strong></span> <span class='ocrx_word' id='word_1_17' title='bbox 1226 675 1316 756; x_wconf 86' lang='lat' dir='ltr'><strong>quasi</strong></span> <span class='ocrx_word' id='word_1_18' title='bbox 1344 674 1392 739; x_wconf 91' lang='lat' dir='ltr'><strong>in-</strong></span> 
     </span>
    </p>
   </div>
   <div class='ocr_carea' id='block_1_3' title="bbox 388 861 1093 927">
    <p class='ocr_par' dir='ltr' id='par_1_3' title="bbox 388 861 1093 927">
     <span class='ocr_line' id='line_1_4' title="bbox 388 861 1093 927; baseline -0.001 -16"><span class='ocrx_word' id='word_1_19' title='bbox 388 866 410 911; x_wconf 78' lang='lat'><strong>2.</strong></span> <span class='ocrx_word' id='word_1_20' title='bbox 429 862 575 912; x_wconf 73' lang='lat' dir='ltr'><strong>mondumern</strong></span> <span class='ocrx_word' id='word_1_21' title='bbox 594 863 615 912; x_wconf 81' lang='lat' dir='ltr'>E</span> <span class='ocrx_word' id='word_1_22' title='bbox 636 861 833 927; x_wconf 73' lang='lat' dir='ltr'><strong>[emenonlceonem</strong></span> <span class='ocrx_word' id='word_1_23' title='bbox 851 862 900 927; x_wconf 84' lang='lat' dir='ltr'><strong>Eh]</strong></span> <span class='ocrx_word' id='word_1_24' title='bbox 937 861 1054 912; x_wconf 73' lang='lat' dir='ltr'><strong>orcadum</strong></span> <span class='ocrx_word' id='word_1_25' title='bbox 1072 863 1093 911; x_wconf 90' lang='lat' dir='ltr'>L</span> 
     </span>
    </p>
   </div>
   <div class='ocr_carea' id='block_1_4' title="bbox 314 1054 1401 4470">
    <p class='ocr_par' dir='ltr' id='par_1_4' title="bbox 316 1054 1400 2757">
     <span class='ocr_line' id='line_1_5' title="bbox 322 1054 1393 1130; baseline -0.001 -19"><span class='ocrx_word' id='word_1_26' title='bbox 322 1055 374 1111; x_wconf 86' lang='grc' dir='ltr'><strong>1οε</strong></span> <span class='ocrx_word' id='word_1_27' title='bbox 392 1057 534 1130; x_wconf 70' lang='lat' dir='ltr'><strong>pracepit,</strong></span> <span class='ocrx_word' id='word_1_28' title='bbox 557 1073 645 1110; x_wconf 81' lang='lat' dir='ltr'><strong>omnes</strong></span> <span class='ocrx_word' id='word_1_29' title='bbox 668 1063 696 1109; x_wconf 86' lang='lat' dir='ltr'><strong>ut</strong></span> <span class='ocrx_word' id='word_1_30' title='bbox 718 1057 744 1109; x_wconf 85' lang='lat' dir='ltr'><strong>in</strong></span> <span class='ocrx_word' id='word_1_31' title='bbox 767 1073 847 1110; x_wconf 77' lang='lat' dir='ltr'><strong>unone</strong></span> <span class='ocrx_word' id='word_1_32' title='bbox 863 1054 995 1112; x_wconf 84' lang='lat' dir='ltr'><strong>Eumenis</strong></span> <span class='ocrx_word' id='word_1_33' title='bbox 1017 1056 1087 1128; x_wconf 69' lang='lat' dir='ltr'><strong>regie</strong></span> <span class='ocrx_word' id='word_1_34' title='bbox 1109 1064 1269 1112; x_wconf 73' lang='lat' dir='ltr'><strong>concurr-ont</strong></span> <span class='ocrx_word' id='word_1_35' title='bbox 1291 1073 1393 1122; x_wconf 70' lang='lat' dir='ltr'><strong>novena</strong></span> 
     </span>
     <span class='ocr_line' id='line_1_6' title="bbox 317 1139 1394 1214; baseline -0.002 -18"><span class='ocrx_word' id='word_1_36' title='bbox 317 1160 336 1196; x_wconf 87' lang='lat' dir='ltr'><strong>n</strong></span> <span class='ocrx_word' id='word_1_37' title='bbox 356 1142 450 1196; x_wconf 80' lang='lat' dir='ltr'><strong>ceteris</strong></span> <span class='ocrx_word' id='word_1_38' title='bbox 472 1150 574 1197; x_wconf 81' lang='lat' dir='ltr'><strong>tantum</strong></span> <span class='ocrx_word' id='word_1_39' title='bbox 596 1143 663 1197; x_wconf 68' lang='lat' dir='ltr'><strong>autes</strong></span> <span class='ocrx_word' id='word_1_40' title='bbox 685 1139 801 1196; x_wconf 75' lang='lat' dir='ltr'><strong>lolmrrt</strong></span> <span class='ocrx_word' id='word_1_41' title='bbox 821 1159 850 1196; x_wconf 85' lang='lat' dir='ltr'><strong>se</strong></span> <span class='ocrx_word' id='word_1_42' title='bbox 872 1141 1029 1214; x_wconf 79' lang='lat' dir='ltr'><strong>defendere,</strong></span> <span class='ocrx_word' id='word_1_43' title='bbox 1064 1139 1114 1196; x_wconf 88' lang='lat' dir='ltr'><strong>ubi</strong></span> <span class='ocrx_word' id='word_1_44' title='bbox 1137 1139 1281 1197; x_wconf 78' lang='lat' dir='ltr'><strong>citaverat</strong></span> <span class='ocrx_word' id='word_1_45' title='bbox 1302 1139 1335 1197; x_wconf 94' lang='grc' dir='ltr'><strong><em>Π</em></strong></span> <span class='ocrx_word' id='word_1_46' title='bbox 1357 1139 1394 1195; x_wconf 89' lang='lat' dir='ltr'><strong>de</strong></span> 
     </span>
     <span class='ocr_line' id='line_1_7' title="bbox 318 1224 1396 1300; baseline -0.003 -17"><span class='ocrx_word' id='word_1_47' title='bbox 318 1224 418 1283; x_wconf 88' lang='lat' dir='ltr'><strong>Divin.</strong></span> <span class='ocrx_word' id='word_1_48' title='bbox 433 1226 507 1282; x_wconf 89' lang='lat'>104:</span> <span class='ocrx_word' id='word_1_49' title='bbox 530 1224 608 1281; x_wconf 78' lang='lat' dir='ltr'><strong>Nihil</strong></span> <span class='ocrx_word' id='word_1_50' title='bbox 622 1235 662 1283; x_wconf 81' lang='lat' dir='ltr'><strong>est</strong></span> <span class='ocrx_word' id='word_1_51' title='bbox 673 1243 776 1282; x_wconf 71' lang='lat' dir='ltr'><strong>incesse</strong></span> <span class='ocrx_word' id='word_1_52' title='bbox 792 1226 887 1295; x_wconf 82' lang='lat' dir='ltr'><strong>dicere,</strong></span> <span class='ocrx_word' id='word_1_53' title='bbox 910 1245 980 1300; x_wconf 76' lang='lat' dir='ltr'><strong>qreoe</strong></span> <span class='ocrx_word' id='word_1_54' title='bbox 1001 1235 1164 1300; x_wconf 61' lang='lat' dir='ltr'><strong>sequentum</strong></span> <span class='ocrx_word' id='word_1_55' title='bbox 1187 1235 1290 1282; x_wconf 80' lang='lat' dir='ltr'><strong>tontum</strong></span> <span class='ocrx_word' id='word_1_56' title='bbox 1301 1235 1345 1282; x_wconf 83' lang='lat' dir='ltr'><strong>eut</strong></span> <span class='ocrx_word' id='word_1_57' title='bbox 1355 1235 1396 1281; x_wconf 81' lang='lat' dir='ltr'><strong>est</strong></span> 
     </span>
     <span class='ocr_line' id='line_1_8' title="bbox 318 1309 1394 1387; baseline -0.002 -19"><span class='ocrx_word' id='word_1_58' title='bbox 318 1312 431 1384; x_wconf 73' lang='lat' dir='ltr'><strong>incolleqi</strong></span> <span class='ocrx_word' id='word_1_59' title='bbox 451 1319 506 1368; x_wconf 86' lang='lat' dir='ltr'><strong>etc.</strong></span> <span class='ocrx_word' id='word_1_60' title='bbox 529 1310 619 1368; x_wconf 85' lang='lat' dir='ltr'><strong>Addo</strong></span> <span class='ocrx_word' id='word_1_61' title='bbox 641 1329 695 1387; x_wconf 88' lang='lat' dir='ltr'><strong>pro</strong></span> <span class='ocrx_word' id='word_1_62' title='bbox 712 1309 797 1370; x_wconf 87' lang='lat' dir='ltr'><strong>Sulla</strong></span> <span class='ocrx_word' id='word_1_63' title='bbox 820 1310 874 1367; x_wconf 83' lang='lat'><strong>39:</strong></span> <span class='ocrx_word' id='word_1_64' title='bbox 902 1312 962 1368; x_wconf 87' lang='lat' dir='ltr'><strong>lom</strong></span> <span class='ocrx_word' id='word_1_65' title='bbox 984 1330 1155 1386; x_wconf 84' lang='lat' dir='ltr'><strong>nonqnoero,</strong></span> <span class='ocrx_word' id='word_1_66' title='bbox 1174 1321 1306 1386; x_wconf 72' lang='lat' dir='ltr'><strong>purgetne</strong></span> <span class='ocrx_word' id='word_1_67' title='bbox 1326 1312 1394 1368; x_wconf 80' lang='lat' dir='ltr'><strong>Coe·</strong></span> 
     </span>
     <span class='ocr_line' id='line_1_9' title="bbox 317 1396 1397 1466; baseline -0.003 -11"><span class='ocrx_word' id='word_1_68' title='bbox 317 1402 373 1455; x_wconf 74' lang='lat' dir='ltr'><strong>ciera</strong></span> <span class='ocrx_word' id='word_1_69' title='bbox 386 1397 491 1454; x_wconf 82' lang='lat' dir='ltr'><strong>Sullam</strong></span> <span class='ocrx_word' id='word_1_70' title='bbox 498 1420 508 1464; x_wconf 89' lang='lat'>,·</span> <span class='ocrx_word' id='word_1_71' title='bbox 530 1398 599 1453; x_wconf 80' lang='lat' dir='ltr'><strong>illud</strong></span> <span class='ocrx_word' id='word_1_72' title='bbox 620 1397 685 1452; x_wconf 82' lang='lat' dir='ltr'><strong>milri</strong></span> <span class='ocrx_word' id='word_1_73' title='bbox 706 1405 808 1453; x_wconf 73' lang='lat' dir='ltr'><strong>munem</strong></span> <span class='ocrx_word' id='word_1_74' title='bbox 829 1399 898 1453; x_wconf 64' lang='lat' dir='ltr'><strong>cotes</strong></span> <span class='ocrx_word' id='word_1_75' title='bbox 920 1407 967 1466; x_wconf 81' lang='lat' dir='ltr'><strong>eal,</strong></span> <span class='ocrx_word' id='word_1_76' title='bbox 990 1406 1082 1454; x_wconf 86' lang='lat' dir='ltr'><strong>contro</strong></span> <span class='ocrx_word' id='word_1_77' title='bbox 1111 1396 1217 1454; x_wconf 77' lang='lat' dir='ltr'><strong>Sullam</strong></span> <span class='ocrx_word' id='word_1_78' title='bbox 1244 1397 1311 1454; x_wconf 82' lang='lat' dir='ltr'><strong>nllril</strong></span> <span class='ocrx_word' id='word_1_79' title='bbox 1337 1415 1397 1452; x_wconf 81' lang='lat' dir='ltr'><strong>esee</strong></span> 
     </span>
     <span class='ocr_line' id='line_1_10' title="bbox 317 1481 1394 1553; baseline -0.002 -13"><span class='ocrx_word' id='word_1_80' title='bbox 317 1484 472 1553; x_wconf 68' lang='lat' dir='ltr'><strong>iamdicto,</strong></span> <span class='ocrx_word' id='word_1_81' title='bbox 495 1483 546 1539; x_wconf 89' lang='lat' dir='ltr'><strong>ubi</strong></span> <span class='ocrx_word' id='word_1_82' title='bbox 568 1481 758 1539; x_wconf 81' lang='lat' dir='ltr'><strong>memorabile</strong></span> <span class='ocrx_word' id='word_1_83' title='bbox 782 1492 827 1539; x_wconf 90' lang='lat' dir='ltr'><strong>est</strong></span> <span class='ocrx_word' id='word_1_84' title='bbox 848 1482 917 1539; x_wconf 79' lang='lat' dir='ltr'><strong>addi</strong></span> <span class='ocrx_word' id='word_1_85' title='bbox 939 1484 1016 1539; x_wconf 83' lang='lat' dir='ltr'><strong>illud.</strong></span> <span class='ocrx_word' id='word_1_86' title='bbox 1059 1482 1149 1540; x_wconf 84' lang='lat' dir='ltr'><strong>Patet</strong></span> <span class='ocrx_word' id='word_1_87' title='bbox 1175 1481 1253 1540; x_wconf 87' lang='lat' dir='ltr'><strong>enirn</strong></span> <span class='ocrx_word' id='word_1_88' title='bbox 1276 1501 1314 1538; x_wconf 85' lang='lat' dir='ltr'><strong>ex</strong></span> <span class='ocrx_word' id='word_1_89' title='bbox 1338 1481 1394 1538; x_wconf 89' lang='lat' dir='ltr'><strong>hoc</strong></span> 
     </span>
     <span class='ocr_line' id='line_1_11' title="bbox 316 1567 1396 1638; baseline -0.002 -12"><span class='ocrx_word' id='word_1_90' title='bbox 316 1569 391 1638; x_wconf 91' lang='lat' dir='ltr'><strong>loco,</strong></span> <span class='ocrx_word' id='word_1_91' title='bbox 415 1569 445 1625; x_wconf 91' lang='lat' dir='ltr'><strong>in</strong></span> <span class='ocrx_word' id='word_1_92' title='bbox 466 1587 555 1624; x_wconf 86' lang='lat' dir='ltr'><strong>unam</strong></span> <span class='ocrx_word' id='word_1_93' title='bbox 577 1567 733 1625; x_wconf 81' lang='lat' dir='ltr'><strong>formulam</strong></span> <span class='ocrx_word' id='word_1_94' title='bbox 745 1567 889 1625; x_wconf 89' lang='lat' dir='ltr'><strong>coaluisse</strong></span> <span class='ocrx_word' id='word_1_95' title='bbox 912 1571 1107 1637; x_wconf 62' lang='lat' dir='ltr'><strong>tontumeollog</strong></span> <span class='ocrx_word' id='word_1_96' title='bbox 1129 1568 1291 1624; x_wconf 84' lang='lat' dir='ltr'><strong>cumcuim</strong></span> <span class='ocrx_word' id='word_1_97' title='bbox 1308 1567 1396 1624; x_wconf 85' lang='lat' dir='ltr'><strong>init-io</strong></span> 
     </span>
     <span class='ocr_line' id='line_1_12' title="bbox 318 1652 1395 1722; baseline -0.003 -11"><span class='ocrx_word' id='word_1_98' title='bbox 318 1665 419 1712; x_wconf 78' lang='lat' dir='ltr'><strong>tmolum</strong></span> <span class='ocrx_word' id='word_1_99' title='bbox 443 1657 511 1710; x_wconf 81' lang='lat' dir='ltr'><strong>eolis</strong></span> <span class='ocrx_word' id='word_1_100' title='bbox 533 1663 572 1710; x_wconf 83' lang='lat' dir='ltr'><strong>eat</strong></span> <span class='ocrx_word' id='word_1_101' title='bbox 593 1652 649 1710; x_wconf 91' lang='lat' dir='ltr'><strong>hoe</strong></span> <span class='ocrx_word' id='word_1_102' title='bbox 661 1671 748 1710; x_wconf 86' lang='lat' dir='ltr'><strong>sensu</strong></span> <span class='ocrx_word' id='word_1_103' title='bbox 760 1653 920 1710; x_wconf 88' lang='lat' dir='ltr'><strong>diceretur:</strong></span> <span class='ocrx_word' id='word_1_104' title='bbox 942 1672 998 1710; x_wconf 87' lang='lat' dir='ltr'><strong>nur</strong></span> <span class='ocrx_word' id='word_1_105' title='bbox 1009 1653 1105 1711; x_wconf 86' lang='lat' dir='ltr'><strong>dieses</strong></span> <span class='ocrx_word' id='word_1_106' title='bbox 1118 1653 1188 1722; x_wconf 79' lang='lat' dir='ltr'><strong>(und</strong></span> <span class='ocrx_word' id='word_1_107' title='bbox 1206 1653 1288 1710; x_wconf 86' lang='lat' dir='ltr'><strong>nicht</strong></span> <span class='ocrx_word' id='word_1_108' title='bbox 1298 1653 1395 1720; x_wconf 85' lang='lat' dir='ltr'><strong>mehr)</strong></span> 
     </span>
     <span class='ocr_line' id='line_1_13' title="bbox 317 1739 1395 1816; baseline -0.004 -19"><span class='ocrx_word' id='word_1_109' title='bbox 317 1741 356 1797; x_wconf 88' lang='lat' dir='ltr'><strong>ist</strong></span> <span class='ocrx_word' id='word_1_110' title='bbox 377 1757 484 1816; x_wconf 86' lang='lat' dir='ltr'><strong>genug,</strong></span> <span class='ocrx_word' id='word_1_111' title='bbox 507 1739 537 1796; x_wconf 93' lang='lat' dir='ltr'><strong>id</strong></span> <span class='ocrx_word' id='word_1_112' title='bbox 560 1747 614 1810; x_wconf 83' lang='lat' dir='ltr'><strong>est,</strong></span> <span class='ocrx_word' id='word_1_113' title='bbox 638 1739 728 1795; x_wconf 88' lang='lat' dir='ltr'><strong>sehon</strong></span> <span class='ocrx_word' id='word_1_114' title='bbox 751 1739 855 1804; x_wconf 88' lang='lat' dir='ltr'><strong>dieses,</strong></span> <span class='ocrx_word' id='word_1_115' title='bbox 879 1739 984 1796; x_wconf 90' lang='lat' dir='ltr'><strong>deinde</strong></span> <span class='ocrx_word' id='word_1_116' title='bbox 997 1741 1178 1795; x_wconf 79' lang='lat' dir='ltr'><strong>tontnnrson&#39;s</strong></span> <span class='ocrx_word' id='word_1_117' title='bbox 1199 1757 1320 1814; x_wconf 79' lang='lat' dir='ltr'><strong>prorsus</strong></span> <span class='ocrx_word' id='word_1_118' title='bbox 1334 1749 1395 1795; x_wconf 86' lang='lat' dir='ltr'><strong>est:</strong></span> 
     </span>
     <span class='ocr_line' id='line_1_14' title="bbox 317 1822 1396 1902; baseline 0.002 -19"><span class='ocrx_word' id='word_1_119' title='bbox 317 1825 407 1883; x_wconf 85' lang='lat' dir='ltr'><strong>sciron</strong></span> <span class='ocrx_word' id='word_1_120' title='bbox 418 1843 523 1902; x_wconf 85' lang='lat' dir='ltr'><strong>genug.</strong></span> <span class='ocrx_word' id='word_1_121' title='bbox 546 1824 736 1900; x_wconf 85' lang='lat' dir='ltr'><strong>Erlangensis</strong></span> <span class='ocrx_word' id='word_1_122' title='bbox 748 1823 909 1881; x_wconf 87' lang='lat' dir='ltr'><strong>omittendo</strong></span> <span class='ocrx_word' id='word_1_123' title='bbox 922 1825 1092 1900; x_wconf 77' lang='lat' dir='ltr'><strong>saepissime</strong></span> <span class='ocrx_word' id='word_1_124' title='bbox 1104 1834 1214 1900; x_wconf 81' lang='lat' dir='ltr'><strong>peccat</strong></span> <span class='ocrx_word' id='word_1_125' title='bbox 1232 1822 1396 1902; x_wconf 77' lang='lat' dir='ltr'><strong>[Apparet.</strong></span> 
     </span>
     <span class='ocr_line' id='line_1_15' title="bbox 316 1909 1397 1968; baseline -0.003 0"><span class='ocrx_word' id='word_1_126' title='bbox 316 1930 368 1968; x_wconf 90' lang='lat' dir='ltr'><strong>cur</strong></span> <span class='ocrx_word' id='word_1_127' title='bbox 390 1912 420 1968; x_wconf 83' lang='grc' dir='ltr'><strong>Α</strong></span> <span class='ocrx_word' id='word_1_128' title='bbox 442 1911 472 1968; x_wconf 92' lang='lat' dir='ltr'><strong>iu</strong></span> <span class='ocrx_word' id='word_1_129' title='bbox 495 1910 650 1967; x_wconf 87' lang='lat' dir='ltr'><strong>verborum</strong></span> <span class='ocrx_word' id='word_1_130' title='bbox 674 1909 775 1966; x_wconf 90' lang='lat' dir='ltr'><strong>ordine</strong></span> <span class='ocrx_word' id='word_1_131' title='bbox 798 1910 924 1966; x_wconf 88' lang='lat' dir='ltr'><strong>nonsim</strong></span> <span class='ocrx_word' id='word_1_132' title='bbox 937 1919 1063 1968; x_wconf 84' lang='lat' dir='ltr'><strong>secutus.</strong></span> <span class='ocrx_word' id='word_1_133' title='bbox 1086 1909 1198 1967; x_wconf 86' lang='lat' dir='ltr'><strong>Eadem</strong></span> <span class='ocrx_word' id='word_1_134' title='bbox 1212 1910 1397 1966; x_wconf 84' lang='lat' dir='ltr'><strong>abundantia</strong></span> 
     </span>
     <span class='ocr_line' id='line_1_16' title="bbox 316 1995 1398 2071; baseline -0.004 -17"><span class='ocrx_word' id='word_1_135' title='bbox 316 1997 423 2054; x_wconf 89' lang='lat' dir='ltr'><strong>dicitur</strong></span> <span class='ocrx_word' id='word_1_136' title='bbox 445 1996 523 2071; x_wconf 85' lang='lat' dir='ltr'><strong>apud</strong></span> <span class='ocrx_word' id='word_1_137' title='bbox 545 1995 662 2053; x_wconf 87' lang='lat' dir='ltr'><strong>Livium</strong></span> <span class='ocrx_word' id='word_1_138' title='bbox 680 1995 802 2066; x_wconf 92' lang='lat' dir='ltr'>XXXI,</span> <span class='ocrx_word' id='word_1_139' title='bbox 817 1995 867 2064; x_wconf 91' lang='grc'>26,</span> <span class='ocrx_word' id='word_1_140' title='bbox 894 1997 948 2052; x_wconf 75' lang='grc' dir='ltr'><strong>12ε</strong></span> <span class='ocrx_word' id='word_1_141' title='bbox 976 2015 1059 2070; x_wconf 85' lang='lat' dir='ltr'><strong>neque</strong></span> <span class='ocrx_word' id='word_1_142' title='bbox 1081 1999 1148 2052; x_wconf 81' lang='lat' dir='ltr'><strong>enirn</strong></span> <span class='ocrx_word' id='word_1_143' title='bbox 1170 1997 1277 2052; x_wconf 60' lang='lat' dir='ltr'><strong>meone</strong></span> <span class='ocrx_word' id='word_1_144' title='bbox 1298 1997 1398 2052; x_wconf 75' lang='lat' dir='ltr'><strong>morlo</strong></span> 
     </span>
     <span class='ocr_line' id='line_1_17' title="bbox 316 2081 1397 2158; baseline -0.002 -20"><span class='ocrx_word' id='word_1_145' title='bbox 316 2085 376 2158; x_wconf 70' lang='lat' dir='ltr'><strong>open</strong></span> <span class='ocrx_word' id='word_1_146' title='bbox 399 2084 496 2156; x_wconf 78' lang='lat' dir='ltr'><strong>ternplo</strong></span> <span class='ocrx_word' id='word_1_147' title='bbox 518 2084 606 2138; x_wconf 82' lang='lat' dir='ltr'><strong>eolis</strong></span> <span class='ocrx_word' id='word_1_148' title='bbox 629 2081 720 2137; x_wconf 72' lang='lat' dir='ltr'><strong>lailot</strong></span> <span class='ocrx_word' id='word_1_149' title='bbox 742 2089 772 2137; x_wconf 90' lang='lat' dir='ltr'><strong>et</strong></span> <span class='ocrx_word' id='word_1_150' title='bbox 785 2081 869 2150; x_wconf 89' lang='lat' dir='ltr'>XLI,</span> <span class='ocrx_word' id='word_1_151' title='bbox 895 2081 944 2153; x_wconf 87' lang='grc'>22,</span> <span class='ocrx_word' id='word_1_152' title='bbox 957 2082 990 2140; x_wconf 81' lang='lat'><strong>7:</strong></span> <span class='ocrx_word' id='word_1_153' title='bbox 1018 2091 1121 2138; x_wconf 81' lang='lat' dir='ltr'><strong>tontum</strong></span> <span class='ocrx_word' id='word_1_154' title='bbox 1143 2113 1183 2122; x_wconf 88' lang='lat'><strong>—-</strong></span> <span class='ocrx_word' id='word_1_155' title='bbox 1206 2084 1273 2137; x_wconf 80' lang='lat' dir='ltr'><strong>oolla</strong></span> <span class='ocrx_word' id='word_1_156' title='bbox 1290 2081 1397 2152; x_wconf 80' lang='lat' dir='ltr'><strong>lubuit,</strong></span> 
     </span>
     <span class='ocr_line' id='line_1_18' title="bbox 316 2165 1398 2243; baseline 0 -19"><span class='ocrx_word' id='word_1_157' title='bbox 316 2186 369 2224; x_wconf 90' lang='lat' dir='ltr'><strong>nec</strong></span> <span class='ocrx_word' id='word_1_158' title='bbox 381 2167 457 2224; x_wconf 85' lang='lat' dir='ltr'><strong>elius</strong></span> <span class='ocrx_word' id='word_1_159' title='bbox 468 2167 584 2243; x_wconf 87' lang='lat' dir='ltr'><strong>generis</strong></span> <span class='ocrx_word' id='word_1_160' title='bbox 607 2175 652 2224; x_wconf 88' lang='lat' dir='ltr'><strong>eat</strong></span> <span class='ocrx_word' id='word_1_161' title='bbox 672 2166 752 2243; x_wconf 87' lang='lat' dir='ltr'><strong>apud</strong></span> <span class='ocrx_word' id='word_1_162' title='bbox 768 2165 892 2224; x_wconf 87' lang='lat' dir='ltr'><strong>eundern</strong></span> <span class='ocrx_word' id='word_1_163' title='bbox 916 2169 946 2237; x_wconf 93' lang='lat' dir='ltr'>I,</span> <span class='ocrx_word' id='word_1_164' title='bbox 972 2167 1025 2236; x_wconf 92' lang='grc'>10,</span> <span class='ocrx_word' id='word_1_165' title='bbox 1052 2170 1084 2224; x_wconf 90' lang='lat'><strong>1:</strong></span> <span class='ocrx_word' id='word_1_166' title='bbox 1117 2186 1163 2224; x_wconf 77' lang='lat' dir='ltr'><strong>orec</strong></span> <span class='ocrx_word' id='word_1_167' title='bbox 1190 2167 1262 2223; x_wconf 85' lang='lat' dir='ltr'><strong>domi</strong></span> <span class='ocrx_word' id='word_1_168' title='bbox 1288 2177 1398 2224; x_wconf 82' lang='lat' dir='ltr'><strong>tonlnm</strong></span> 
     </span>
     <span class='ocr_line' id='line_1_19' title="bbox 316 2251 1397 2329; baseline -0.002 -19"><span class='ocrx_word' id='word_1_169' title='bbox 316 2255 508 2326; x_wconf 62' lang='lat' dir='ltr'><strong>indignationes</strong></span> <span class='ocrx_word' id='word_1_170' title='bbox 524 2253 687 2309; x_wconf 72' lang='lat' dir='ltr'><strong>continebant</strong></span> <span class='ocrx_word' id='word_1_171' title='bbox 709 2252 831 2329; x_wconf 87' lang='lat' dir='ltr'><strong>(rectius</strong></span> <span class='ocrx_word' id='word_1_172' title='bbox 848 2261 912 2308; x_wconf 87' lang='lat' dir='ltr'><strong>erat</strong></span> <span class='ocrx_word' id='word_1_173' title='bbox 936 2251 1030 2309; x_wconf 85' lang='lat' dir='ltr'><strong>solum</strong></span> <span class='ocrx_word' id='word_1_174' title='bbox 1043 2271 1089 2309; x_wconf 87' lang='lat' dir='ltr'><strong>nec</strong></span> <span class='ocrx_word' id='word_1_175' title='bbox 1100 2253 1184 2321; x_wconf 54' lang='lat' dir='ltr'><strong>donem</strong></span> <span class='ocrx_word' id='word_1_176' title='bbox 1202 2269 1297 2326; x_wconf 90' lang='lat' dir='ltr'><strong>neque</strong></span> <span class='ocrx_word' id='word_1_177' title='bbox 1314 2253 1397 2309; x_wconf 89' lang='lat' dir='ltr'><strong>enim</strong></span> 
     </span>
     <span class='ocr_line' id='line_1_20' title="bbox 316 2337 1398 2412; baseline -0.001 -16"><span class='ocrx_word' id='word_1_178' title='bbox 316 2340 404 2396; x_wconf 82' lang='lat' dir='ltr'><strong>etiam</strong></span> <span class='ocrx_word' id='word_1_179' title='bbox 416 2337 488 2395; x_wconf 84' lang='lat' dir='ltr'><strong>alibi</strong></span> <span class='ocrx_word' id='word_1_180' title='bbox 499 2337 711 2412; x_wconf 83' lang='lat' dir='ltr'><strong>continebant),</strong></span> <span class='ocrx_word' id='word_1_181' title='bbox 736 2347 765 2394; x_wconf 87' lang='lat' dir='ltr'><strong>et</strong></span> <span class='ocrx_word' id='word_1_182' title='bbox 776 2337 931 2408; x_wconf 86' lang='lat' dir='ltr'>XXXIX,</span> <span class='ocrx_word' id='word_1_183' title='bbox 959 2339 1011 2408; x_wconf 85' lang='lat'>17,</span> <span class='ocrx_word' id='word_1_184' title='bbox 1036 2340 1069 2410; x_wconf 98' lang='lat'>4,</span> <span class='ocrx_word' id='word_1_185' title='bbox 1093 2337 1253 2407; x_wconf 88' lang='lat' dir='ltr'><strong>etXXIV,</strong></span> <span class='ocrx_word' id='word_1_186' title='bbox 1285 2339 1334 2406; x_wconf 90' lang='lat'>18,</span> <span class='ocrx_word' id='word_1_187' title='bbox 1360 2339 1398 2395; x_wconf 78' lang='lat'><strong>7:</strong></span> 
     </span>
     <span class='ocr_line' id='line_1_21' title="bbox 316 2422 1398 2500; baseline -0.001 -19"><span class='ocrx_word' id='word_1_188' title='bbox 316 2443 399 2500; x_wconf 87' lang='lat' dir='ltr'><strong>neque</strong></span> <span class='ocrx_word' id='word_1_189' title='bbox 420 2433 514 2481; x_wconf 81' lang='lat' dir='ltr'><strong>senatu</strong></span> <span class='ocrx_word' id='word_1_190' title='bbox 536 2425 613 2481; x_wconf 77' lang='lat' dir='ltr'><strong>morlo</strong></span> <span class='ocrx_word' id='word_1_191' title='bbox 624 2456 665 2465; x_wconf 95' lang='lat'>—</span> <span class='ocrx_word' id='word_1_192' title='bbox 678 2443 744 2480; x_wconf 80' lang='lat' dir='ltr'><strong>cura</strong></span> <span class='ocrx_word' id='word_1_193' title='bbox 766 2442 794 2480; x_wconf 82' lang='lat' dir='ltr'><strong>oe</strong></span> <span class='ocrx_word' id='word_1_194' title='bbox 816 2427 906 2491; x_wconf 79' lang='lat' dir='ltr'><strong>lcnrdt,</strong></span> <span class='ocrx_word' id='word_1_195' title='bbox 929 2432 981 2480; x_wconf 91' lang='lat' dir='ltr'><strong>aut</strong></span> <span class='ocrx_word' id='word_1_196' title='bbox 997 2423 1077 2498; x_wconf 83' lang='lat' dir='ltr'><strong>apud</strong></span> <span class='ocrx_word' id='word_1_197' title='bbox 1093 2422 1217 2497; x_wconf 83' lang='lat' dir='ltr'><strong>Quintil.</strong></span> <span class='ocrx_word' id='word_1_198' title='bbox 1229 2423 1254 2492; x_wconf 93' lang='grc' dir='ltr'>Ι,</span> <span class='ocrx_word' id='word_1_199' title='bbox 1275 2424 1323 2492; x_wconf 89' lang='grc'><strong>10,</strong></span> <span class='ocrx_word' id='word_1_200' title='bbox 1341 2425 1398 2480; x_wconf 78' lang='lat'><strong>12:</strong></span> 
     </span>
     <span class='ocr_line' id='line_1_22' title="bbox 317 2501 1398 2568; baseline -0.003 -1"><span class='ocrx_word' id='word_1_201' title='bbox 317 2529 362 2568; x_wconf 90' lang='lat' dir='ltr'><strong>nec</strong></span> <span class='ocrx_word' id='word_1_202' title='bbox 384 2511 432 2566; x_wconf 84' lang='lat' dir='ltr'><strong>illo</strong></span> <span class='ocrx_word' id='word_1_203' title='bbox 453 2511 530 2566; x_wconf 86' lang='lat' dir='ltr'><strong>modo</strong></span> <span class='ocrx_word' id='word_1_204' title='bbox 552 2511 665 2567; x_wconf 78' lang='lat' dir='ltr'><strong>coonnn&#39;</strong></span> <span class='ocrx_word' id='word_1_205' title='bbox 684 2543 725 2552; x_wconf 87' lang='lat'><strong>——</strong></span> <span class='ocrx_word' id='word_1_206' title='bbox 747 2510 897 2566; x_wconf 85' lang='lat' dir='ltr'><strong>concordio.</strong></span> <span class='ocrx_word' id='word_1_207' title='bbox 954 2507 1064 2567; x_wconf 87' lang='lat' dir='ltr'><strong>Graeci</strong></span> <span class='ocrx_word' id='word_1_208' title='bbox 1097 2509 1199 2566; x_wconf 90' lang='lat' dir='ltr'><strong>eodem</strong></span> <span class='ocrx_word' id='word_1_209' title='bbox 1221 2509 1323 2566; x_wconf 86' lang='lat' dir='ltr'><strong>modo:</strong></span> <span class='ocrx_word' id='word_1_210' title='bbox 1357 2501 1398 2564; x_wconf 78' lang='lat' dir='ltr'><strong>orl</strong></span> 
     </span>
     <span class='ocr_line' id='line_1_23' title="bbox 316 2579 1400 2671; baseline 0 -20"><span class='ocrx_word' id='word_1_211' title='bbox 316 2579 428 2669; x_wconf 68' lang='grc' dir='ltr'>μόνον</span> <span class='ocrx_word' id='word_1_212' title='bbox 449 2589 540 2650; x_wconf 77' lang='grc' dir='ltr'><strong>τοῦτο</strong></span> <span class='ocrx_word' id='word_1_213' title='bbox 563 2585 653 2671; x_wconf 76' lang='grc' dir='ltr'><em>ἀρκεῖ.</em></span> <span class='ocrx_word' id='word_1_214' title='bbox 682 2593 844 2654; x_wconf 83' lang='lat' dir='ltr'><strong>Schneider</strong></span> <span class='ocrx_word' id='word_1_215' title='bbox 865 2594 904 2650; x_wconf 86' lang='lat' dir='ltr'><strong>ad</strong></span> <span class='ocrx_word' id='word_1_216' title='bbox 920 2594 1202 2665; x_wconf 77' lang='lat' dir='ltr'>xon.H011.111,2,</span> <span class='ocrx_word' id='word_1_217' title='bbox 1227 2595 1276 2663; x_wconf 89' lang='grc'>21,</span> <span class='ocrx_word' id='word_1_218' title='bbox 1300 2593 1400 2652; x_wconf 82' lang='lat' dir='ltr'><strong>Wolf.</strong></span> 
     </span>
     <span class='ocr_line' id='line_1_24' title="bbox 316 2678 784 2757; baseline -0.002 -20"><span class='ocrx_word' id='word_1_219' title='bbox 316 2681 353 2737; x_wconf 88' lang='lat' dir='ltr'><strong>ad</strong></span> <span class='ocrx_word' id='word_1_220' title='bbox 375 2679 529 2737; x_wconf 87' lang='lat' dir='ltr'><strong>Demosth.</strong></span> <span class='ocrx_word' id='word_1_221' title='bbox 551 2678 636 2754; x_wconf 81' lang='lat' dir='ltr'><strong>Lept</strong></span> <span class='ocrx_word' id='word_1_222' title='bbox 659 2683 673 2750; x_wconf 66' lang='grc' dir='ltr'><strong>ξ</strong></span> <span class='ocrx_word' id='word_1_223' title='bbox 701 2678 784 2757; x_wconf 84' lang='grc'>112]</span> 
     </span>
    </p>

    <p class='ocr_par' dir='ltr' id='par_1_5' title="bbox 314 2763 1401 4470">
     <span class='ocr_line' id='line_1_25' title="bbox 355 2763 1399 2842; baseline 0.001 -21"><span class='ocrx_word' id='word_1_224' title='bbox 355 2773 362 2784; x_wconf 91' lang='grc'><em>“</em></span> <span class='ocrx_word' id='word_1_225' title='bbox 401 2767 643 2840; x_wconf 70' lang='lat' dir='ltr'><strong>conclusionemque</strong></span> <span class='ocrx_word' id='word_1_226' title='bbox 665 2769 789 2842; x_wconf 73' lang='lat' dir='ltr'><strong>nolimus)</strong></span> <span class='ocrx_word' id='word_1_227' title='bbox 813 2766 899 2823; x_wconf 88' lang='lat' dir='ltr'><strong>Hanc</strong></span> <span class='ocrx_word' id='word_1_228' title='bbox 922 2763 1015 2824; x_wconf 82' lang='lat' dir='ltr'><strong>Gaius</strong></span> <span class='ocrx_word' id='word_1_229' title='bbox 1037 2765 1075 2822; x_wconf 93' lang='lat' dir='ltr'><strong>ad</strong></span> <span class='ocrx_word' id='word_1_230' title='bbox 1086 2766 1145 2835; x_wconf 90' lang='grc' dir='ltr'>ΠΙ,</span> <span class='ocrx_word' id='word_1_231' title='bbox 1170 2765 1218 2832; x_wconf 87' lang='grc'>59,</span> <span class='ocrx_word' id='word_1_232' title='bbox 1243 2764 1328 2840; x_wconf 85' lang='lat' dir='ltr'><strong>quasi</strong></span> <span class='ocrx_word' id='word_1_233' title='bbox 1351 2763 1399 2822; x_wconf 90' lang='lat' dir='ltr'><strong>ibi</strong></span> 
     </span>
     <span class='ocr_line' id='line_1_26' title="bbox 316 2850 1398 2927; baseline -0.001 -20"><span class='ocrx_word' id='word_1_234' title='bbox 316 2851 441 2926; x_wconf 89' lang='lat' dir='ltr'><strong>primum</strong></span> <span class='ocrx_word' id='word_1_235' title='bbox 469 2850 644 2922; x_wconf 89' lang='lat' dir='ltr'><strong>nominetur,</strong></span> <span class='ocrx_word' id='word_1_236' title='bbox 673 2851 715 2908; x_wconf 86' lang='lat' dir='ltr'><strong>ait</strong></span> <span class='ocrx_word' id='word_1_237' title='bbox 726 2869 800 2922; x_wconf 87' lang='lat' dir='ltr'><strong>esse,</strong></span> <span class='ocrx_word' id='word_1_238' title='bbox 825 2869 963 2925; x_wconf 76' lang='lat' dir='ltr'><strong>„quamn</strong></span> <span class='ocrx_word' id='word_1_239' title='bbox 980 2850 1072 2926; x_wconf 88' lang='lat' dir='ltr'><strong>priori</strong></span> <span class='ocrx_word' id='word_1_240' title='bbox 1082 2852 1205 2927; x_wconf 87' lang='lat' dir='ltr'><strong>petitam</strong></span> <span class='ocrx_word' id='word_1_241' title='bbox 1222 2857 1398 2920; x_wconf 85' lang='lat' dir='ltr'><strong>vocemns“,</strong></span> 
     </span>
     <span class='ocr_line' id='line_1_27' title="bbox 316 2935 1400 3013; baseline -0.001 -19"><span class='ocrx_word' id='word_1_242' title='bbox 316 2937 353 2994; x_wconf 86' lang='lat' dir='ltr'><strong>ad</strong></span> <span class='ocrx_word' id='word_1_243' title='bbox 376 2936 562 3013; x_wconf 86' lang='lat' dir='ltr'><strong>syllogismos</strong></span> <span class='ocrx_word' id='word_1_244' title='bbox 573 2935 753 2994; x_wconf 82' lang='lat' dir='ltr'><strong>transferens</strong></span> <span class='ocrx_word' id='word_1_245' title='bbox 770 2936 946 3012; x_wconf 81' lang='lat' dir='ltr'><strong>cognitionis</strong></span> <span class='ocrx_word' id='word_1_246' title='bbox 963 2936 1146 2994; x_wconf 84' lang='lat' dir='ltr'><strong>divisionem.</strong></span> <span class='ocrx_word' id='word_1_247' title='bbox 1181 2935 1238 2995; x_wconf 89' lang='lat' dir='ltr'><strong>Sed</strong></span> <span class='ocrx_word' id='word_1_248' title='bbox 1261 2939 1400 2993; x_wconf 75' lang='lat' dir='ltr'><strong>conclusio</strong></span> 
     </span>
     <span class='ocr_line' id='line_1_28' title="bbox 316 3021 1399 3096; baseline 0 -18"><span class='ocrx_word' id='word_1_249' title='bbox 316 3025 434 3090; x_wconf 79' lang='lat' dir='ltr'><strong>rollonis,</strong></span> <span class='ocrx_word' id='word_1_250' title='bbox 459 3040 534 3096; x_wconf 84' lang='lat' dir='ltr'><strong>quae</strong></span> <span class='ocrx_word' id='word_1_251' title='bbox 546 3022 653 3078; x_wconf 91' lang='lat' dir='ltr'><strong>dicitur</strong></span> <span class='ocrx_word' id='word_1_252' title='bbox 664 3022 792 3080; x_wconf 84' lang='lat' dir='ltr'><strong>etiemII</strong></span> <span class='ocrx_word' id='word_1_253' title='bbox 804 3023 839 3079; x_wconf 94' lang='lat' dir='ltr'><strong>de</strong></span> <span class='ocrx_word' id='word_1_254' title='bbox 851 3021 953 3079; x_wconf 83' lang='lat' dir='ltr'><strong>Divin.</strong></span> <span class='ocrx_word' id='word_1_255' title='bbox 965 3021 1022 3078; x_wconf 89' lang='grc'><strong>101</strong></span> <span class='ocrx_word' id='word_1_256' title='bbox 1037 3023 1149 3094; x_wconf 66' lang='lat' dir='ltr'><strong>‹ec-103,</strong></span> <span class='ocrx_word' id='word_1_257' title='bbox 1172 3022 1245 3078; x_wconf 89' lang='lat' dir='ltr'><strong>nihil</strong></span> <span class='ocrx_word' id='word_1_258' title='bbox 1268 3031 1313 3078; x_wconf 86' lang='lat' dir='ltr'><strong>est-</strong></span> <span class='ocrx_word' id='word_1_259' title='bbox 1335 3022 1399 3078; x_wconf 81' lang='lat' dir='ltr'><strong>nisi</strong></span> 
     </span>
     <span class='ocr_line' id='line_1_29' title="bbox 316 3093 1399 3185; baseline -0.003 -20"><span class='ocrx_word' id='word_1_260' title='bbox 316 3108 503 3185; x_wconf 83' lang='lat' dir='ltr'><strong>syllogismus</strong></span> <span class='ocrx_word' id='word_1_261' title='bbox 521 3117 551 3164; x_wconf 91' lang='lat' dir='ltr'><strong>et</strong></span> <span class='ocrx_word' id='word_1_262' title='bbox 567 3107 782 3184; x_wconf 77' lang='lat' dir='ltr'><strong>argumentatio</strong></span> <span class='ocrx_word' id='word_1_263' title='bbox 800 3126 852 3182; x_wconf 90' lang='lat' dir='ltr'><strong>per</strong></span> <span class='ocrx_word' id='word_1_264' title='bbox 874 3106 1061 3184; x_wconf 86' lang='lat' dir='ltr'><strong>syllogismos</strong></span> <span class='ocrx_word' id='word_1_265' title='bbox 1083 3107 1244 3183; x_wconf 88' lang='lat' dir='ltr'><strong>procedens</strong></span> <span class='ocrx_word' id='word_1_266' title='bbox 1262 3093 1399 3180; x_wconf 77' lang='grc' dir='ltr'><strong>(ἀπόδει-</strong></span> 
     </span>
     <span class='ocr_line' id='line_1_30' title="bbox 316 3189 1400 3266; baseline 0.001 -19"><span class='ocrx_word' id='word_1_267' title='bbox 316 3189 383 3263; x_wconf 69' lang='grc' dir='ltr'><strong><em>ξιςις</em></strong></span> <span class='ocrx_word' id='word_1_268' title='bbox 416 3211 471 3250; x_wconf 90' lang='lat' dir='ltr'><strong>nec</strong></span> <span class='ocrx_word' id='word_1_269' title='bbox 498 3194 576 3250; x_wconf 89' lang='lat' dir='ltr'><strong>enim</strong></span> <span class='ocrx_word' id='word_1_270' title='bbox 604 3194 680 3250; x_wconf 89' lang='lat' dir='ltr'><strong>ratio</strong></span> <span class='ocrx_word' id='word_1_271' title='bbox 707 3193 869 3264; x_wconf 79' lang='lat' dir='ltr'><strong>concludit,</strong></span> <span class='ocrx_word' id='word_1_272' title='bbox 904 3193 956 3250; x_wconf 89' lang='lat' dir='ltr'><strong>scd</strong></span> <span class='ocrx_word' id='word_1_273' title='bbox 982 3192 1180 3264; x_wconf 80' lang='lat' dir='ltr'><strong>concluditur3</strong></span> <span class='ocrx_word' id='word_1_274' title='bbox 1214 3194 1272 3250; x_wconf 88' lang='lat' dir='ltr'><strong>vid.</strong></span> <span class='ocrx_word' id='word_1_275' title='bbox 1301 3209 1400 3266; x_wconf 84' lang='lat' dir='ltr'><strong>supra</strong></span> 
     </span>
     <span class='ocr_line' id='line_1_31' title="bbox 317 3277 1394 3350; baseline 0 -16"><span class='ocrx_word' id='word_1_276' title='bbox 317 3279 367 3349; x_wconf 91' lang='grc'>22,</span> <span class='ocrx_word' id='word_1_277' title='bbox 390 3280 423 3337; x_wconf 92' lang='grc' dir='ltr'><em>Π</em></span> <span class='ocrx_word' id='word_1_278' title='bbox 444 3279 482 3336; x_wconf 89' lang='grc' dir='ltr'><strong>Ν.</strong></span> <span class='ocrx_word' id='word_1_279' title='bbox 505 3279 543 3335; x_wconf 93' lang='lat' dir='ltr'><strong>D.</strong></span> <span class='ocrx_word' id='word_1_280' title='bbox 567 3280 622 3349; x_wconf 87' lang='grc'>22,</span> <span class='ocrx_word' id='word_1_281' title='bbox 651 3279 687 3335; x_wconf 91' lang='lat' dir='ltr'><strong>de</strong></span> <span class='ocrx_word' id='word_1_282' title='bbox 709 3279 810 3335; x_wconf 84' lang='lat' dir='ltr'><strong>Divin.</strong></span> <span class='ocrx_word' id='word_1_283' title='bbox 833 3278 858 3350; x_wconf 96' lang='grc' dir='ltr'>Ι,</span> <span class='ocrx_word' id='word_1_284' title='bbox 883 3279 932 3348; x_wconf 91' lang='grc'>71,</span> <span class='ocrx_word' id='word_1_285' title='bbox 955 3278 1003 3348; x_wconf 93' lang='grc' dir='ltr'>Π,</span> <span class='ocrx_word' id='word_1_286' title='bbox 1028 3279 1082 3348; x_wconf 92' lang='grc'>25,</span> <span class='ocrx_word' id='word_1_287' title='bbox 1113 3281 1167 3348; x_wconf 91' lang='grc'>61,</span> <span class='ocrx_word' id='word_1_288' title='bbox 1202 3278 1237 3336; x_wconf 93' lang='lat' dir='ltr'><strong>de</strong></span> <span class='ocrx_word' id='word_1_289' title='bbox 1259 3280 1324 3337; x_wconf 83' lang='lat' dir='ltr'><strong>Fat.</strong></span> <span class='ocrx_word' id='word_1_290' title='bbox 1351 3277 1394 3334; x_wconf 89' lang='lat'><strong>31</strong></span> 
     </span>
     <span class='ocr_line' id='line_1_32' title="bbox 316 3364 1401 3438; baseline 0 -18"><span class='ocrx_word' id='word_1_291' title='bbox 316 3374 345 3421; x_wconf 87' lang='lat' dir='ltr'><strong>et</strong></span> <span class='ocrx_word' id='word_1_292' title='bbox 375 3367 430 3434; x_wconf 88' lang='grc'>41,</span> <span class='ocrx_word' id='word_1_293' title='bbox 459 3365 547 3421; x_wconf 77' lang='lat' dir='ltr'><strong>&#39;susc</strong></span> <span class='ocrx_word' id='word_1_294' title='bbox 574 3365 621 3436; x_wconf 80' lang='lat' dir='ltr'>II,</span> <span class='ocrx_word' id='word_1_295' title='bbox 652 3365 706 3435; x_wconf 73' lang='lat'><strong>293</strong></span> <span class='ocrx_word' id='word_1_296' title='bbox 740 3365 900 3438; x_wconf 90' lang='lat' dir='ltr'><strong>eodemque</strong></span> <span class='ocrx_word' id='word_1_297' title='bbox 941 3364 1027 3422; x_wconf 90' lang='lat' dir='ltr'><strong>modo</strong></span> <span class='ocrx_word' id='word_1_298' title='bbox 1060 3374 1243 3438; x_wconf 67' lang='lat' dir='ltr'><strong>argumentum</strong></span> <span class='ocrx_word' id='word_1_299' title='bbox 1269 3365 1401 3422; x_wconf 81' lang='lat' dir='ltr'><strong>concludi</strong></span> 
     </span>
     <span class='ocr_line' id='line_1_33' title="bbox 316 3447 1399 3525; baseline -0.002 -19"><span class='ocrx_word' id='word_1_300' title='bbox 316 3449 436 3519; x_wconf 66' lang='lat' dir='ltr'><strong>diuitum</strong></span> <span class='ocrx_word' id='word_1_301' title='bbox 458 3450 517 3507; x_wconf 83' lang='lat' dir='ltr'><strong>vid.</strong></span> <span class='ocrx_word' id='word_1_302' title='bbox 534 3450 629 3507; x_wconf 85' lang='lat' dir='ltr'><strong>Acad.</strong></span> <span class='ocrx_word' id='word_1_303' title='bbox 652 3451 693 3519; x_wconf 86' lang='grc' dir='ltr'>ΙΙ,</span> <span class='ocrx_word' id='word_1_304' title='bbox 718 3451 756 3507; x_wconf 88' lang='grc'><strong>27</strong></span> <span class='ocrx_word' id='word_1_305' title='bbox 781 3459 810 3506; x_wconf 89' lang='lat' dir='ltr'><strong>et</strong></span> <span class='ocrx_word' id='word_1_306' title='bbox 833 3452 882 3514; x_wconf 87' lang='lat'>44,</span> <span class='ocrx_word' id='word_1_307' title='bbox 906 3450 961 3506; x_wconf 93' lang='lat' dir='ltr'><strong>hoc</strong></span> <span class='ocrx_word' id='word_1_308' title='bbox 984 3468 1072 3525; x_wconf 93' lang='lat' dir='ltr'><strong>opere</strong></span> <span class='ocrx_word' id='word_1_309' title='bbox 1094 3450 1152 3521; x_wconf 91' lang='grc' dir='ltr'>ΠΙ,</span> <span class='ocrx_word' id='word_1_310' title='bbox 1177 3451 1231 3520; x_wconf 84' lang='grc'><strong>27;</strong></span> <span class='ocrx_word' id='word_1_311' title='bbox 1253 3450 1283 3506; x_wconf 92' lang='lat' dir='ltr'><strong>in</strong></span> <span class='ocrx_word' id='word_1_312' title='bbox 1306 3447 1399 3506; x_wconf 82' lang='lat' dir='ltr'><strong>Orat.</strong></span> 
     </span>
     <span class='ocr_line' id='line_1_34' title="bbox 316 3535 1399 3610; baseline -0.002 -19"><span class='ocrx_word' id='word_1_313' title='bbox 316 3545 414 3592; x_wconf 85' lang='lat' dir='ltr'><strong>autem</strong></span> <span class='ocrx_word' id='word_1_314' title='bbox 430 3537 487 3592; x_wconf 87' lang='grc'><strong>137</strong></span> <span class='ocrx_word' id='word_1_315' title='bbox 506 3545 536 3592; x_wconf 91' lang='lat' dir='ltr'><strong>et</strong></span> <span class='ocrx_word' id='word_1_316' title='bbox 552 3535 599 3592; x_wconf 89' lang='lat' dir='ltr'><strong>hic</strong></span> <span class='ocrx_word' id='word_1_317' title='bbox 621 3537 676 3604; x_wconf 90' lang='lat' dir='ltr'>IV,</span> <span class='ocrx_word' id='word_1_318' title='bbox 702 3537 720 3592; x_wconf 87' lang='lat'>8</span> <span class='ocrx_word' id='word_1_319' title='bbox 742 3547 926 3610; x_wconf 78' lang='lat' dir='ltr'><strong>arqronrenlunr</strong></span> <span class='ocrx_word' id='word_1_320' title='bbox 943 3539 1044 3592; x_wconf 82' lang='lat' dir='ltr'><strong>ratione</strong></span> <span class='ocrx_word' id='word_1_321' title='bbox 1060 3537 1195 3606; x_wconf 80' lang='lat' dir='ltr'><strong>conclndr&#39;3</strong></span> <span class='ocrx_word' id='word_1_322' title='bbox 1218 3555 1284 3592; x_wconf 86' lang='lat' dir='ltr'><strong>nam</strong></span> <span class='ocrx_word' id='word_1_323' title='bbox 1302 3551 1399 3610; x_wconf 86' lang='lat' dir='ltr'><strong>argu-</strong></span> 
     </span>
     <span class='ocr_line' id='line_1_35' title="bbox 317 3620 1399 3697; baseline 0.002 -20"><span class='ocrx_word' id='word_1_324' title='bbox 317 3621 406 3678; x_wconf 89' lang='lat' dir='ltr'><strong>menti</strong></span> <span class='ocrx_word' id='word_1_325' title='bbox 427 3640 533 3678; x_wconf 90' lang='lat' dir='ltr'><strong>nomen</strong></span> <span class='ocrx_word' id='word_1_326' title='bbox 557 3621 593 3678; x_wconf 89' lang='lat' dir='ltr'><strong>ad</strong></span> <span class='ocrx_word' id='word_1_327' title='bbox 616 3620 752 3679; x_wconf 83' lang='lat' dir='ltr'><strong>effectum</strong></span> <span class='ocrx_word' id='word_1_328' title='bbox 774 3622 911 3697; x_wconf 82' lang='lat' dir='ltr'><strong>pertinet,</strong></span> <span class='ocrx_word' id='word_1_329' title='bbox 934 3621 1057 3678; x_wconf 86' lang='lat' dir='ltr'><strong>rationis</strong></span> <span class='ocrx_word' id='word_1_330' title='bbox 1084 3622 1123 3679; x_wconf 86' lang='lat' dir='ltr'><strong>ad</strong></span> <span class='ocrx_word' id='word_1_331' title='bbox 1149 3629 1245 3678; x_wconf 88' lang='lat' dir='ltr'><strong>actum</strong></span> <span class='ocrx_word' id='word_1_332' title='bbox 1273 3621 1399 3678; x_wconf 76' lang='lat' dir='ltr'><strong>mentis·</strong></span> 
     </span>
     <span class='ocr_line' id='line_1_36' title="bbox 316 3705 1399 3789; baseline -0.003 -24"><span class='ocrx_word' id='word_1_333' title='bbox 316 3707 364 3789; x_wconf 87' lang='lat' dir='ltr'><strong>(In</strong></span> <span class='ocrx_word' id='word_1_334' title='bbox 388 3706 471 3766; x_wconf 84' lang='lat' dir='ltr'><strong>Orat.</strong></span> <span class='ocrx_word' id='word_1_335' title='bbox 498 3707 556 3763; x_wconf 90' lang='grc'><strong>122</strong></span> <span class='ocrx_word' id='word_1_336' title='bbox 585 3715 615 3764; x_wconf 89' lang='lat' dir='ltr'><strong>et</strong></span> <span class='ocrx_word' id='word_1_337' title='bbox 642 3707 677 3764; x_wconf 88' lang='lat' dir='ltr'><strong>de</strong></span> <span class='ocrx_word' id='word_1_338' title='bbox 705 3708 820 3765; x_wconf 89' lang='lat' dir='ltr'><strong>Invent.</strong></span> <span class='ocrx_word' id='word_1_339' title='bbox 843 3706 944 3775; x_wconf 73' lang='lat'>1,‚54</span> <span class='ocrx_word' id='word_1_340' title='bbox 976 3711 1171 3780; x_wconf 75' lang='lat' dir='ltr'><strong>orqnmenlolio</strong></span> <span class='ocrx_word' id='word_1_341' title='bbox 1198 3708 1321 3764; x_wconf 81' lang='lat' dir='ltr'><strong>concludi</strong></span> <span class='ocrx_word' id='word_1_342' title='bbox 1347 3705 1399 3762; x_wconf 93' lang='lat' dir='ltr'><strong>di-</strong></span> 
     </span>
     <span class='ocr_line' id='line_1_37' title="bbox 315 3791 1399 3868; baseline -0.002 -18"><span class='ocrx_word' id='word_1_343' title='bbox 315 3793 399 3865; x_wconf 89' lang='lat' dir='ltr'><strong>citur,</strong></span> <span class='ocrx_word' id='word_1_344' title='bbox 420 3793 480 3862; x_wconf 91' lang='lat' dir='ltr'><strong>sed,</strong></span> <span class='ocrx_word' id='word_1_345' title='bbox 503 3803 536 3849; x_wconf 86' lang='lat' dir='ltr'><strong>ut</strong></span> <span class='ocrx_word' id='word_1_346' title='bbox 553 3803 780 3850; x_wconf 84' lang='lat' dir='ltr'><strong>consentaneum</strong></span> <span class='ocrx_word' id='word_1_347' title='bbox 793 3802 866 3864; x_wconf 81' lang='lat' dir='ltr'><strong>erat,</strong></span> <span class='ocrx_word' id='word_1_348' title='bbox 889 3793 975 3868; x_wconf 89' lang='lat' dir='ltr'><strong>longe</strong></span> <span class='ocrx_word' id='word_1_349' title='bbox 987 3791 1082 3864; x_wconf 88' lang='lat' dir='ltr'><strong>aliter,</strong></span> <span class='ocrx_word' id='word_1_350' title='bbox 1101 3792 1136 3850; x_wconf 92' lang='lat' dir='ltr'><strong>de</strong></span> <span class='ocrx_word' id='word_1_351' title='bbox 1148 3793 1205 3849; x_wconf 90' lang='lat' dir='ltr'><strong>fine</strong></span> <span class='ocrx_word' id='word_1_352' title='bbox 1217 3803 1246 3849; x_wconf 86' lang='lat' dir='ltr'><strong>et</strong></span> <span class='ocrx_word' id='word_1_353' title='bbox 1257 3800 1399 3849; x_wconf 84' lang='lat' dir='ltr'><strong>extrema</strong></span> 
     </span>
     <span class='ocr_line' id='line_1_38' title="bbox 315 3873 1399 3959; baseline -0.001 -23"><span class='ocrx_word' id='word_1_354' title='bbox 315 3889 399 3955; x_wconf 88' lang='lat' dir='ltr'><strong>perte</strong></span> <span class='ocrx_word' id='word_1_355' title='bbox 430 3873 717 3959; x_wconf 81' lang='lat' dir='ltr'><strong>argumentationis.)</strong></span> <span class='ocrx_word' id='word_1_356' title='bbox 765 3879 844 3936; x_wconf 87' lang='lat' dir='ltr'><strong>Hinc</strong></span> <span class='ocrx_word' id='word_1_357' title='bbox 877 3881 1027 3952; x_wconf 76' lang='lat' dir='ltr'><strong>orqrcmente&#39;</strong></span> <span class='ocrx_word' id='word_1_358' title='bbox 1057 3881 1189 3935; x_wconf 76' lang='lat' dir='ltr'><strong>conclusio</strong></span> <span class='ocrx_word' id='word_1_359' title='bbox 1221 3876 1399 3954; x_wconf 84' lang='lat' dir='ltr'><strong>appellatur</strong></span> 
     </span>
     <span class='ocr_line' id='line_1_39' title="bbox 314 3963 1397 4040; baseline -0.002 -18"><span class='ocrx_word' id='word_1_360' title='bbox 314 3965 456 4022; x_wconf 81' lang='lat' dir='ltr'><strong>Academ.</strong></span> <span class='ocrx_word' id='word_1_361' title='bbox 479 3965 520 4032; x_wconf 83' lang='lat'>11,</span> <span class='ocrx_word' id='word_1_362' title='bbox 545 3965 584 4021; x_wconf 89' lang='grc'><strong>26</strong></span> <span class='ocrx_word' id='word_1_363' title='bbox 608 3973 637 4021; x_wconf 90' lang='lat' dir='ltr'><strong>et</strong></span> <span class='ocrx_word' id='word_1_364' title='bbox 660 3965 699 4021; x_wconf 84' lang='lat'><strong>30</strong></span> <span class='ocrx_word' id='word_1_365' title='bbox 723 3973 752 4020; x_wconf 90' lang='lat' dir='ltr'><strong>et</strong></span> <span class='ocrx_word' id='word_1_366' title='bbox 764 3965 813 4021; x_wconf 88' lang='grc'><strong>40.</strong></span> <span class='ocrx_word' id='word_1_367' title='bbox 846 3965 943 4034; x_wconf 79' lang='lat' dir='ltr'><strong>Patet,</strong></span> <span class='ocrx_word' id='word_1_368' title='bbox 967 3963 1054 4040; x_wconf 87' lang='lat' dir='ltr'><strong>longe</strong></span> <span class='ocrx_word' id='word_1_369' title='bbox 1066 3964 1105 4020; x_wconf 87' lang='lat' dir='ltr'><strong>ab</strong></span> <span class='ocrx_word' id='word_1_370' title='bbox 1116 3965 1172 4021; x_wconf 91' lang='lat' dir='ltr'><strong>hoc</strong></span> <span class='ocrx_word' id='word_1_371' title='bbox 1183 3981 1238 4020; x_wconf 91' lang='lat' dir='ltr'><strong>usu</strong></span> <span class='ocrx_word' id='word_1_372' title='bbox 1249 3963 1397 4036; x_wconf 89' lang='lat' dir='ltr'><strong>loquendi</strong></span> 
     </span>
     <span class='ocr_line' id='line_1_40' title="bbox 315 4048 1398 4125; baseline -0.002 -19"><span class='ocrx_word' id='word_1_373' title='bbox 315 4051 472 4108; x_wconf 85' lang='lat' dir='ltr'><strong>abhorrere</strong></span> <span class='ocrx_word' id='word_1_374' title='bbox 495 4069 553 4108; x_wconf 89' lang='lat' dir='ltr'><strong>non</strong></span> <span class='ocrx_word' id='word_1_375' title='bbox 577 4050 670 4107; x_wconf 88' lang='lat' dir='ltr'><strong>solum</strong></span> <span class='ocrx_word' id='word_1_376' title='bbox 693 4050 772 4125; x_wconf 91' lang='lat' dir='ltr'><strong>quod</strong></span> <span class='ocrx_word' id='word_1_377' title='bbox 789 4050 827 4107; x_wconf 93' lang='lat' dir='ltr'><strong>N.</strong></span> <span class='ocrx_word' id='word_1_378' title='bbox 843 4051 881 4106; x_wconf 89' lang='lat' dir='ltr'><strong>D.</strong></span> <span class='ocrx_word' id='word_1_379' title='bbox 905 4050 929 4119; x_wconf 94' lang='lat' dir='ltr'>I,</span> <span class='ocrx_word' id='word_1_380' title='bbox 955 4050 993 4106; x_wconf 88' lang='lat'><strong>89</strong></span> <span class='ocrx_word' id='word_1_381' title='bbox 1018 4048 1127 4106; x_wconf 88' lang='lat' dir='ltr'><strong>editur:</strong></span> <span class='ocrx_word' id='word_1_382' title='bbox 1160 4052 1309 4123; x_wconf 66' lang='lat' dir='ltr'><strong>depromenti</strong></span> <span class='ocrx_word' id='word_1_383' title='bbox 1330 4067 1398 4105; x_wconf 81' lang='lat' dir='ltr'><strong>oen-</strong></span> 
     </span>
     <span class='ocr_line' id='line_1_41' title="bbox 316 4135 1398 4209; baseline 0 -17"><span class='ocrx_word' id='word_1_384' title='bbox 316 4140 423 4193; x_wconf 82' lang='lat' dir='ltr'><strong>tenn&#39;orn</strong></span> <span class='ocrx_word' id='word_1_385' title='bbox 434 4137 597 4206; x_wconf 84' lang='lat' dir='ltr'><strong>concludere,</strong></span> <span class='ocrx_word' id='word_1_386' title='bbox 615 4155 717 4192; x_wconf 81' lang='lat' dir='ltr'><strong>verum</strong></span> <span class='ocrx_word' id='word_1_387' title='bbox 730 4135 870 4205; x_wconf 79' lang='lat' dir='ltr'><strong>etiamid,</strong></span> <span class='ocrx_word' id='word_1_388' title='bbox 894 4135 923 4192; x_wconf 91' lang='lat' dir='ltr'><strong>in</strong></span> <span class='ocrx_word' id='word_1_389' title='bbox 937 4135 1015 4209; x_wconf 92' lang='lat' dir='ltr'><strong>quod</strong></span> <span class='ocrx_word' id='word_1_390' title='bbox 1028 4135 1197 4192; x_wconf 84' lang='lat' dir='ltr'><strong>coniectura</strong></span> <span class='ocrx_word' id='word_1_391' title='bbox 1208 4135 1398 4192; x_wconf 82' lang='lat' dir='ltr'><strong>inciderunt:</strong></span> 
     </span>
     <span class='ocr_line' id='line_1_42' title="bbox 314 4221 1397 4297; baseline 0.001 -19"><span class='ocrx_word' id='word_1_392' title='bbox 314 4233 468 4296; x_wconf 70' lang='lat' dir='ltr'><strong>cognomento</strong></span> <span class='ocrx_word' id='word_1_393' title='bbox 485 4225 639 4279; x_wconf 76' lang='lat' dir='ltr'><strong>sententium</strong></span> <span class='ocrx_word' id='word_1_394' title='bbox 661 4223 823 4278; x_wconf 83' lang='lat' dir='ltr'><strong>concludere.</strong></span> <span class='ocrx_word' id='word_1_395' title='bbox 867 4221 974 4278; x_wconf 86' lang='lat' dir='ltr'><strong>Latine</strong></span> <span class='ocrx_word' id='word_1_396' title='bbox 995 4221 1154 4290; x_wconf 83' lang='lat' dir='ltr'><strong>rationem,</strong></span> <span class='ocrx_word' id='word_1_397' title='bbox 1183 4229 1397 4297; x_wconf 79' lang='lat' dir='ltr'><strong>argumentum</strong></span> 
     </span>
     <span class='ocr_line' id='line_1_43' title="bbox 316 4305 1399 4382; baseline 0 -18"><span class='ocrx_word' id='word_1_398' title='bbox 316 4307 488 4365; x_wconf 86' lang='lat' dir='ltr'><strong>concludere</strong></span> <span class='ocrx_word' id='word_1_399' title='bbox 511 4307 648 4376; x_wconf 86' lang='lat' dir='ltr'><strong>dicimur,</strong></span> <span class='ocrx_word' id='word_1_400' title='bbox 673 4307 760 4364; x_wconf 86' lang='lat' dir='ltr'><strong>etiam</strong></span> <span class='ocrx_word' id='word_1_401' title='bbox 784 4307 895 4382; x_wconf 85' lang='lat' dir='ltr'><strong>aliquid</strong></span> <span class='ocrx_word' id='word_1_402' title='bbox 918 4305 1108 4378; x_wconf 90' lang='lat' dir='ltr'><strong>concludere,</strong></span> <span class='ocrx_word' id='word_1_403' title='bbox 1143 4314 1175 4362; x_wconf 90' lang='lat' dir='ltr'><strong>ut</strong></span> <span class='ocrx_word' id='word_1_404' title='bbox 1202 4306 1399 4364; x_wconf 81' lang='lat' dir='ltr'><strong>accusativus</strong></span> 
     </span>
     <span class='ocr_line' id='line_1_44' title="bbox 315 4391 1399 4470; baseline -0.001 -19"><span class='ocrx_word' id='word_1_405' title='bbox 315 4393 497 4470; x_wconf 89' lang='lat' dir='ltr'><strong>pronominis</strong></span> <span class='ocrx_word' id='word_1_406' title='bbox 509 4393 649 4462; x_wconf 74' lang='lat' dir='ltr'><strong>addatur,</strong></span> <span class='ocrx_word' id='word_1_407' title='bbox 677 4397 840 4464; x_wconf 79' lang='lat' dir='ltr'><strong>sententiam,</strong></span> <span class='ocrx_word' id='word_1_408' title='bbox 857 4412 913 4450; x_wconf 85' lang='lat' dir='ltr'><strong>rem</strong></span> <span class='ocrx_word' id='word_1_409' title='bbox 923 4411 982 4450; x_wconf 90' lang='lat' dir='ltr'><strong>non</strong></span> <span class='ocrx_word' id='word_1_410' title='bbox 994 4393 1088 4468; x_wconf 86' lang='lat' dir='ltr'><strong>magis</strong></span> <span class='ocrx_word' id='word_1_411' title='bbox 1099 4393 1253 4450; x_wconf 83' lang='lat' dir='ltr'><strong>corrcludere</strong></span> <span class='ocrx_word' id='word_1_412' title='bbox 1264 4391 1399 4450; x_wconf 88' lang='lat' dir='ltr'><strong>dicimur</strong></span> 
     </span>
    </p>
   </div>
   <div class='ocr_carea' id='block_1_5' title="bbox 0 0 1465 5012">
    <p class='ocr_par' dir='ltr' id='par_1_6' title="bbox 0 0 1465 5012">
     <span class='ocr_line' id='line_1_45' title="bbox 0 0 1465 5012; baseline 0 0"><span class='ocrx_word' id='word_1_413' title='bbox 0 0 1465 5012; x_wconf 95' lang='lat' dir='ltr'><strong> </strong></span> 
     </span>
    </p>
   </div>
  </div>
 </body>
</html>
