2920 5012
392 383 436 430 nn
459 382 541 430 usu.
557 381 621 430 nna
638 383 650 430 1
672 383 745 431 ose.
757 385 833 432 e-r,
1110 365 1152 431 49

96 553 191 620 iudicia
210 571 316 618 rerum
336 551 370 618 in
396 551 538 618 sensibus
566 553 669 634 ponit,
702 552 815 634 quibus
848 552 876 618 si
908 552 1004 619 semel
1036 551 1155 635 aliqud

95 655 153 720 falsi
172 673 227 738 pro
250 673 326 720 vero
348 654 516 737 probabun
537 654 593 735 sit,
621 653 777 720 sublatum
799 672 870 720 esse
891 673 981 720 omne
1007 655 1154 722 iudicium

94 757 149 822 vari
178 763 208 823 et
238 755 310 822 falsi
341 755 517 839 putat****
571 758 622 822 23.
655 755 827 824 Confirmat
857 761 963 822 autem
994 757 1072 824 illud
1104 757 1154 824 vel

147 951 170 995 a.
187 945 308 996 beonnae
325 952 387 995 nota
405 945 477 994 nulla
494 945 520 994 in
539 945 613 994 codd.
655 942 716 994 allud
732 952 754 994 st
771 943 873 994 maram
891 944 913 994 E

165 1122 263 1177 1111111111
283 1139 375 1176 renea
396 1121 423 1175 in
445 1120 566 1176 sonabas
583 1113 675 1218 parcit)
698 1117 813 1176 Iudicio
834 1137 933 1175 rerum
955 1119 1003 1176 hic
1026 1119 1155 1196 singula-

94 1205 138 1262 tim
157 1205 233 1276 dicit,
256 1205 395 1262 universe
416 1205 543 1262 iudicium
564 1207 622 1261 veri
641 1204 736 1262 Acad.
747 1205 801 1296 Il,
826 1205 874 1260 29.
918 1205 1006 1302 Diog.
1028 1205 1075 1278 X,
1100 1205 1154 1261 31·

92 1279 132 1384 'dp
149 1287 188 1362 τῷ
204 1307 307 1346 aaron
329 1277 443 1386 λέγει
428 1305 444 1345 ο
466 1281 646 1384 Ἐπίκουρος
671 1271 807 1382 κριτήρια
834 1284 887 1363 τῆς
910 1279 1058 1384 ἀληθείας
1081 1283 1156 1346 eluas

93 1363 140 1438 τὰς
155 1363 309 1450 αἰσθήσεις
329 1391 379 1430 και
371 1359 563 1450 προλήψεις
584 1361 633 1428 καὶ
652 1363 748 1448 πάθη.
794 1372 885 1434 Sed
875 1393 946 1470 ipsa
964 1362 1116 1449 πρόληψις
1137 1392 1156 1431 ιι

94 1475 169 1515 sensu
192 1459 321 1532 quodam
343 1476 432 1532 saepe
454 1458 580 1533 repetito
610 1457 785 1530 ducebatur,
819 1477 873 1516 nec
902 1447 1007 1523 πάθος
1028 1476 1047 1515 a
1068 1477 1156 1517 sensu

95 1542 473 1620 distingvebatnr.1taqne
495 1561 597 1600 omnes
619 1561 722 1601 sensns
745 1562 862 1621 semper
883 1562 970 1601 veros
988 1561 1052 1602 esse
1070 1544 1156 1601 doce·

94 1627 137 1684 bat
156 1625 245 1708 (inira
268 1624 339 1710 64),
368 1647 483 1686 errores
511 1647 550 1686 ex
572 1628 710 1704 opinione
733 1629 849 1687 adiecta
870 1629 941 1687 oriri
972 1623 1046 1709 (vid.
1068 1629 1156 1706 Diog.

94 1713 129 1784 Χ,
151 1715 186 1771 31
209 1733 288 1789 sqq.,
312 1714 433 1790 Epicur.
456 1715 535 1790 apud
557 1713 681 1771 eundem
704 1714 792 1791 Diog.
815 1715 861 1788 X,
900 1715 973 1785 146,
1006 1732 1070 1791 κυρ.
1094 1709 1155 1784 dci.

96 1799 222 1874 1311111,
251 1799 315 1859 Cic.
338 1800 433 1857 Acsd.
455 1801 502 1871 Il,
527 1801 582 1872 79,
610 1800 648 1857 N.
671 1801 709 1857 D.
733 1799 763 1870 1,
789 1801 843 1871 70,
866 1800 983 1858 Lucret.
1005 1801 1061 1870 IV,
1096 1799 1156 1857 379

95 1884 174 1964 sqa),
194 1886 223 1942 in
246 1905 282 1942 eo
300 1885 472 1961 saepissime
494 1885 606 1956 labens,
630 1885 709 1960 quod
731 1885 869 1944 effectum
892 1894 922 1943 et
943 1903 1005 1942 rem
1027 1883 1157 1942 afficien-

95 1979 145 2026 tem
164 1969 375 2042 eonfimdebet,
409 1971 481 2028 talis
503 1970 602 2028 omnia
623 1989 702 2042 esse,
731 1972 831 2046 qualia
860 1971 1044 2043 viderentur,
1078 1968 1158 2028 affir-

97 2073 176 2113 mana
217 2057 291 2114 Mox
315 2054 456 2114 Davisius
483 2056 560 2113 male
588 2056 859 2114 eParisiensibus:
892 2067 918 2113 et
943 2059 1001 2113 ueri
1026 2066 1051 2114 ct
1077 2058 1158 2131 sabi,

95 2141 167 2213 quasi
186 2141 292 2199 borum
314 2151 483 2218 separatum
506 2141 647 2199 iudicium
669 2141 708 2198 sit
729 2161 764 2200 ae
786 2162 844 2201 non
861 2142 918 2200 hoc
934 2142 1031 2218 ipsum
1048 2141 1159 2199 iudice·

5 2279 6 2304 ,
95 2235 144 2296 tur,
163 2235 260 2284 utrum
282 2247 386 2284 verum
410 2246 447 2284 an
469 2226 578 2285 falsum
601 2226 713 2302 aliquid
736 2229 783 2286 sit.

169 2313 215 2370 2³.
251 2313 398 2386 Confirmat
419 2323 506 2370 auum
528 2315 596 2370 illud
618 2311 687 2388 etc.)
710 2314 807 2386 Patet,
830 2313 975 2371 excidisse
997 2313 1028 2369 in
1051 2313 1159 2370 nostris

5 2397 6 2408 ¹
95 2397 230 2455 eodiobna
252 2396 395 2478 [fortasse
418 2396 520 2476 etiam]
543 2399 630 2455 finem
653 2399 889 2474 reprehensionis
911 2399 1033 2456 alterius
1055 2397 1158 2474 partis,

95 2479 152 2558 [aed
171 2481 263 2562 certe]
285 2483 403 2541 initium
425 2502 542 2555 eorum,
570 2502 646 2558 quae
669 2485 706 2541 ad
727 2486 845 2542 tertiam
866 2493 995 2561 partem,
1019 2483 1155 2555 ethicam,

93 2568 236 2642 pertinent.
280 2569 412 2644 Explere
433 2569 569 2626 lacunam
592 2571 710 2627 Marsus
732 2578 920 2641 conatnsest,
943 2568 1155 2645 cuiuempple·

93 2663 210 2711 mentum
232 2655 285 2713 alii
313 2655 432 2729 quidam
454 2662 626 2712 tenuerunt:
660 2657 693 2712 [a
716 2659 794 2713 tertia
815 2675 877 2713 vero
899 2665 994 2731 parte,
1023 2665 1157 2729 quaeest

94 2739 122 2795 dc
140 2743 190 2796 vito
210 2751 235 2798 et
256 2742 390 2811 meabas,
412 2744 439 2797 in
461 2743 643 2798 consatubbne
657 2743 725 2814 finis
747 2743 785 2798 ml
803 2761 959 2814 peneresum
981 2743 1053 2816 sapit
1076 2749 1157 2814 atquc

94 2827 256 2898 morafiam.
317 2827 462 2899 Confirmat
494 2827 563 2883 illud
596 2834 651 2883 etc.
686 2823 799 2904 (deleto
832 2835 932 2894 autea,
978 2825 1056 2901 quod
1089 2843 1156 2882 cum

93 2907 241 2982 Gruterus,
275 2912 326 2986 qni
355 2912 590 2988 supplementum
613 2911 741 2988 expulit,
775 2931 834 2970 non
855 2919 1037 2980 revocasset,
1071 2911 1157 2967 resti·

93 3003 178 3052 tutum
203 3008 248 3055 est
274 3017 293 3054 a
315 2997 440 3055 Davisio
463 2997 630 3071 equisque
658 2998 757 3068 codd.;
790 2998 939 3054 habebant
971 2997 1033 3054 sine
1059 2995 1156 3054 dubio

92 3099 196 3154 aarum
217 3093 321 3140 tenent
342 3083 422 3142 Oxx.
444 3092 475 3139 et
496 3081 627 3156 Gziani).
673 3081 732 3142 Sed
754 3101 802 3154 ea,
834 3101 910 3157 quae
932 3091 1000 3159 post
1021 3082 1156 3138 lacunam

92 3166 178 3240 prima
197 3177 370 3244 sequuntur,
393 3168 482 3245 vulgo
505 3187 559 3243 pro
581 3167 704 3245 integris
726 3168 769 3226 sic
791 3168 926 3238 eduntur,
949 3177 982 3224 ut
998 3176 1067 3225 sunt
1078 3167 1156 3241 apud

93 3249 235 3326 Onellium,
258 3273 319 3312 non
341 3253 436 3312 solum
453 3263 557 3312 contra
573 3253 703 3325 codices,
727 3273 743 3311 e
765 3254 872 3329 quibus
893 3257 991 3310 sciscat
1012 3252 1155 3328 scriptum

92 3345 150 3394 erat
168 3341 254 3397 etiam
275 3339 307 3396 in
330 3339 419 3412 Vict,
442 3339 518 3397 Pell.
541 3339 686 3410 omnibus,
710 3338 789 3397 Oxx.
806 3339 880 3415 Εὓχ
897 3333 987 3417 (Dav.
1010 3347 1041 3395 et
1063 3337 1156 3396 Gaius

91 3428 207 3498 tacent),
225 3426 324 3501 probet
349 3425 441 3482 habet
462 3425 550 3482 etiam
572 3425 637 3481 Pal.
663 3427 689 3494 1,
718 3425 747 3482 id
770 3433 828 3496 eet,
857 3425 970 3501 optimi,
994 3423 1156 3480 sedetiam

91 3519 183 3567 conus
203 3509 395 3581 sententiam
424 3529 519 3586 neque
552 3510 629 3568 enim
656 3519 736 3568 recte
758 3511 904 3587 Epicurus
932 3511 1088 3584 confirmare
1111 3527 1155 3565 vo·

90 3594 206 3668 bptntan
227 3607 254 3654 et
275 3597 393 3654 dolorm
414 3596 530 3654 dieitur.
567 3597 673 3670 Itaque
695 3596 836 3654 Davisius
859 3605 889 3652 et
910 3596 1045 3654 Bremiua
1067 3593 1156 3652 scribi

89 3679 232 3740 volebant:
265 3683 296 3739 id
322 3701 393 3753 esee,
426 3682 534 3756 quibus
566 3699 704 3757 perverse
737 3681 907 3757 obloquitur
939 3680 1041 3739 Gaius.
1097 3679 1156 3738 Sed

89 3775 217 3825 evertunt
237 3769 326 3825 istam
348 3768 546 3825 coniecturam
569 3785 657 3825 voces
674 3770 765 3837 nteit,
789 3786 864 3841 quae
880 3768 937 3824 hoc
953 3767 1040 3824 modo
1056 3765 1155 3841 inepte

87 3849 306 3929 interponantur
327 3853 490 3912 sententiae
517 3852 669 3928 incipienti
697 3871 716 3909 a
736 3855 883 3926 confirmat.
926 3853 1081 3910 Postremo
1114 3871 1155 3907 re-

83 3939 194 4011 probare
209 3957 265 3997 nec
276 3939 382 3998 Cicero
404 3939 475 3996 alibi
499 3957 553 3995 nec
575 3938 638 3996 eius
661 3938 800 4013 aequales
821 3939 945 4008 babent3
968 3937 1046 4014 apud
1063 3936 1156 4010 Quin·

88 4022 216 4081 tilianam
249 4025 368 4082 demum
401 4025 529 4101 positum
562 4032 608 4082 est
637 4025 697 4094 (VI
718 4043 848 4100 prooem.
872 4021 923 4102 3),
957 4023 1036 4099 apud
1069 4041 1156 4097 quem

85 4109 175 4184 ipsum
198 4110 294 4168 codex
317 4110 594 4186 praestantissimus,
617 4111 757 4168 Ambrae.
777 4113 804 4181 1,
827 4109 917 4167 habet
938 4109 1155 4186 repnpaaatibue,

86 4195 185 4253 deinde
203 4195 283 4272 apud
299 4194 523 4254 iurisconsultos
541 4195 620 4253 tertii
637 4196 762 4266 saeculi;
785 4214 849 4267 nec,
871 4195 897 4252 si
914 4195 1062 4252 diceretur
1072 4191 1155 4253 Cice·

84 4281 216 4353 roniane,
239 4290 342 4357 aptum
365 4289 443 4340 esset
464 4282 569 4352 dolori,
592 4281 643 4356 qui
665 4299 724 4339 non
745 4281 938 4357 improbatur,
961 4281 1012 4338 sed
1034 4279 1155 4356 fugitur.

84 4367 184 4443 Iusque
207 4367 282 4425 haec
303 4386 421 4443 quoque
442 4368 542 4440 verba,
565 4385 632 4426 oum
653 4367 861 4443 praecedentia
882 4367 1065 4438 exciderent,
1088 4383 1155 4440 per-

952 4489 967 4531 4
