2938 5020
359 409 403 454 au
427 409 507 454 usu.
529 408 591 454 mu.
613 408 637 453 u
660 407 732 454 cae.
757 410 831 454 s-o.
1063 388 1120 452 191

149 575 195 640 IX.
225 577 414 642 Semovenda
435 585 483 641 est
504 576 599 657 iginus
621 575 775 656 voluptas,
798 593 858 640 non
882 575 1124 642 solumutrecta

83 677 232 758 sequamini,
253 679 307 742 sed
329 678 423 744 etiam
445 685 481 742 ut
507 677 592 760 loqui
621 678 730 741 deceat
756 675 926 758 faugaliter.
972 677 1022 742 26.
1044 676 1123 740 Pos-

82 797 200 843 sumusne
219 798 290 860 ergo
311 779 343 844 in
366 780 430 844 vita
452 798 605 844 summum
626 779 742 844 bonum
752 779 863 856 dicere,
886 797 956 843 cum
977 777 1009 842 id
1032 795 1070 842 nc
1091 778 1122 842 in

81 897 139 942 cona
157 881 268 962 quidem
289 899 385 962 posse
406 881 587 946 videamur?
620 881 782 958 Quomodo
804 889 908 945 autem
919 878 1123 961 philosophus

80 980 207 1062 loquitu?
230 983 323 1052 „Teia
334 1001 449 1064 genera
459 981 671 1062 cupiditatum,
694 982 853 1047 naturales
869 989 901 1046 et
920 981 1123 1059 necessanaa
1140 979 1161 1044 5

22 1077 23 1104 ³
81 1084 208 1148 naturales
229 1093 259 1148 et
274 1104 336 1148 non
348 1082 550 1162 necffisariae,
572 1101 628 1148 nec
644 1082 804 1148 naturales
826 1101 882 1148 nec
899 1081 1121 1148 necessariae‘*

132 1305 323 1368 ieepuer
376 1304 500 1354 matii
552 1309 576 1355 8.
594 1304 664 1368 &dur
685 1303 846 1354 LPucssor.
901 1312 990 1367 4.,ῳο
1007 1302 1123 1352 nmemC

22 1429 23 1442 ἵ
80 1374 128 1420 iet
143 1373 278 1422 masmine
297 1373 373 1426 codd.
392 1373 451 1434 <nisi
469 1374 537 1437 qnod
557 1374 593 1421 Α1
615 1387 659 1436 per
681 1373 857 1436 compendium
880 1387 930 1421 non
949 1372 1011 1420 estis
1029 1383 1123 1420 cenum
1191 1403 1194 1409 -

80 1441 298 1505 onmem),
323 1441 369 1494 Or.
405 1446 429 1494 6.
467 1439 666 1508 [accensorias
684 1456 733 1491 om.
752 1443 873 1500 aon,·A¹;
899 1443 964 1488 A²et
981 1457 1027 1488 nan
1045 1457 1123 1487 neces·

22 1565 23 1572 ¹
79 1505 151 1574 mae]
176 1509 291 1559 marala
313 1519 336 1558 et
363 1525 410 1559 om.
436 1509 457 1559 C
479 1519 501 1558 et
528 1507 700 1558 insece-esurias
728 1509 814 1558 Enoc
833 1507 983 1558 necessarias
1011 1511 1067 1564 [ons.
1094 1513 1123 1566 et)

22 1573 23 1620 i
80 1573 213 1628 seucum.
262 1595 304 1627 nec
322 1578 474 1628 necessariae
492 1577 678 1628 scenicam.

22 1797 23 1844 i
80 1799 113 1859 (hi
123 1800 171 1858 dno
180 1805 315 1878 accipiendi
335 1799 394 1877 ore)
406 1801 436 1858 ei
448 1821 504 1877 mg.
522 1799 602 1859 Crat.
631 1801 778 1876 (occasions
800 1805 888 1870 aerea
912 1799 1009 1867 Grut,
1038 1800 1123 1861 Dav..

22 1911 23 1924 *
78 1882 151 1942 Gzius
170 1897 274 1955 tecent3
296 1886 499 1944 emendavisse
521 1887 638 1943 videtur
659 1885 757 1942 Aldus
779 1885 940 1942 Manutius.

146 1971 209 2047 Cap.
230 1973 286 2030 IX·
316 1983 345 2028 ot
372 1974 447 2045 ioqui
472 1973 563 2028 deceat
584 1969 746 2046 papalium)
791 1970 865 2028 Cum
878 1970 1043 2027 haesissent
1064 1969 1124 2038 alii,

22 2081 23 2124 i
78 2067 140 2110 nacte
159 2057 289 2115 Davisius
312 2067 342 2115 et
352 2056 489 2115 Bromius
512 2054 927 2138 sententisnnexpeciivernnt:
950 2055 1124 2112 Nonsolum

78 2150 103 2192 ut
120 2151 186 2198 recta
205 2143 233 2199 iu
254 2144 318 2200 vita
339 2141 513 2216 sequamini,
537 2137 705 2222 (sequamur,
727 2140 825 2198 inutili
847 2140 1038 2210 correctione,
1061 2140 1125 2196 cod.

22 2271 23 2292 2
79 2221 139 2290 [fta
159 2227 227 2297 Bac,
249 2223 321 2302 Εξ),
350 2227 513 2286 sedetiam
536 2233 568 2282 ut
589 2226 746 2284 conveniat
768 2225 852 2282 vobis
874 2223 952 2301 {rugi
975 2225 1125 2282 hominnm

22 2307 23 2322 ¹
77 2327 186 2368 sannone
212 2314 252 2370 nti
280 2322 311 2370 et
339 2313 451 2384 dicere,
480 2330 625 2368 summum
649 2311 755 2368 bonum
778 2310 892 2386 percipi
914 2328 973 2367 non
991 2309 1127 2376 dolendo,

77 2395 141 2452 tenui
152 2397 231 2469 siau,
253 2417 388 2473 quaeque
410 2397 469 2454 sint
490 2396 607 2468 similia,
631 2397 809 2454 semovenda
820 2395 957 2471 voluptas
974 2405 1028 2466 est,
1052 2413 1127 2468 (puae

77 2491 125 2536 tota
145 2482 170 2538 in
190 2493 267 2542 motu
290 2483 342 2540 illo
365 2493 395 2540 ct
417 2482 584 2540 titillatione
612 2481 709 2556 posita
731 2491 784 2538 est.
829 2481 941 2538 'samen
965 2480 1059 2539 Gzina
1081 2483 1127 2536 ‹le-

76 2575 121 2620 cec!
140 2577 214 2642 putat
233 2587 298 2626 esse
320 2571 413 2626 decen
433 2570 609 2641 onellepatur.
655 2566 727 2625 Otto
750 2575 883 2624 enarrat:
917 2576 945 2622 nt
972 2568 1128 2640 intellegatis

77 2651 137 2724 iopm'
153 2655 235 2710 decere
249 2656 414 2728 Jiacpcliter,
437 2653 488 2710 sed
511 2653 598 2710 coicis
620 2647 664 2730 (et
686 2653 773 2728 longe
795 2661 863 2708 ante
886 2651 1045 2725 Nodellue)
1074 2669 1127 2726 pro

77 2735 151 2792 daea
169 2739 349 2796 scribendum
372 2757 436 2796 esse
458 2739 578 2795 discatis.

148 2823 189 2880 26.
210 2825 391 2881 Possumusne
412 2842 475 2896 erpo
496 2825 523 2878 in
545 2825 599 2879 vita
622 2819 691 2896 etc.)
714 2823 792 2894 Erpa
814 2821 902 2878 etism
926 2818 1127 2898 Spir.[etA].

78 2905 124 2962 Sed
143 2907 205 2966 dure
226 2909 384 2966 admodum
406 2908 551 2966 omittitur
567 2907 649 2982 prior
664 2906 863 2976 accusativus,
898 2923 963 2962 cum
986 2907 1074 2963 ctiam
1097 2906 1127 2962 in

78 3009 102 3046 eo
122 2991 178 3066 ipae
196 2995 239 3052 vis
261 2993 424 3052 sententiae
447 2994 499 3062 sit3
523 2992 712 3068 (Lambinusz
735 2995 816 3064 ipisci
839 2992 1026 3065 caiaapmtena);
1060 3009 1126 3047 nam

78 3077 141 3148 qnod
159 3077 244 3137 Gaiam
270 3081 378 3154 aliquid
401 3078 605 3154 ,cogitandum
629 3077 744 3134 omitti‘*
768 3076 854 3147 dicit,
888 3086 933 3132 est
960 3095 998 3132 ex
1025 3076 1129 3132 eodem

79 3161 182 3236 fingendi
205 3184 328 3242 genero,
362 3183 421 3238 quo
453 3164 529 3220 solet
551 3163 602 3220 nti.
650 3163 756 3236 Itaque
778 3180 836 3218 non
860 3161 1063 3236 improbabilis
1085 3169 1131 3216 est

79 3244 172 3306 Davisii
182 3251 322 3326 suspicio:
346 3252 421 3324 quod
431 3268 462 3304 ne
473 3258 543 3316 etc.;
561 3247 765 3306 coniunctivae
777 3245 844 3303 huic
856 3246 981 3302 relativo
994 3265 1029 3302 eo
1042 3245 1129 3302 inodo

79 3331 201 3393 subiectus
222 3336 288 3408 erit,
311 3335 348 3392 de
371 3353 429 3409 quo
452 3333 560 3390 dictum
584 3333 687 3390 estad
711 3337 724 3402 ξ
752 3331 799 3388 15.

146 3421 272 3494 quuatur?
300 3421 367 3478 Tria
386 3417 498 3496 pensan)
526 3417 591 3496 [Sic
614 3417 753 3492 distingui
776 3416 882 3486 verbs,
916 3424 949 3472 ut
971 3417 1034 3491 ipse
1057 3415 1128 3491 Epi·

79 3517 146 3560 turus
166 3505 284 3581 loquens
307 3505 509 3582 induceretup,
533 3503 668 3560 voluerat
689 3503 747 3559 iam
770 3501 909 3570 Orellius,
933 3499 1062 3558 offensus
1085 3501 1129 3556 in·

80 3588 180 3648 olentia
199 3591 350 3657 orationis,
373 3608 439 3647 cum
461 3591 597 3647 ederetur
614 3588 671 3645 sic:
694 3589 811 3661 oquitur
833 3590 886 3644 aaa
905 3606 1005 3659 penora
1025 3587 1129 3660 capsidi-

80 3681 159 3732 toturn?
174 3688 225 3734 nat.
237 3688 263 3734 et
273 3679 440 3734 necessarias
448 3709 489 3717 —
501 3695 552 3731 non
564 3676 729 3731 necessarias
740 3705 781 3714 -
799 3691 844 3729 nec
855 3675 1039 3728 neccessariasi
1059 3672 1129 3727 Iure

80 3773 227 3835 negaveram
244 3763 275 3820 in
304 3781 340 3818 ea
362 3761 548 3818 distinctione
571 3758 642 3816 ferri
667 3776 753 3833 posse
775 3757 959 3814 accusativos
977 3757 1008 3812 in
1031 3755 1129 3812 verbis

80 3839 185 3917 Epicuri,
206 3855 387 3920 conatusque
414 3865 494 3904 eram
510 3845 583 3902 illud
606 3847 680 3918 ioqui
700 3846 753 3900 tria
778 3861 876 3916 penora
898 3842 940 3898 ita
962 3839 1129 3909 defendere,

81 3939 100 3983 11
114 3941 186 3990 esset
206 3931 268 3990 iere
291 3951 415 4006 crepare,
443 3933 470 3988 ia
497 3950 542 3987 ore
569 3930 674 3986 habere.
726 3927 785 3987 Sed
818 3935 935 4002 reperto
963 3927 993 3982 in
1021 3926 1051 3982 Α
1085 3925 1129 3982 bis

81 4017 234 4074 nominativo
256 4020 431 4087 necessariae,
458 4024 538 4073 recte
559 4015 697 4072 Baiterus
719 4013 897 4082 orationem,
931 4021 963 4068 nt
996 4010 1132 4068 voluerat

81 4095 192 4173 (insilias,
215 4101 353 4160 distinxit
364 4111 394 4158 ct
406 4101 501 4176 primo
518 4119 636 4175 quoque
657 4099 724 4156 loco
752 4097 964 4156 nominativum
991 4094 1130 4165 restitnit,

82 4199 205 4259 nnuman,
228 4205 296 4244 cum
319 4191 372 4244 tria
391 4206 490 4260 qenera
511 4186 550 4242 ad
571 4188 689 4260 loquitur
710 4179 1004 4258 accommodaretur]

139 4285 163 4330 et
184 4293 235 4330 aon
258 4272 437 4347 necessariae)
461 4271 584 4331 Secutus
607 4289 670 4328 sum
694 4267 739 4346 [in
751 4268 933 4326 restituendo
944 4265 983 4344 et]
1005 4267 1131 4342 vestigia

83 4350 120 4412 Ed.
138 4369 166 4416 ct
188 4358 259 4416 edit.
283 4357 364 4416 Cret.
387 4367 416 4414 et
437 4357 532 4427 Vict.;
561 4355 652 4413 ceteri
674 4355 801 4412 editores
829 4362 942 4422 tecent3
976 4353 1131 4410 videbatur
