3018 5052
430 389 473 434 er
497 387 576 434 unu.
600 387 661 433 ura.
685 387 718 434 rv
740 387 813 434 cnr.
833 390 856 434 a.
1122 370 1185 435 497

110 575 269 639 quamque
290 558 330 621 de
352 557 446 622 variis
470 558 563 623 rebus
591 563 623 622 et
649 573 775 635 causae,
809 575 865 620 cur
891 557 1028 638 quidque
1054 555 1122 636 fiat,
1156 564 1189 623 et

110 659 400 738 demonstrationes,
422 659 680 741 quemadmodum
703 658 838 740 quidque
859 657 927 722 fiat!
961 677 1024 740 qua
1045 677 1082 723 ex
1105 659 1186 724 omui

110 761 203 842 copia
223 761 356 842 plurima
367 768 399 827 et
420 761 592 826 certissima
602 767 785 842 argumenta
807 767 971 826 sumuntur
986 760 1186 842 adcuiusque

110 864 160 928 rei
181 870 324 928 naturam
347 863 568 944 explicandam.
612 864 695 944 Ergo
723 863 839 940 adhuc,
867 868 1017 944 quantum
1044 862 1187 945 equidem

110 965 273 1048 intellego,
301 984 477 1030 musanen
505 967 628 1031 videtur
655 965 749 1030 irrisae
776 965 916 1029 mutandi
944 964 1090 1043 dominia,
1124 971 1225 1033 non5

107 1069 203 1146 enlm,
226 1068 252 1132 si
274 1067 377 1132 omnia
398 1087 459 1133 non
482 1067 678 1149 sequebatur,
699 1067 812 1132 idcirco
834 1087 896 1131 uon
913 1073 981 1132 erat
997 1073 1084 1131 ortus
1096 1067 1186 1133 illinc.

110 1171 265 1252 Equidem
287 1169 379 1234 etiam
401 1169 577 1251 Epicurum,
599 1170 630 1234 in
652 1170 789 1251 physicis
805 1169 939 1250 quidem,
961 1169 1187 1234 Democriteum

173 1362 193 1406 l.
212 1374 328 1421 quumque
346 1373 395 1407 om.
415 1359 436 1406 R
471 1358 538 1406 rebus
551 1357 626 1406 uariis
645 1356 801 1422 (amcam.
839 1356 963 1422 [quidquid
980 1357 1029 1423 Eh]
1049 1375 1155 1421 quaeque
1167 1361 1185 1407 (2

98 1429 154 1489 fiet
173 1419 196 1474 Ε
241 1431 263 1474 2.
282 1426 394 1490 quicquid
410 1427 433 1476 Ε
451 1443 558 1491 praeque
572 1425 705 1476 cremor.
743 1426 812 1488 fiam
829 1425 962 1476 LPCROr.
1007 1426 1070 1474 omui
1085 1427 1186 1476 materia

111 1495 226 1560 (punctis
244 1501 307 1556 not.)
325 1495 433 1560 coprbL
470 1501 492 1543 6.
511 1494 647 1544 creemur-iu
665 1495 794 1558 urpum.R
829 1493 995 1558 sequunturC
1029 1495 1095 1544 cubes
1112 1494 1150 1544 rei
1162 1496 1186 1546 E

110 1570 135 1616 5,
156 1579 254 1612 courum
273 1565 296 1612 R
330 1581 375 1612 uon
393 1563 442 1612 m'ri
457 1565 572 1614 omurirC
609 1567 631 1610 6.
648 1563 843 1626 sequebamini»
888 1567 911 1615 7.
935 1559 1091 1626 Epicuromm
1113 1561 1185 1631 [A]E

106 1632 281 1697 Epicureorum
300 1631 343 1683 PC
361 1633 466 1698 Epicure
482 1632 563 1682 horum
580 1633 604 1681 R
638 1631 796 1682 Dauom'tum
814 1647 900 1681 omnes

107 1790 245 1865 plantem
267 1807 322 1864 per
344 1788 546 1865 synecdochen
569 1777 665 1863 quadr
686 1789 819 1865 intellegi
830 1789 958 1858 tradunt,
981 1789 1185 1865 partimaper·

109 1875 258 1932 tissimum
282 1883 335 1945 ast,
359 1875 508 1951 propriam
532 1872 775 1950 significationem
798 1874 964 1932 necessario
987 1875 1123 1946 retineri,
1153 1885 1186 1933 ut

105 1960 190 2036 apud
214 1959 329 2018 Colum.
351 1961 408 2030 XI,
422 1961 450 2030 3,
465 1961 519 2017 40:
541 1971 566 2018 et
588 1963 684 2016 ammae
695 1961 838 2035 captantis,
862 1960 969 2035 partim
987 1960 1060 2017 nihil
1077 1961 1184 2032 obstet,

106 2063 172 2120 quo
195 2045 291 2102 minus
313 2046 483 2116 retineatur,
506 2055 539 2102 ut
560 2045 753 2120 epudIuven.
767 2047 824 2116 111,
838 2044 923 2120 227.)
946 2045 1130 2118 DeN.D.H,
1144 2047 1183 2104 36

109 2131 267 2188 brevitatis
290 2149 379 2188 causa
400 2135 497 2206 stirpes
519 2131 590 2188 dicit
613 2127 749 2211 (stirpium
772 2133 865 2188 similis
883 2131 1109 2206 autbestrbrum),
1133 2132 1184 2190 sed

110 2221 125 2286 ξ
151 2217 193 2272 28
216 2236 256 2284 aa,
280 2237 394 2290 quorum
415 2221 512 2292 stirpes
535 2227 606 2273 terro
629 2220 807 2284 conduratum
830 2215 908 2273 infra
926 2219 963 2286 V,
979 2217 1017 2273 33
1040 2218 1185 2274 ordorcset

108 2306 219 2377 stirpes,
231 2311 264 2356 ut
276 2302 406 2377 Philipp.
417 2303 459 2367 Π,
473 2303 527 2372 55;
551 2301 603 2358 cfr.
615 2302 665 2358 lib.
678 2304 716 2372 V,
732 2303 778 2358 10.
801 2302 917 2359 Plinius
929 2313 1002 2358 terro
1012 2304 1084 2358 edita
1096 2303 1185 2359 vertit

108 2389 164 2459 (H.
171 2387 211 2444 N.
225 2387 288 2444 XII
300 2387 386 2462 init).
421 2388 591 2445 Aristotelis
603 2397 633 2444 et
644 2388 841 2462 Theophrasti
864 2387 900 2443 de
922 2387 1046 2444 historia
1057 2388 1183 2446 naturali

107 2473 203 2530 libros
226 2472 393 2556 significari,
418 2472 602 2530 manifestius
625 2483 677 2532 ast.
701 2491 788 2547 quam
811 2481 843 2528 ut
866 2473 922 2529 dici
946 2473 1059 2529 debeat.

196 2577 246 2614 cur
267 2560 386 2632 quidque
401 2561 742 2633 fiat-quemadmodum
753 2561 872 2633 quidque
877 2560 944 2634 fiat)
972 2557 1021 2617 Sic
1038 2558 1182 2616 edendum

106 2643 165 2700 fuit
190 2663 206 2699 e
229 2643 361 2720 vestigiis
383 2645 466 2701 codd.
490 2645 551 2701 Erl.
575 2652 605 2700 at
627 2644 704 2718 Spir.
728 2642 793 2721 [B].
837 2643 935 2702 Ceteri
958 2643 1100 2714 editores,
1134 2645 1184 2719 qui

106 2729 248 2786 meliores
263 2729 379 2786 codices
401 2730 575 2799 habuerunt,
598 2739 704 2786 tacent.
755 2727 855 2808 [Nunc
878 2731 906 2786 Α
930 2749 1050 2804 prorsus
1068 2731 1110 2786 sic
1132 2731 1183 2787 ha-

107 2815 179 2871 bere
209 2813 422 2892 confirmatum]
471 2816 633 2872 Numerum
657 2815 780 2872 eundem
804 2815 915 2871 servari
937 2815 1043 2871 debere
1067 2823 1096 2872 et
1118 2823 1183 2872 tan·

105 2910 170 2956 tum
196 2917 296 2956 vocem
320 2901 560 2976 interrogativum
584 2901 690 2958 mutari
713 2901 777 2977 (cur
801 2911 831 2957 et
847 2900 1094 2974 quemadmodum),
1117 2901 1184 2976 ipsa

105 2984 206 3042 forma
227 2986 369 3042 orationis
391 2987 527 3043 ostendit
571 2986 620 3042 Ad
639 2988 774 3060 quidquid
795 2985 995 3060 recipiendum
1018 2986 1182 3062 segniorem

106 3089 154 3126 me
177 3069 250 3127 fecit
271 3070 332 3128 Eri.
355 3071 463 3128 codicis
474 3071 687 3140 inconstantia3
710 3071 823 3128 dicetur
845 3071 880 3127 de
903 3071 958 3127 hac
974 3090 1006 3126 re
1022 3071 1060 3128 ad
1082 3073 1119 3133 V.
1134 3073 1183 3129 24.

105 3156 205 3212 Panlo
227 3163 295 3231 post
316 3157 358 3214 sic
380 3155 636 3231 loquiturCicero,
660 3157 876 3231 tamquamhoc
889 3156 1045 3231 praecipue
1068 3167 1182 3232 agatur,

105 3259 256 3298 novumne
279 3243 396 3299 scholae
419 3261 525 3300 nomen
547 3243 694 3298 achone
717 3243 788 3299 oriri
810 3241 952 3309 debuerit,
976 3260 1011 3298 ac
1029 3261 1085 3298 non
1099 3241 1181 3314 iliud,

105 3346 138 3382 re
161 3345 202 3383 en
223 3327 322 3384 verbis
344 3329 424 3386 Zeno
447 3347 465 3384 a
487 3327 637 3384 veteribus
659 3327 814 3402 discrepet.

196 3413 390 3470 Democriteum
409 3412 489 3490 puto)
513 3413 603 3470 Recte
626 3414 669 3470 sic
680 3413 841 3482 Victorius,
865 3413 1029 3473 Nissenius.
1053 3411 1182 3470 Orellius

105 3498 246 3554 mendum
257 3498 341 3555 codd.
363 3500 462 3574 (etiam
487 3519 544 3574 mg.
557 3499 649 3572 Orat.)
661 3507 860 3555 correxerunt.
883 3499 959 3554 Nam
977 3507 1181 3574 praeterquam

103 3583 186 3656 quod
209 3584 305 3658 ipsum
328 3585 383 3645 hoc
405 3585 587 3660 ineptissime
599 3583 720 3640 dicitur:
742 3585 892 3658 Epicurum
912 3585 1181 3658 putoDcmocritum,

106 3688 160 3743 pro
184 3688 229 3738 eo,
257 3669 334 3743 quod
357 3679 415 3728 ost:
444 3674 525 3744 quusi
545 3673 658 3726 ultorum
680 3672 814 3743 qumdam
837 3671 1019 3726 Democritum
1041 3689 1097 3726 csse
1115 3681 1182 3744 puto

105 3755 209 3831 (longe
227 3755 314 3811 aliter
326 3756 419 3813 Acad.
431 3757 456 3826 I,
471 3757 503 3812 6:
530 3757 687 3830 Epicurum,
711 3757 797 3817 idest,
824 3756 1002 3811 [momentum
1021 3757 1181 3829 probarem

103 3859 173 3897 narn
186 3841 237 3914 qni
250 3840 409 3915 Epicurum
422 3842 536 3916 probat,
559 3841 760 3898 Damocritum
778 3838 912 3916 probat),
936 3840 1054 3896 omnino
1066 3841 1121 3897 hoc
1138 3850 1182 3897 to-

107 3935 167 3982 tum
180 3926 322 3982 abhorret
337 3945 355 3982 a
367 3927 513 3984 sententia
525 3927 610 3983 huius
627 3927 693 3984 loci.
727 3927 754 3982 N
758 3937 825 4001 egat
847 3927 923 3982 enim
937 3926 1041 3983 Cicero
1064 3944 1180 3982 causam

106 4010 208 4080 fuisse,
232 4029 285 4068 cur
296 4013 377 4068 Zeno
394 4031 487 4070 novae
511 4021 607 4069 sectae
630 4023 733 4069 auctor
744 4013 884 4069 existeret
901 4029 935 4067 ao
958 4030 1015 4068 non
1030 4011 1181 4086 Peripate-

106 4098 181 4154 ticus
205 4097 268 4153 sive
295 4099 492 4155 Academicus
520 4097 733 4174 appeilaretar,
768 4097 823 4154 etsi
857 4097 976 4172 paulum
999 4096 1181 4166 deflecterem

106 4183 206 4258 itaque
223 4182 321 4249 addit,
347 4185 478 4240 seatium
492 4183 650 4258 Epicurum
668 4184 698 4240 in
714 4183 876 4240 Democriti
895 4182 996 4239 schola
1018 4201 1181 4238 numerare.

105 4269 218 4325 Eodem
252 4269 349 4326 mendi
377 4287 484 4346 genere
513 4271 630 4343 Epicuri
656 4269 794 4326 scribitur
822 4288 875 4344 pro
904 4269 1036 4342 Epicurei
1061 4268 1090 4323 in
1120 4269 1181 4325 Erl.

105 4353 129 4422 1,
143 4354 194 4411 25.
240 4354 298 4410 Hic
326 4363 423 4412 autem
453 4373 507 4430 pro
535 4356 685 4429 Epicurum
714 4355 801 4410 etiam
830 4353 906 4410 Pell.
933 4356 946 4409 1
977 4362 1008 4410 et
1031 4355 1047 4408 6
1077 4355 1181 4428 Epicu·

943 4467 977 4522 32
