2998 5020
337 380 401 444 596
727 396 771 440 nn
794 393 925 441 rmmus
949 394 1019 440 nor.

337 566 573 648 gubernandum
606 564 680 630 nihil
713 565 876 642 interesse
916 569 949 628 at
981 564 1055 644 quid
1082 564 1164 628 inter
1191 573 1356 645 parentem
1381 575 1407 626 et

338 667 494 733 seruiium
516 668 646 746 intersit,
667 667 805 748 intellegi
828 671 859 730 et
881 673 986 747 potest
1008 671 1039 730 et
1060 666 1160 731 debet.
1193 666 1279 748 Ergo
1303 666 1335 730 in
1356 685 1405 747 gu-

338 771 498 836 bernando
521 769 604 848 nibil,
626 770 658 834 in
681 768 781 834 officio
804 768 972 850 plurimum
994 767 1132 845 interest
1159 787 1221 850 qno
1244 769 1277 832 in
1299 786 1406 850 genere

338 883 492 953 peocetur.
536 870 585 950 Et
609 871 635 936 si
658 873 690 936 in
712 872 781 952 ipsa
792 870 1016 952 gubernatione
1038 870 1230 952 neglegentia
1254 877 1303 936 est
1326 871 1405 934 naris

136 988 165 1046 ι
299 979 457 1052 beveren,
480 973 579 1039 maius
602 984 651 1039 est
671 969 834 1060 piperatum
854 973 886 1036 in
909 991 986 1037 auro
1009 992 1102 1055 quam
1123 973 1154 1037 in
1175 974 1275 1054 palea.
1305 974 1405 1038 Omni-

340 1077 398 1140 bus
421 1075 501 1141 enim
523 1077 643 1141 artibus
665 1076 807 1140 volumus
829 1075 1012 1140 attributam
1034 1094 1103 1140 esse
1125 1093 1202 1152 eam,
1225 1095 1307 1158 quae
1330 1095 1405 1140 oum·

338 1179 438 1243 munis
450 1179 626 1260 appellatur
637 1177 817 1260 prudentia,
840 1195 1059 1258 quamomnea
1083 1179 1265 1258 cuicumque
1281 1176 1404 1242 artificio

337 1291 500 1362 praesunt,
523 1281 636 1346 debent
657 1279 780 1346 habere.
824 1280 873 1344 lte
901 1298 940 1344 ne
966 1280 1024 1344 hoo
1051 1282 1143 1344 modo
1171 1280 1262 1361 paria
1288 1279 1403 1362 quidem

338 1389 466 1464 peccata
488 1391 568 1448 sunt

405 1559 427 1602 2.
446 1563 468 1603 et
486 1565 544 1602 ante
559 1561 635 1617 potest
653 1553 743 1604 om.E
779 1569 833 1617 erpo
852 1552 1081 1618 appentendos
1117 1559 1139 1603 4,
1159 1553 1285 1618 airpsaL
1320 1555 1341 1600 l.
1360 1569 1401 1600 aa·

336 1639 377 1672 nes
395 1622 438 1686 pai
453 1622 535 1686 cuique
553 1637 648 1680 omnes,
668 1620 709 1670 Ort
749 1625 771 1670 9.
791 1621 837 1670 runt
855 1622 877 1671 E

335 1795 446 1854 frustra
467 1796 619 1854 admonuit
641 1795 774 1852 homines
796 1795 949 1852 Bentleius
965 1796 1003 1852 ad
1021 1795 1093 1852 Hor.
1107 1795 1168 1854 Sat
1181 1797 1206 1867 Ι,
1222 1797 1250 1865 2,
1265 1795 1313 1866 63‚
1334 1794 1401 1850 adeo

336 1901 372 1938 ne
395 1892 572 1958 pervagatae
595 1881 713 1955 quidem
736 1888 766 1938 et
787 1879 946 1938 facillimae
968 1881 1185 1954 resaliquando
1198 1880 1400 1956 perdiscuntur.

335 1968 429 2024 Aead.
441 1969 482 2039 11,
497 1968 536 2025 34
556 1967 612 2024 soli
623 1967 713 2039 Mam,
727 1967 839 2037 Lanrb.‚
852 1967 929 2024 Dav.
952 1975 1030 2023 reete
1043 1966 1211 2024 ediderunt:
1234 1987 1293 2024 eum
1314 1969 1345 2022 eit
1365 1969 1399 2021 in-

335 2063 443 2124 certum,
460 2073 520 2110 vere
531 2057 677 2110 inaniterne
689 2063 824 2110 litovealur
835 2050 1023 2130 (moveamur).
1045 2052 1141 2109 Paulo
1156 2061 1225 2128 post
1238 2053 1327 2128 magis
1341 2070 1399 2127 per-

336 2138 439 2214 spicua
450 2147 527 2196 esset
539 2138 693 2208 sententia,
705 2138 731 2195 si
742 2139 784 2196 sic
796 2138 986 2196 scriberetur:
999 2139 1030 2194 E
1035 2148 1045 2194 t
1061 2142 1087 2195 in
1099 2142 1160 2213 ipra
1169 2139 1359 2213 permutatione,
1374 2137 1401 2190 si

335 2227 496 2298 neglegentia
518 2235 557 2281 eet
579 2227 655 2280 rrauir
677 2243 782 2295 ennea,
811 2226 898 2280 maiae
925 2234 965 2281 eei
987 2233 1127 2299 peccatum
1150 2233 1205 2281 eet
1228 2233 1280 2281 aut
1301 2223 1339 2280 aie
1359 2221 1398 2296 (ut

338 2309 483 2366 Lambino
506 2309 536 2366 in
559 2317 684 2366 mentem
708 2304 819 2389 venit):
841 2311 924 2366 Etsi
943 2312 970 2366 in
992 2313 1053 2384 r'psa
1073 2310 1150 2384 pud„
1178 2313 1209 2366 ai
1230 2312 1295 2382 neqi.
1331 2307 1397 2365 Nam

335 2394 516 2452 condicionis
538 2394 653 2471 pondus
676 2403 769 2452 totum
792 2405 837 2452 est
863 2395 893 2452 in
916 2394 1118 2471 neglegentiae
1146 2397 1265 2452 nomine
1291 2404 1397 2466 totaque

335 2480 481 2536 sententia
498 2481 709 2538 correctionem
727 2490 757 2537 et
767 2481 962 2538 adiectionem
986 2481 1075 2536 habet
1096 2480 1280 2537 huiusmodi:
1301 2479 1396 2553 Quern-

334 2583 422 2638 quam
450 2565 530 2640 quod
556 2565 618 2622 dixi
647 2566 676 2622 in
704 2567 895 2642 gubernando
928 2565 1003 2623 nihil
1029 2566 1185 2638 interesse,
1220 2566 1268 2623 hio
1295 2580 1396 2640 quoque

334 2649 466 2721 interest,
489 2651 514 2708 ei
536 2651 722 2727 neglegentia
744 2670 847 2709 eversa
859 2661 904 2708 est
920 2651 1018 2720 nevis3
1043 2652 1180 2708 maiorem
1194 2652 1271 2708 enim
1288 2651 1395 2726 diligen-

336 2735 407 2793 tianr
430 2737 460 2793 in
483 2755 555 2794 auro
578 2737 710 2794 adhiberi
734 2737 816 2794 iubet
838 2738 1000 2795 communis
1023 2737 1186 2812 prudentia.

420 2841 516 2890 omina,
540 2825 693 2896 cuicumque
710 2825 824 2896 artificio
834 2821 981 2898 praesunt)
1005 2823 1127 2880 Nullum
1141 2822 1171 2879 in
1183 2823 1239 2878 hae
1250 2841 1282 2878 re
1294 2816 1396 2878 artifimi

335 2905 489 2964 discrimen
500 2927 563 2964 esse
575 2908 626 2980 ait
639 2908 689 2964 sed
701 2909 731 2965 in
743 2909 880 2966 omnibus
892 2909 1011 2966 omnino
1023 2908 1135 2965 artibus
1147 2927 1212 2964 eam
1225 2905 1394 2982 prudentiam

333 2992 459 3066 requiri;
492 2993 523 3050 id
544 2993 587 3050 sio
609 2993 716 3050 dicitnr
739 2993 857 3062 Lanae,
891 3004 925 3050 ut
946 2993 1033 3060 edidi,
1057 2993 1254 3050 coniecturam
1278 3008 1395 3066 sequere

336 3077 421 3151 Quod
439 3078 565 3136 incodd.
588 3076 692 3156 [etiarn
704 3080 739 3150 Β,
755 3099 812 3156 mg.
825 3077 920 3157 Crat]
944 3079 1084 3154 scripturn
1107 3088 1152 3134 est
1174 3079 1284 3154 (ortum
1301 3097 1316 3134 e
1332 3077 1394 3152 quet'·

335 3183 454 3238 curaque,
478 3165 507 3221 in
531 3183 589 3240 qua
601 3165 746 3240 scripture
757 3165 871 3222 librarii
884 3184 971 3239 saepe
984 3163 1142 3239 errarunt),
1166 3164 1393 3240 significationem

334 3249 424 3306 habet
435 3250 659 3321 distributionis,
672 3250 757 3325 quasi
768 3251 805 3307 ab
816 3251 862 3320 iis,
880 3250 930 3324 qni
943 3249 1066 3326 singulis
1078 3249 1210 3308 artificiis
1222 3249 1354 3326 praesint,
1371 3255 1393 3300 et

335 3334 372 3391 ab
384 3335 420 3392 iis
432 3336 568 3393 omnibus
579 3335 690 3409 aliquid
703 3336 876 3412 postuletur,
900 3335 978 3410 quod
990 3354 1091 3392 eorum
1103 3335 1254 3410 proprium
1268 3335 1317 3399 sit3
1337 3348 1393 3388 narn

335 3423 384 3494 qui
403 3424 497 3496 cuique
519 3424 631 3495 artificio
648 3432 790 3496 praesunt,
813 3421 834 3477 ii
857 3431 934 3491 sunt,
957 3421 1007 3495 qui
1020 3419 1392 3496 Gerrnanieeappellantur:

335 3507 378 3562 die
399 3508 525 3564 Auaiiber
546 3509 595 3564 der
617 3509 776 3582 respectiven
789 3507 881 3580 (jeder
893 3507 1036 3582 einzelnen)
1049 3507 1215 3563 Kanetoder
1226 3503 1392 3563 Honiiwerlu.

336 3590 394 3664 Qui
416 3593 492 3649 hanc
514 3593 688 3667 scripturam
712 3593 851 3662 tulerunt,
875 3590 1312 3666 cuiqueartifieiointellexernnt
1328 3589 1392 3654 muru

335 3679 418 3734 cuivis
441 3675 510 3754 (cfr.
533 3677 570 3733 ad
592 3679 617 3748 1,
634 3676 701 3752 11);
724 3678 829 3734 deinde
853 3696 910 3734 non
933 3676 1131 3747 attenderunt,
1153 3676 1209 3734 hoc
1227 3695 1339 3752 qnoque
1358 3673 1393 3729 in·

336 3771 403 3838 epte
426 3762 498 3832 dici3
521 3781 589 3820 narn
613 3767 661 3837 qui
682 3767 764 3820 cuivis
781 3765 1042 3838 artifieiopraeeunn
1066 3761 1087 3819 ii
1099 3773 1175 3832 sunt,
1200 3758 1393 3837 quiadomnie

335 3847 432 3923 parati
454 3857 522 3906 sunt
543 3867 597 3906 nec
620 3848 683 3905 ullo
705 3849 862 3906 abstinent.
909 3849 1032 3906 Poterat
1054 3848 1129 3904 dici:
1163 3868 1267 3921 onrnee,
1294 3850 1339 3923 qui
1356 3844 1395 3900 ull¹

336 3935 597 4010 ornflciopraeeunt.
625 3933 793 4012 [Ederae.
816 3937 865 4009 qui
879 3931 1029 4011 cuiquam]
1062 3935 1098 3991 In
1120 3928 1163 4003 Εξ
1185 3933 1324 4011 seriptum
1345 3937 1394 3986 est:

335 4037 431 4091 omnes,
450 4023 609 4095 parcamque
619 4021 732 4094 ariz'jicio
739 4030 880 4096 preerunt.
910 4020 1046 4076 Debebat
1062 4019 1230 4077 necessario
1241 4020 1308 4078 addi
1319 4016 1393 4074 uitat

420 4107 465 4162 Ito
493 4126 524 4162 ae
556 4107 603 4163 boc
625 4108 702 4163 inodo
718 4109 804 4180 paria
826 4099 947 4184 quidem)
979 4105 1048 4162 Iure
1077 4105 1124 4162 hie
1152 4105 1309 4163 verborum
1334 4099 1394 4160 ordo

334 4189 479 4248 Lernbino
501 4191 630 4249 insolens
653 4192 734 4248 visus
756 4199 810 4262 est,
833 4209 892 4248 non
914 4199 1035 4266 propter
1058 4191 1218 4247 trieverba
1239 4192 1315 4248 inter
1329 4208 1357 4244 ne
1371 4191 1394 4240 et

335 4277 441 4348 quidem
464 4277 652 4354 interposita,
687 4277 739 4333 sed
760 4276 839 4350 quod
862 4276 904 4333 sic
927 4295 1017 4352 prave
1035 4276 1194 4352 insignitur
1210 4280 1308 4352 paria,
1339 4289 1395 4330 cum

335 4360 408 4418 haec
430 4362 468 4420 sit
490 4363 644 4432 sententia,
668 4362 746 4437 quod
768 4362 921 4437 superiora
942 4371 1115 4438 argumente
1137 4361 1254 4418 efficere
1277 4380 1331 4419 non
1351 4376 1395 4434 po·
