2998 5020
344 395 407 460 646
735 411 780 458 na
801 410 932 458 rmrnus
954 410 1025 458 nou.

343 587 410 646 turn
431 580 546 646 sensim
566 579 674 662 incipit
694 579 841 662 progredi
853 597 984 660 seseque
994 596 1164 660 agnoscere
1179 587 1213 644 et
1227 576 1409 658 intellegere

415 768 606 818 l.rumonr.C
642 767 752 818 auruli

346 959 400 1015 57:
427 960 468 1016 uti
488 959 623 1034 quidquid
644 960 731 1034 operis
745 952 864 1036 sacient)
887 974 923 1012 ne
952 955 1041 1012 ceteri
1064 955 1180 1029 quidem
1209 955 1410 1011 adhibuerunt.

343 1061 438 1118 neque
460 1043 655 1100 certissimum
678 1042 875 1100 testimonium
898 1041 972 1118 legis
994 1041 1127 1117 agrariae
1155 1039 1184 1096 in
1208 1059 1277 1097 aere
1298 1058 1408 1097 consar-

343 1127 679 1206 vatum(Mommsen.C.
686 1128 878 1184 1.L.1n.uoo
890 1146 918 1183 v.
927 1124 996 1206 27):
1009 1129 1062 1182 utcr'
1072 1127 1346 1200 quicquidquocicique
1356 1135 1410 1180 unte

345 1215 412 1272 lul.
436 1233 460 1270 r.
483 1215 571 1284 uruit,
594 1216 632 1270 ito
655 1223 709 1270 cet.
754 1215 904 1288 Apparet,
938 1211 1026 1270 iacile
1047 1212 1126 1268 credi
1149 1229 1252 1287 posse,
1285 1210 1364 1284 qnod
1385 1221 1409 1266 er

343 1299 525 1374 antiquiores
547 1307 577 1355 et
588 1297 739 1357 Ciceronis
761 1299 900 1372 aequales
922 1296 1214 1368 inurdnmtecerinc
1237 1305 1271 1353 ut
1281 1296 1410 1370 quidquid

342 1403 400 1442 non
423 1392 503 1441 recte
524 1403 578 1458 pro
600 1385 720 1458 quidque
740 1392 897 1459 ponerent,
928 1383 958 1440 id
986 1381 1075 1440 etiam
1097 1381 1234 1440 Ciceroni
1256 1380 1408 1456 aliquando

343 1469 500 1538 accidisse3
529 1469 642 1543 eritque
664 1469 720 1527 hoc
742 1487 779 1526 ex
802 1469 839 1525 iis
860 1467 994 1542 reliqniis
1015 1468 1125 1524 vetusti
1148 1467 1305 1536 sermonis,
1340 1483 1408 1540 quac

343 1565 411 1630 post
432 1553 603 1614 Ciceronem
626 1573 685 1612 uon
707 1555 902 1629 reperiuntur,
926 1554 1012 1628 quale
1035 1563 1099 1610 erat
1120 1552 1207 1622 illud,
1238 1552 1275 1609 de
1297 1571 1356 1626 quo
1376 1550 1408 1606 ad

343 1641 369 1710 Ι,
383 1641 423 1698 60
446 1640 518 1711 dixi,
542 1657 596 1696 neo
618 1657 712 1714 panca
728 1639 796 1696 alia.
825 1638 884 1700 Sed
896 1647 1004 1710 tamen,
1027 1657 1097 1695 num
1109 1656 1212 1712 reapse
1224 1637 1364 1695 acciderit
1384 1646 1408 1691 et

343 1725 449 1800 quibus
470 1725 553 1796 locis,
576 1723 695 1782 difficile
718 1734 763 1782 est
784 1725 924 1793 iudicatu,
947 1723 1025 1798 quod
1048 1733 1079 1780 et
1088 1722 1202 1780 librarii
1214 1742 1269 1798 pro
1281 1722 1409 1797 quidquid

344 1811 383 1882 id,
406 1811 485 1885 quod
507 1819 611 1885 postea
632 1811 773 1868 nnumin
797 1829 851 1868 usu
874 1819 951 1882 erat,
980 1808 1157 1867 substituere
1178 1816 1351 1883 potuerunt,
1383 1817 1407 1862 et

342 1914 443 1954 rursus
465 1895 547 1954 facili
569 1913 667 1952 errore
689 1898 825 1970 quidquid
840 1895 929 1952 scribi
939 1913 994 1970 pro
1006 1897 1125 1969 quidque
1146 1892 1214 1971 (cfr.
1226 1894 1265 1950 ad
1276 1895 1332 1964 IV,
1348 1893 1407 1956 lsi:

342 1991 372 2038 et
394 1999 464 2038 sane
486 1981 517 2038 in
539 1981 595 2038 hoc
617 1979 681 2055 ipso
704 1980 779 2038 libro
803 1982 842 2038 89
866 1989 896 2036 st
916 1981 947 2037 in
965 1982 1050 2038 Verr.
1062 1981 1117 2051 IV,
1132 1980 1168 2036 31
1184 1989 1215 2036 et
1230 1980 1289 2036 132
1312 1978 1406 2036 melio·

341 2085 389 2124 res
411 2066 527 2124 codices
549 2066 659 2122 habeut
680 2067 865 2141 aliquidque
887 2067 1137 2140 stanuurquc'dquc,
1159 2065 1322 2122 deteriores
1341 2064 1406 2120 alle·

341 2171 415 2210 rum.
460 2151 519 2210 Sed
541 2161 575 2208 ut
597 2151 733 2208 meliores
755 2150 797 2208 ibi
819 2151 966 2227 praelatos
993 2169 1058 2209 asse
1086 2168 1207 2226 prorsus
1228 2151 1340 2225 probo,
1371 2149 1405 2204 ita

342 2247 372 2294 et
393 2237 424 2294 in
446 2237 535 2294 Tusc.
547 2238 585 2307 V,
600 2237 639 2293 98
663 2246 691 2292 ut
713 2238 848 2311 quidquid
868 2237 981 2294 retineo
998 2245 1028 2294 et
1041 2236 1100 2294 ibd.
1112 2237 1167 2305 lv,
1183 2237 1224 2292 44
1236 2255 1253 2292 e
1265 2233 1405 2293 codicibus

342 2322 478 2380 omnibus
499 2321 556 2378 fide
578 2321 675 2398 dignis
698 2319 750 2400 (de
763 2321 858 2380 Paris.
875 2330 965 2380 testes
987 2322 1059 2380 mibi
1081 2319 1280 2379 suntGudius
1298 2320 1406 2378 etKrn·

342 2405 458 2482 rupius)
480 2407 693 2464 restituendum
717 2425 836 2465 censeo:
864 2409 910 2464 ulu'
935 2405 1003 2464 cuim
1030 2408 1166 2482 quidquid
1186 2415 1241 2464 cet
1292 2406 1404 2466 Ceteros

341 2493 423 2550 locos
445 2493 638 2550 Frotscberus
660 2502 690 2550 et
711 2493 935 2568 interpretesad
946 2493 1034 2550 Tusc.
1046 2495 1085 2560 V,
1100 2493 1139 2550 98
1151 2492 1291 2549 indicans
1320 2488 1404 2570 [Add.

342 2578 378 2634 ad
396 2578 526 2636 Herenn.
538 2578 580 2650 11,
594 2580 632 2635 47
657 2589 685 2635 ut
708 2576 868 2656 quidquid]
892 2577 951 2638 Sed
973 2579 1051 2652 quod
1063 2578 1099 2634 de
1110 2578 1148 2636 N.
1157 2579 1194 2634 D.
1206 2578 1248 2648 Π,
1260 2579 1300 2635 58
1312 2585 1404 2634 conus

340 2663 543 2722 Heindorfium
566 2661 719 2722 defensum
742 2673 795 2726 est,
818 2664 906 2722 etiam
928 2683 947 2721 a
969 2663 1214 2739 Stuersnburgio:
1242 2675 1343 2720 ceurae
1364 2679 1404 2716 no·
1475 2719 1476 2722 ,

341 2759 418 2806 turae
428 2752 485 2806 suu
495 2749 637 2806 seminibus
649 2769 789 2824 quaequae
797 2752 951 2823 quitantur,
974 2749 1004 2806 id
1027 2767 1085 2806 non
1102 2749 1168 2806 ideo
1180 2757 1295 2805 tantum
1307 2746 1403 2806 eicien-

341 2835 410 2891 dum
427 2841 481 2903 est,
504 2834 583 2908 quod
594 2833 699 2893 Cicero
721 2833 804 2912 [nam
826 2835 863 2892 de
885 2835 930 2892 VI
953 2833 989 2891 ad
1012 2835 1094 2892 Fam.
1116 2836 1171 2904 i,1
1197 2834 1333 2892 Mediceo
1354 2847 1403 2887 non

341 2916 444 2996 credo]
472 2929 503 2976 et
529 2919 580 2976 alii
602 2920 666 2978 solo
694 2928 798 2978 neutro
825 2938 932 2996 genere
955 2919 997 2977 sio
1025 2928 1147 2977 utuntur
1174 2937 1229 2976 nec
1256 2917 1359 2979 Cicero
1377 2915 1401 2970 in

340 3013 444 3080 apertu
461 3003 667 3064 distributione
684 3015 752 3081 post
768 3025 845 3064 uuus.
868 3025 933 3062 suus
955 3015 1007 3062 aut
1027 3013 1096 3080 post
1122 3005 1344 3080 superlativum,
1360 2997 1403 3058 sed

340 3090 419 3164 qnod
435 3089 606 3148 femininam
628 3090 704 3147 hanc
725 3089 850 3148 formam
867 3110 1007 3166 quaequac
1028 3090 1190 3148 inauditam
1213 3109 1278 3148 esse
1299 3083 1403 3148 ostendi

340 3175 378 3232 ad
400 3175 458 3246 111,
482 3177 531 3232 45.
575 3172 679 3256 [Apud
702 3176 818 3234 Livium
842 3176 928 3240 vm,
948 3177 997 3246 38,
1019 3179 1054 3234 ll
1079 3175 1193 3234 librarii
1215 3178 1338 3250 quisqmb
1358 3187 1402 3247 pro

341 3263 454 3335 quisquc
476 3261 657 3336 scripserunt
678 3279 741 3330 nec,
765 3261 879 3336 opinor,
899 3261 1257 3332 minusxxxvm‚17‚
1274 3261 1312 3318 13
1334 3255 1402 3333 quid·

340 3347 415 3420 quid.
451 3346 538 3419 Quod
549 3346 755 3404 Lachmannus
777 3347 815 3403 ad
828 3347 996 3404 Lucretium
1008 3350 1046 3417 V,
1060 3347 1122 3404 264
1134 3366 1152 3403 a
1168 3347 1313 3422 quidquid,
1335 3337 1401 3418 quod

342 3431 516 3488 relationem
528 3441 619 3502 notet,
643 3435 910 3508 reparatquicquid,
933 3433 1076 3508 quodpro
1100 3435 1214 3507 quicque
1235 3432 1358 3496 dicatur,
1377 3423 1401 3480 id

339 3535 411 3573 vero
432 3524 527 3574 mcum
548 3516 654 3574 leviter
680 3519 836 3575 confictum
863 3527 921 3588 est3
955 3537 1044 3576 unum
1073 3527 1119 3575 est
1145 3517 1223 3574 enim
1251 3527 1400 3593 pronomen

339 3601 515 3678 geminando
537 3613 637 3660 natum
649 3605 783 3677 quisquis,
806 3605 952 3678 quidquid,
976 3603 1193 3680 pronuntiando
1209 3601 1320 3660 iactum
1337 3599 1400 3674 quic

340 3687 423 3761 qur'd3
457 3687 533 3743 inter
554 3687 610 3745 hoc
632 3698 663 3745 et
683 3691 811 3762 quisquc.
834 3691 967 3764 quidque,
989 3692 1103 3764 quicque
1124 3688 1244 3746 tertium
1266 3676 1400 3760 inurponi

339 3771 413 3828 nihil
435 3781 541 3847 potest
564 3773 642 3846 quod
665 3772 778 3831 oriendi
801 3791 855 3832 nec
877 3791 994 3832 causam
1016 3793 1070 3831 nec
1093 3774 1237 3831 rationem
1259 3774 1399 3830 habetnec

339 3857 546 3933 significationi
568 3858 674 3916 locum.
717 3860 822 3934 Itaque
844 3869 936 3917 totum
960 3877 995 3917 eo
1017 3859 1103 3930 redit,
1125 3867 1223 3916 utrum
1245 3859 1350 3916 rectius
1369 3847 1399 3907 fid

339 3943 565 4018 originationem
586 3946 721 4019 quidquid
742 3963 780 4002 an
802 3945 841 4001 ad
862 3945 1130 4021 pronuntiationem
1152 3946 1284 4019 quicquid
1304 3939 1398 4000 scribi·

340 4037 402 4098 tur3
426 4029 541 4086 codices
564 4029 681 4103 quidem
704 4031 760 4088 hoc
782 4031 892 4087 babent
914 4049 972 4088 non
995 4031 1091 4088 minus
1118 4030 1148 4087 in
1176 4029 1303 4088 relativa
1323 4020 1398 4099 signi·

340 4113 487 4185 flectione,
516 4123 546 4172 et
561 4115 668 4172 vellem
691 4117 729 4172 ab
746 4115 832 4172 initio
854 4115 897 4174 sio
919 4115 1111 4191 scripsissem.
1160 4115 1225 4172 Nec
1253 4114 1396 4190 quidquam

339 4198 498 4274 proficitur,
522 4200 600 4274 quod
624 4201 653 4257 in
675 4201 740 4276 legs
756 4200 835 4258 Iulia
856 4201 1026 4276 municipali
1048 4200 1176 4276 lapicida
1198 4199 1290 4257 semel
1311 4195 1396 4256 cadom

340 4285 545 4358 pronominum
568 4285 740 4344 confusione
762 4305 918 4360 qumquem
940 4305 1136 4362 proqucmquc
1157 4283 1286 4362 inuidit]
1317 4275 1395 4340 Panlo

339 4377 407 4443 post
418 4369 495 4427 babet
505 4371 684 4428 coddetiunr
696 4371 820 4430 aliorum
828 4369 894 4450 [B].
911 4370 1174 4440 Correxit-Lamb3
1189 4369 1348 4437 vidadIV,
1356 4360 1394 4420 ssl·
