2948 5024
329 411 392 474 742
715 429 759 474 nn
782 427 912 476 sturnus
935 428 1006 474 non.

325 597 582 678 disputationem
617 598 667 662 77.
689 597 766 662 illud
788 597 862 662 mihi
884 617 903 662 a
925 609 956 662 te
978 597 1105 662 nimium
1126 596 1310 661 festinanter
1338 596 1395 660 dic·

325 705 391 764 tum
413 699 544 778 videtin,
567 699 724 780 sapientes
753 719 859 766 omnes
888 719 957 765 esse
980 717 1104 781 semper
1125 699 1241 766 beatos.
1286 697 1396 763 Nescio

326 803 480 884 quomodo
496 802 738 882 praetervolavit
756 803 864 867 oratio.
898 801 989 879 Quod
1011 801 1071 867 nisi
1093 802 1137 865 ita
1158 799 1300 879 efficitur,
1323 817 1397 882 quse

328 904 565 985 Theophrastus
587 905 626 969 de
647 903 788 982 fortuna,
811 905 851 970 de
872 903 993 982 dolore,
1026 904 1065 970 de
1093 904 1233 969 cruciatu
1259 903 1396 983 corporis

287 1006 419 1085 scint,
447 1023 515 1070 cunr
538 1006 650 1087 quibus
672 1004 817 1088 coniungi
838 1006 933 1070 vitam
954 1006 1077 1071 beatum
1100 1006 1286 1070 nullomodo
1310 1021 1397 1085 posse

325 1108 455 1190 putavit
467 1127 587 1187 vereor,
610 1108 817 1174 neverasint
840 1108 920 1172 Nam
937 1107 1015 1173 illud
1026 1107 1227 1173 vehementer
1238 1113 1397 1188 repugnat

326 1211 458 1276 eundem
480 1210 605 1275 beatum
626 1229 696 1276 esse
718 1217 750 1275 et
772 1210 878 1275 multis
900 1209 990 1274 malis
1001 1228 1196 1291 oppressum
1225 1209 1398 1290 Hoccque·
1432 1249 1440 1266 .

325 1311 418 1376 modo
448 1312 647 1393 conveniant,
681 1332 742 1378 non
771 1331 846 1378 sane
873 1313 1027 1394 intellego.
1076 1312 1190 1378 Utnrm
1217 1311 1314 1392 igitur
1340 1310 1397 1384 tibi

324 1415 433 1496 inqut,
456 1433 518 1479 non
540 1415 651 1497 placet
675 1415 838 1480 virtutisne
861 1433 930 1480 esse
953 1421 1072 1479 tantam
1094 1415 1170 1492 vim,
1192 1425 1229 1478 ut
1248 1414 1291 1478 ed
1314 1413 1397 1477 beate

268 1519 309 1584 10
326 1517 490 1582 vivendum
521 1535 555 1581 se
576 1517 646 1598 ipsa
668 1524 814 1582 contenta
835 1518 892 1596 sit,
925 1536 981 1596 an,
1005 1517 1030 1581 si
1052 1517 1085 1582 id
1106 1517 1236 1598 probas,
1268 1514 1338 1580 fieri
1358 1515 1398 1578 ita

395 1709 417 1756 t.
435 1721 526 1767 semper
543 1722 593 1755 essa
612 1705 634 1754 Β
650 1721 741 1769 conpar
758 1721 808 1756 om.
829 1706 849 1756 C
893 1709 917 1754 ³.
936 1721 982 1769 quo
1000 1703 1190 1769 lproqnomodol
1211 1706 1227 1752 L
1271 1705 1309 1768 ito
1324 1702 1396 1752 omL

326 1778 347 1822 b.
367 1775 459 1822 ὁωίαιιι
477 1773 549 1822 vitam
568 1773 702 1824 Lt’cttOr.
757 1789 896 1839 postcom.
915 1775 936 1822 L
996 1778 1019 1824 6.
1039 1791 1067 1822 ne
1085 1774 1156 1822 vania
1175 1773 1196 1822 L
1253 1783 1364 1837 repnyaet
1383 1771 1396 1816 Ε

326 1847 346 1891 7.
367 1860 418 1894 asse
436 1843 528 1892 barum
547 1842 568 1891 C
586 1851 608 1892 et
626 1843 716 1892 beatum
734 1860 785 1894 mc
803 1841 846 1893 Or.
898 1840 976 1892 modis
994 1842 1070 1892 modia
1088 1843 1106 1892 E
1159 1841 1245 1905 puoh
1272 1841 1330 1908 [qud
1351 1837 1393 1905 ΕΒ]

325 1916 340 1960 ll
367 1929 413 1961 non
428 1911 508 1976 placet
526 1911 601 1975 taqua
618 1912 707 1962 LPCR
741 1911 895 1976 ufflmtbspm
913 1916 952 1972 aa)
970 1911 1062 1962 cha
1095 1911 1242 1960 tantumodo
1252 1911 1397 1960 metron

328 1984 365 2032 to.
384 1981 419 2030 ita
429 1981 491 2042 fieri
507 1979 596 2031 LPclt

412 2172 461 2229 77.
484 2171 580 2230 Nescio
602 2170 746 2246 quomodo)
769 2167 829 2247 Εξχ
851 2189 1024 2246 omnesque,
1054 2171 1078 2227 si
1101 2171 1180 2227 credi
1203 2180 1312 2247 potest,
1336 2167 1396 2228 Gzii

324 2259 410 2314 mocio
433 2276 495 2331 quo,
518 2258 636 2332 dequo
659 2276 758 2314 errore
781 2257 843 2314 dixi
866 2257 903 2313 ad
927 2257 967 2326 11,
987 2257 1036 2313 53.
1087 2256 1145 2315 Sed
1169 2255 1279 2314 Gaium
1304 2255 1396 2312 melio-

324 2361 389 2399 rum
412 2342 544 2400 codicum
567 2342 771 2418 compendium
795 2362 853 2400 non
875 2343 1073 2412 intellexisse,
1102 2351 1132 2399 et
1154 2361 1193 2418 en
1214 2341 1277 2398 nrt.
1295 2340 1341 2420 [et
1361 2335 1394 2415 Β]

325 2437 449 2503 apparet
471 2437 501 2486 et
528 2447 544 2484 e
572 2428 635 2484 cod.
658 2429 745 2498 Mon,
767 2448 784 2485 e
807 2447 865 2503 quo
888 2429 984 2504 ipsum
1007 2429 1138 2502 quoonodo
1160 2438 1313 2496 motatur,
1336 2443 1394 2482 oum

324 2513 476 2570 Victorius
504 2523 534 2570 et
560 2513 611 2570 alii
644 2513 743 2571 nescio
766 2514 816 2588 qui
851 2513 1121 2590 praescripsissent
1164 2514 1307 2570 Proxime
1335 2523 1394 2568 ante

324 2599 425 2668 Mars,
439 2597 529 2669 Crat,
542 2600 620 2657 vict.
638 2619 742 2674 semper
762 2619 819 2657 asae
841 2600 926 2656 exit
960 2599 1075 2656 Deinde
1097 2598 1128 2656 in
1140 2599 1239 2656 verbis
1261 2599 1337 2673 qnod
1352 2597 1395 2651 nisi

324 2688 363 2742 ito
373 2686 489 2758 aspicitur
500 2684 647 2759 quomodo
660 2687 698 2740 itu
708 2685 874 2761 pronomini
892 2687 966 2759 quod
977 2684 1200 2761 superaddatur,
1225 2682 1394 2760 perspicitur

325 2769 425 2840 exiis,
444 2788 518 2844 quae
537 2769 598 2826 dixi
616 2771 654 2826 ad
670 2770 712 2840 ΙΙ,
729 2773 775 2827 17.
803 2770 944 2828 Davisius
964 2770 1149 2828 scribendum
1170 2770 1309 2845 putabat:
1331 2765 1396 2842 quod

324 2859 377 2912 nisi
386 2857 417 2912 id
426 2857 550 2929 efficitur,
564 2854 671 2914 Gaius:
684 2859 721 2912 ito
733 2875 790 2913 esse
800 2858 923 2930 efficitur.
941 2853 1030 2935 [Mox
1041 2859 1122 2912 vt'tom
1134 2855 1239 2912 beatam
1251 2856 1340 2912 etiam
1350 2847 1394 2926 Β]

409 2943 520 2998 eundem
543 2942 647 2998 ὂεαιιιηι
668 2941 738 3016 asse)
773 2940 822 3001 Sic
841 2950 910 2998 ante
923 2943 1002 2998 Man.
1022 2941 1154 3016 plerique
1172 2936 1289 3020 (Mars,
1313 2938 1394 3002 Grais

323 3025 416 3101 Vict.)
440 3045 503 3097 nec,
527 3035 560 3084 ut
582 3028 696 3102 opinor,
720 3027 832 3084 minore
845 3045 989 3084 consensu
1002 3027 1118 3084 codices
1136 3024 1217 3103 ([B,]
1240 3020 1325 3102 Εξχ),
1346 3021 1395 3079 etsi

323 3113 413 3170 ceteri
425 3113 552 3170 editores
564 3113 729 3169 Manutium
743 3113 825 3170 taciti
837 3121 1007 3186 sequuntur.
1042 3113 1102 3169 Pro
1115 3115 1192 3168 tranlis
1204 3111 1293 3168 etiam
1307 3102 1396 3189 [Bet]

324 3217 380 3276 mg.
405 3197 484 3257 Crat
507 3200 607 3268 leodis,
642 3207 675 3254 ut
702 3197 732 3255 id
760 3198 791 3254 in
814 3199 948 3255 codicum
971 3197 1124 3255 meliorum
1154 3197 1289 3272 principe
1312 3195 1394 3252 luisse

324 3293 474 3360 appareat.
525 3283 583 3343 Sed
612 3284 698 3358 longe
727 3283 813 3340 aliter
841 3283 954 3340 Ennius
984 3290 1073 3359 poeta
1100 3283 1217 3340 dixerat
1238 3281 1310 3361 (tv,
1334 3277 1395 3346 621:

323 3371 485 3426 multimodis
507 3389 567 3426 som
588 3373 789 3440 memoratos,
813 3370 902 3426 asorbo
925 3379 979 3426 eet.
1013 3369 1071 3425 Hic
1089 3369 1233 3426 malorum
1251 3379 1281 3425 et
1302 3369 1394 3423 beatae

323 3455 402 3513 vitae
425 3473 584 3512 concursus
607 3455 772 3512 necessario
785 3454 903 3512 nomine
915 3454 980 3529 ipso
992 3453 1152 3529 significari
1164 3447 1260 3512 debet.
1289 3448 1396 3510 Deinde

323 3543 424 3616 inquit,
459 3561 510 3596 non
529 3543 617 3615 placet
641 3549 670 3596 et
691 3560 749 3598 cose
771 3551 873 3596 tantam
895 3543 947 3596 vim
969 3547 999 3596 ct
1015 3541 1080 3612 ficri
1100 3542 1138 3596 ita
1162 3539 1255 3598 Graius
1278 3557 1318 3596 ex
1339 3533 1393 3593 Erl.

324 3635 354 3682 et
366 3625 443 3700 Spir.
467 3623 523 3703 [B]
546 3625 635 3690 dedit,
659 3644 724 3682 oum
747 3625 823 3683 alins
845 3625 918 3683 ordo
941 3635 1033 3693 esset,
1063 3625 1225 3698 quidusdam
1249 3627 1327 3680 ηιαὶίι
1348 3635 1394 3694 ego

324 3730 363 3768 ex
386 3711 446 3768 Erl.
459 3709 503 3788 [et
524 3709 574 3789 Β]
619 3712 692 3769 Post
713 3713 818 3768 virtutis
840 3711 1014 3787 particulam
1044 3730 1075 3766 ne
1103 3709 1197 3769 Gaius
1226 3708 1338 3767 addidit
1364 3721 1394 3760 ex

323 3796 434 3854 eisdem
457 3795 607 3854 codicibus
630 3805 659 3853 et
687 3797 732 3852 ed.
755 3797 835 3856 Crat.
879 3797 985 3871 Neque
1008 3807 1105 3852 tomen
1129 3806 1218 3852 atrum
1241 3829 1282 3837 —
1306 3813 1336 3850 oe
1356 3789 1395 3846 hie

325 3902 363 3940 ex
392 3881 555 3940 abundanti
589 3882 791 3958 coniungitur.
837 3882 888 3939 sed
917 3881 1083 3957 pronomini
1106 3881 1209 3960 (atrum
1243 3901 1257 3938 e
1289 3871 1395 3950 ιίιιοόιιι)

324 3968 430 4026 deinde
453 3968 638 4026 subiciuntur
656 3967 738 4044 ipsae
760 3987 808 4026 res
830 3968 988 4036 diiunctae,
1011 3967 1130 4039 eodem,
1154 3985 1213 4040 quo
1235 3986 1290 4024 nos
1312 3960 1394 4036 loqui-

325 4073 399 4124 mur,
423 4054 523 4124 modo;
552 4053 621 4114 Gaii
645 4063 675 4110 et
696 4052 821 4112 aliorum
840 4072 969 4111 errorem
992 4053 1077 4129 attigi
1094 4052 1124 4110 in
1137 4052 1305 4110 Emendate
1327 4043 1394 4106 Tull.

325 4159 353 4216 p.
369 4142 438 4197 164.
461 4135 536 4219 [sed
552 4139 677 4197 alterum
689 4141 862 4210 membrum,
887 4140 965 4214 quod
983 4139 1101 4214 proprie
1118 4138 1161 4196 sic
1177 4138 1250 4214 poni
1266 4134 1393 4195 debebat:

325 4246 369 4294 on,
382 4227 448 4298 fieri
459 4245 548 4300 posse,
572 4235 601 4282 ut
623 4232 688 4294 cet,
708 4225 812 4284 Cicero
830 4225 959 4282 seiunxit
975 4223 1076 4281 addito
1095 4243 1172 4281 novo
1189 4225 1280 4281 verbo
1298 4213 1393 4298 (nepot)

326 4319 356 4367 et
367 4311 482 4386 planius
494 4306 617 4388 posuit]
650 4311 806 4368 Postremo
828 4311 858 4366 in
881 4310 942 4368 his:
965 4311 1168 4382 quoerooolo
1190 4319 1245 4366 cet.
1263 4306 1394 4367 omittitur

326 4399 436 4470 inquam
460 4396 617 4453 etiterum
641 4401 654 4465 ξ
674 4397 728 4453 83:
753 4395 845 4452 ll'iltilo
867 4397 1007 4452 beotimm
1029 4404 1084 4452 cet
1107 4395 1177 4452 Vid.
1199 4395 1236 4452 ad
1259 4397 1300 4460 Π,
1313 4395 1338 4450 8,
