3018 5052
263 390 329 454 w
661 408 952 456 mmmm

265 577 385 642 dieunt:
431 577 464 642 Si
503 577 583 642 bona
622 576 766 642 valetudo
805 577 905 658 pluris
943 578 1138 644 aestimanda
1179 578 1221 643 sit
1252 578 1346 660 longa

265 699 360 762 quam
382 680 501 758 brevia,
535 679 706 760 sapientiae
733 698 857 761 quoque
885 699 960 746 usus
990 681 1190 762 longissimus
1212 681 1345 762 quisque

267 782 308 847 sit
318 780 452 863 plurimi.
485 783 556 847 Non
568 781 761 864 intellegunt,
785 782 971 848 valetudinis
982 783 1230 848 aestimationem
1242 783 1345 864 spatio

265 884 404 964 iudicari,
427 885 808 966 virtutisopportunitate3
831 885 1051 963 utvideantur‚
1074 885 1128 968 qui
1144 885 1345 964 illuddicant,

227 986 358 1055 5iidem
391 987 448 1052 hoc
476 1007 545 1054 esse
571 987 698 1066 dicturi,
737 987 849 1052 bonam
876 995 1008 1053 mortem
1030 994 1062 1052 et
1083 988 1197 1053 bonum
1220 997 1346 1070 partum

264 1089 423 1155 meliorem
454 1090 580 1172 longum
613 1107 684 1155 esse
716 1109 810 1172 quam
844 1091 977 1156 brevem.
1026 1091 1098 1154 Non
1132 1091 1252 1168 vident,
1285 1089 1346 1154 alia

264 1192 417 1257 brevitate
439 1192 538 1273 pluris
550 1192 719 1270 aestimari,
742 1192 802 1256 alia
819 1193 1031 1258 diuturnitate.
1065 1194 1116 1258 48.
1139 1194 1250 1274 ltaque
1272 1210 1345 1257 con·

265 1301 448 1360 sentaneum
470 1295 604 1373 mihis,
638 1313 719 1376 quae
747 1294 946 1373 dictasunt,
980 1295 1100 1359 ratione
1121 1295 1258 1373 illorsum
1293 1295 1345 1375 qui

263 1396 350 1461 illum
379 1397 531 1461 bonorum
558 1395 664 1475 finem,
698 1397 782 1480 quod
815 1398 1009 1480 appellamus
1043 1405 1228 1474 extremum,
1260 1397 1346 1479 quod

207 1503 248 1568 10
266 1499 414 1578 ultimiun,
438 1518 576 1565 crescere
598 1506 710 1580 putent
730 1518 833 1580 posse,
855 1500 966 1564 iisdem
988 1499 1125 1581 placere,
1159 1519 1229 1564 esse
1250 1499 1346 1564 alium

337 1743 357 1788 l.
375 1737 419 1788 aed
436 1739 537 1788 boculi
586 1745 610 1792 ⁴.
631 1737 684 1806 [qui
701 1738 761 1790 illud
777 1738 858 1789 dicam
876 1755 925 1789 om.
945 1741 969 1788 A
1037 1743 1060 1788 5.
1083 1736 1152 1805 [Mori
1174 1737 1211 1804 Α]
1230 1737 1345 1788 rd'eul]

264 1807 370 1926 22sser
395 1811 417 1856 6.
437 1825 488 1858 esre
506 1806 636 1874 loupumli
691 1813 713 1858 8.
733 1809 803 1858 r'isll
856 1813 879 1858 9.
899 1807 970 1874 appel
1014 1808 1083 1858 tuR
1138 1812 1176 1856 io.
1193 1815 1276 1872 putent
1293 1823 1345 1856 cre·

265 2069 321 2125 erit
343 2069 442 2140 etiam,
466 2068 517 2143 qui
540 2068 581 2125 sic
604 2068 699 2144 accipi
722 2068 795 2124 haec
809 2068 904 2138 ‚relitt
936 2055 976 2126 eie
999 2087 1044 2136 ea,
1068 2087 1183 2142 quorum
1205 2079 1269 2136 cet,
1299 2067 1345 2123 in-

264 2154 423 2230 tellegique
452 2154 591 2212 honestas
620 2154 751 2211 actiones
779 2154 864 2228 quasi
893 2154 1036 2228 quaedam
1066 2153 1152 2228 plura
1175 2151 1344 2213 Stoicorum

265 2240 351 2308 bona,
375 2250 408 2296 ut
431 2245 445 2310 ξ
470 2240 509 2296 43
532 2239 743 2316 interpretatus
766 2259 840 2308 sum,
863 2239 889 2297 is
900 2239 1012 2298 frustra
1023 2239 1180 2308 laborabit,
1203 2240 1343 2295 utborunn

263 2326 307 2383 rei
330 2325 455 2382 alieuius
478 2345 531 2400 pro
555 2325 618 2382 eius
640 2325 855 2396 aestimatione,
878 2344 938 2400 que
960 2345 995 2382 ea
1017 2325 1048 2382 in
1072 2325 1156 2382 bonis
1179 2333 1344 2392 censeatur,

265 2411 323 2468 dici
345 2429 433 2487 posse
455 2411 599 2468 ostendat
650 2411 708 2470 Sed
743 2422 772 2468 et
801 2431 892 2468 omne
920 2412 1014 2468 donum
1045 2419 1075 2466 et
1102 2411 1224 2468 verbum
1244 2411 1346 2483 finitur

265 2497 338 2554 satis
361 2497 512 2554 declarant
534 2496 693 2574 significari
716 2516 767 2554 eos
795 2496 996 2572 philosophos,
1025 2496 1077 2570 qui
1109 2496 1183 2553 nihil
1204 2495 1235 2553 in
1258 2495 1345 2552 bonis

264 2582 393 2639 habeant
414 2592 533 2658 praeter
554 2583 648 2658 ipsam
673 2583 907 2640 convenientiam
930 2593 960 2640 et
972 2581 1232 2658 opportunitatem.
1259 2581 1344 2638 Arete·

260 2679 395 2744 ponentur
416 2681 512 2726 ortum
537 2678 641 2725 estex
664 2668 815 2744 superiore
843 2679 1073 2744 arateponereatar,
1108 2685 1173 2724 cum
1202 2667 1346 2724 orationis

264 2773 283 2812 a
304 2775 336 2811 re
359 2752 531 2832 (cothurno)
559 2755 596 2810 ad
620 2755 753 2812 homines
772 2754 926 2811 conversio
948 2754 1154 2810 animadversa
1176 2772 1233 2810 non
1257 2763 1344 2809 esset.

266 2838 447 2918 [Autepoaeut
470 2840 526 2897 Th.
549 2840 685 2898 Bentleio
708 2840 738 2896 in
762 2849 888 2897 mentem
912 2836 1057 2916 venerat]

351 2927 401 2984 47.
424 2929 554 2982 irreliorem
577 2928 681 2999 loaqum
704 2925 774 3004 esse)
797 2927 870 2982 Esse
882 2927 987 2999 lorepum
1010 2925 1098 2982 etiam
1122 2925 1200 3000 Spir.
1222 2919 1291 3003 [B];
1316 2935 1347 2982 et

264 3011 359 3088 possit
381 3011 475 3068 videri
498 3011 642 3087 aptioris
666 3011 747 3081 ordo,
772 3011 1017 3086 quemadmodum
1039 3010 1129 3087 paulo
1152 3019 1234 3066 ante:
1253 3011 1346 3085 pluris

264 3099 432 3154 aestumanda
455 3100 490 3154 ait
512 3099 599 3172 leupo,
623 3097 653 3154 id
675 3106 734 3154 est:
757 3100 783 3154 si
803 3095 890 3176 (cerro)
914 3099 991 3169 loupc
1014 3099 1057 3153 sil.
1103 3093 1225 3176 [Paucis
1245 3095 1346 3152 verbis

265 3193 333 3240 ente
345 3202 404 3240 non
415 3183 639 3240 reeteBaiterus
652 3202 666 3240 e
679 3183 742 3240 cod.
756 3182 844 3259 Glog.
857 3183 976 3258 scripsit
987 3184 1087 3243 dictent.
1107 3182 1247 3256 Sequitur
1255 3181 1346 3256 paulo

266 3276 333 3344 post
358 3273 460 3326 ratione
477 3271 591 3340 illormn,
614 3265 798 3348 palparent]
832 3269 929 3325 Nimis
952 3287 1022 3324 vero
1045 3277 1145 3343 aperte
1169 3266 1348 3324 cavillantur

266 3355 368 3419 stoici,
384 3365 485 3430 partus
497 3355 635 3412 etmortis
649 3352 884 3430 perfunctionem
901 3373 967 3412 cum
987 3355 1089 3411 beatae
1103 3354 1182 3412 vitae
1200 3352 1304 3410 habitu
1316 3363 1346 3409 et

265 3440 453 3516 possessione
465 3451 678 3516 comparantes.
707 3438 820 3518 [Haecr
843 3461 894 3496 asoa
912 3441 1001 3496 sedem
1019 3473 1059 3480 —-
1077 3441 1252 3497 diuturnitate
1274 3439 1346 3496 Bai·

266 3535 346 3583 terus
369 3526 399 3582 in
423 3526 491 3582 odit.
516 3527 584 3583 min.
609 3526 723 3583 notavit
746 3535 895 3600 tamquam
919 3525 1052 3582 delenda.
1097 3527 1165 3584 Non
1177 3523 1264 3582 video
1277 3542 1347 3581 caur-

266 3630 328 3669 sam
351 3608 570 3690 necessariam]

352 3698 402 3756 48.
425 3701 527 3755 ratione
548 3700 654 3754 illorum
672 3731 713 3738 —-
730 3699 824 3755 iisdem
832 3699 950 3772 placere,
974 3716 1031 3754 esse
1052 3698 1134 3752 olium
1158 3694 1227 3770 cet)
1256 3694 1347 3754 Iusti-

267 3791 364 3841 tueret
391 3783 433 3841 sic
456 3783 568 3840 dicere:
601 3786 702 3840 ratione
729 3785 843 3852 illorum,
872 3785 921 3857 qui
942 3815 983 3823 -—
1006 3801 1124 3840 erescere
1141 3791 1236 3858 puteo
1254 3801 1346 3856 posse,

265 3889 322 3926 esse
344 3871 427 3927 aliiue
448 3871 502 3926 olio
524 3872 602 3926 elium
624 3871 810 3944 sapientiorem
833 3867 900 3947 (cfr.
924 3873 938 3938 §
963 3867 1032 3946 42);
1066 3867 1117 3925 sed
1140 3877 1207 3943 post
1229 3875 1348 3924 senten·

267 3955 338 4012 tiam
361 3955 544 4012 interiectum
569 3954 694 4011 mutavit
715 3955 879 4012 orationem
902 3954 1099 4028 subiecitque:
1122 3956 1215 4010 iisdem
1227 3955 1347 4028 placere.

267 4050 417 4117 tamquam
440 4041 464 4096 si
488 4041 561 4098 illud
583 4044 686 4097 ratione
707 4042 811 4098 illoram
836 4040 955 4098 omnino
977 4058 1036 4096 non
1059 4039 1215 4115 posuisset
1238 4036 1348 4114 (Gzius

268 4127 433 4203 coniungit:
457 4128 528 4182 elicto
551 4137 613 4183 surrt
636 4129 737 4183 radone
759 4128 874 4192 illarius,
899 4135 928 4182 et
950 4134 1083 4182 enarrat:
1117 4145 1175 4183 wne
1202 4127 1229 4180 iu
1251 4119 1348 4197 Beraq}

267 4215 322 4286 arcs
331 4215 396 4284 jeue
415 4207 585 4293 peroptimi)
620 4213 715 4268 Etiam
728 4211 809 4288 (ante
822 4211 1021 4286 sapientiorem)
1045 4211 1222 4268 omittebant
1233 4208 1315 4268 Gud.
1332 4213 1345 4267 l

268 4307 297 4354 et
321 4298 390 4354 Bas.
408 4297 575 4372 delevitque
599 4297 706 4367 Gaius,
741 4297 820 4372 quod
844 4315 901 4354 non
925 4297 1055 4358 haberet.
1090 4315 1148 4372 quo
1177 4295 1349 4354 referretur.

268 4383 396 4440 Dixerat
425 4383 513 4452 Cato,
544 4382 751 4459 Peripateticis
774 4383 864 4440 alium
887 4383 946 4440 alio
969 4383 1130 4440 beatiorem
1153 4401 1231 4448 esse;
1256 4381 1350 4450 addit,
1371 4385 1381 4394 “
