3034 5030
429 361 472 406 ar
496 361 575 407 nau.
598 361 661 406 rna.
684 361 719 406 111
743 361 816 408 cae.
839 365 912 408 r-a.
1135 344 1199 408 345

119 531 207 606 Quod
230 529 359 610 quidem
380 548 472 594 nemo
494 529 692 593 mediocriter
718 529 829 593 doctus
855 527 1028 608 mirabitur,
1050 529 1199 608 cogitans,

119 631 147 694 in
175 631 266 694 omni
293 639 375 709 arte,
409 631 497 694 omns
530 649 606 693 usus
633 629 772 711 vulgatis
799 631 1033 712 communisque
1060 649 1121 694 non
1151 631 1199 707 sit,

117 732 246 796 multam
271 733 438 796 novitatem
460 730 619 795 nominum
641 750 725 810 esse,
747 750 817 796 cum
844 731 1070 796 constituantur
1092 749 1200 796 earum

117 851 222 896 rerum
247 834 408 910 vocabula,
430 832 565 914 quaein
588 851 714 914 quaque
735 841 804 897 arte
827 841 1000 897 versentur.
1036 836 1066 897 4.
1089 833 1200 914 ltaque

118 943 146 998 et
167 935 325 1000 dialectici
346 943 378 999 et
399 935 518 1016 physici
534 935 639 998 verbis
656 941 786 999 utuntur
807 935 853 1013 iis,
875 951 957 1016 quae
978 935 1038 1014 ipsi
1050 933 1200 1000 Graeciae
1218 939 1240 1004 5

119 1046 190 1100 nota
213 1055 280 1100 non
298 1036 373 1114 sint3
401 1045 578 1116 geometrae
600 1055 675 1100 vero
698 1043 728 1100 et
750 1037 868 1114 musici,
890 1036 1081 1117 grammatici
1099 1035 1201 1113 etiam,

119 1156 202 1202 nore
231 1139 370 1219 quodam
397 1137 569 1218 loquunmr
589 1157 660 1215 suo;
694 1137 783 1218 ipsae
805 1136 965 1201 rhetorum
988 1144 1087 1212 artae,
1121 1154 1202 1216 qnae

119 1249 189 1302 sunt
211 1248 303 1303 totae
324 1238 466 1302 forenses
478 1247 572 1320 atque
583 1239 762 1319 populares,
785 1239 1047 1304 uerbistamenin
1061 1239 1202 1302 docendo

119 1341 206 1419 ‹puasi
232 1341 367 1420 pris'atis
390 1349 521 1403 utuntur
543 1358 580 1404 ac
602 1341 677 1404 suis.

202 1443 249 1506 11.
284 1445 385 1522 atque
408 1451 443 1505 ut
464 1442 604 1506 omittam
625 1441 684 1505 has
706 1449 792 1506 artes
814 1442 971 1522 elegantes
994 1447 1026 1505 et
1042 1442 1201 1522 ingenuae,
1221 1449 1263 1513 10

168 1651 193 1694 ³.
212 1645 331 1694 namucum
350 1645 475 1694 novantem
495 1647 513 1694 L
550 1645 612 1711 [cam
625 1645 674 1712 ab]
695 1651 735 1708 (aa
754 1647 809 1709 Em)
846 1651 868 1695 5.
885 1643 1107 1696 atantedt'alcctici
1122 1646 1203 1694 0111.ss

117 1713 280 1778 [dilasopda'ci
297 1713 324 1773 P,
343 1729 407 1765 corr.
426 1715 453 1762 in
471 1729 551 1776 marg.
610 1714 658 1779 ipsa⁸
680 1713 794 1764 nonnata
817 1715 840 1763 lt
880 1717 904 1768 a.
919 1731 964 1763 aon
987 1729 1035 1764 om.
1058 1711 1204 1780 [A](P)MR

120 1791 171 1829 nat
188 1797 289 1842 omncs,
309 1781 352 1832 Or.
411 1791 546 1846 ywtaetrac
565 1809 594 1820 ·-
614 1799 658 1832 auo
681 1797 729 1832 om.
755 1783 775 1830 P
796 1781 947 1850 [yeometriac
969 1783 994 1832 Δ
1014 1780 1127 1847 ycontctri
1150 1779 1204 1898 Ehll

121 1859 141 1898 et
159 1865 210 1900 om.
231 1850 332 1902 Luca
368 1855 389 1900 7.
410 1849 513 1914 quodam
531 1851 614 1904 om.L
645 1868 703 1910 ruo;
722 1851 776 1900 itan
794 1851 861 1916 ἰριαε
879 1849 1020 1902 LMCROr.
1036 1850 1088 1898 dem
1099 1849 1165 1914 ι’ρεαι

122 1923 143 1967 8.
160 1917 268 1968 alicnde
282 1917 381 1968 LMCR
428 1923 467 1972 to,
484 1919 530 1968 las
549 1920 639 1969 omis}

206 2111 301 2148 arrian
313 2091 417 2166 rerum)
428 2091 527 2148 Etiam
542 2092 619 2168 Spir.
632 2111 663 2149 ea
675 2089 714 2172 [B
726 2088 807 2171 eom}
820 2092 990 2168 recepitque
1002 2091 1104 2150 Gaius.
1115 2091 1205 2148 Pror-

122 2193 170 2232 ars
181 2185 249 2234 turn
260 2177 391 2234 abundat
402 2197 491 2234 rerum
502 2179 550 2235 vel
562 2177 661 2253 potius
678 2187 772 2234 totum
785 2179 855 2235 hoc:
877 2197 937 2234 cum
958 2180 1153 2234 constituantur
1164 2210 1205 2218 -

126 2273 277 2330 ramnum
301 2280 356 2319 nec
378 2263 524 2320 vocabula
546 2264 576 2320 in
599 2271 825 2332 amoenantur,
848 2263 899 2319 sed
912 2263 1048 2319 exrebus
1061 2261 1107 2332 iis,
1130 2280 1206 2336 quae

124 2344 151 2400 in
173 2365 293 2422 quaque
315 2357 379 2404 arte
402 2359 567 2418 versantur,
592 2347 687 2405 oritur
708 2348 919 2404 vocabulorum
942 2347 1111 2404 necessitas.
1144 2347 1206 2404 Ex·

123 2442 236 2489 tramae
263 2432 396 2508 syllabae
424 2443 495 2490 nota
523 2433 634 2490 excidit
661 2443 783 2508 propter
805 2451 930 2508 sequens
952 2432 1145 2502 vocabulum,
1173 2442 1207 2490 ut

209 2605 240 2658 4.
262 2613 324 2658 stota
342 2621 394 2658 raon
410 2601 477 2678 sint)
500 2603 662 2660 Exciderat
678 2622 730 2660 nort
747 2603 835 2660 etiam
853 2603 883 2658 in
896 2611 1036 2676 quattuor
1046 2602 1123 2659 Pall.
1141 2597 1207 2682 [tri-

126 2685 178 2742 bas
191 2697 311 2762 praeter
322 2685 377 2765 A].
412 2685 472 2747 Sed
488 2688 577 2764 vulgo
596 2688 739 2746 edebatur
755 2699 830 2755 scrut,
853 2687 1030 2763 pravissima
1047 2688 1207 2756 sententia;

125 2773 309 2845 nequeenim
327 2781 439 2830 certum
452 2782 517 2830 erat
527 2791 620 2848 genus
631 2774 789 2831 verborum
802 2772 928 2831 Graecis
945 2773 1112 2848 ignotorum
1130 2782 1160 2829 et
1171 2773 1208 2830 iis

126 2855 270 2914 dialectici
283 2859 456 2926 utebantur3
480 2859 531 2916 sed
543 2858 652 2916 talibus
665 2859 836 2926 utebantur,
860 2877 936 2933 quae
957 2858 1014 2933 ipsi
1026 2857 1136 2916 Graeci
1148 2876 1207 2915 non

125 2955 254 2999 nossent.
298 2943 441 3001 Codicum
464 2942 494 3000 in
517 2943 571 3000 tali
593 2963 625 3000 re
647 2943 688 3000 in'
701 2945 756 3001 hac
777 2943 873 3001 forma
896 2942 1014 3022 (suntet
1030 2943 1107 3018 siat),
1130 2962 1206 3018 quae

126 3026 235 3102 ubique
256 3037 456 3104 permutatur,
491 3029 605 3086 nullum
634 3047 755 3104 prorsus
782 3037 962 3086 momentum
991 3037 1044 3085 cst.
1088 3029 1161 3086 Mox
1184 3039 1208 3086 et

125 3123 192 3169 ante
216 3117 311 3170 raudai
330 3113 445 3170 addidit
468 3113 561 3172 Gaius
584 3133 622 3170 ex
645 3115 781 3171 omnibns
803 3115 873 3172 suis.
917 3115 965 3171 Ex
988 3113 1045 3172 Ox.
1069 3114 1094 3170 Ε
1116 3133 1208 3170 anno·

125 3207 204 3256 tatur
224 3218 287 3256 vero
308 3209 333 3256 et
351 3199 467 3274 physici.

210 3287 286 3359 husae
302 3285 438 3341 rhetorum
446 3280 541 3362 'artm)
569 3285 721 3342 Ascensus
737 3285 880 3342 orationis
902 3284 1084 3360 significatur
1100 3303 1207 3360 prono-

127 3367 203 3425 mine
214 3369 300 3426 initio
312 3369 420 3444 posito.
448 3371 517 3427 Item
533 3369 640 3427 vitiose
651 3370 830 3426 abundabat.
863 3371 986 3440 Tacent,
1009 3370 1060 3445 qui
1072 3370 1209 3427 meliores

127 3453 241 3513 codices
264 3453 445 3524 habuerunt;
468 3455 520 3512 sed
542 3456 635 3512 tacuit
657 3457 745 3512 etiam
768 3455 862 3514 Gaius
885 3455 921 3512 de
943 3455 1005 3512 Erl.
1034 3451 1207 3535 [omna]

87 3533 97 3550 '
127 3537 160 3593 la
190 3533 205 3607 ξ
232 3549 320 3597 tenue
348 3540 490 3597 indicium
522 3541 759 3616 interpolationis
792 3551 851 3610 est;
890 3541 979 3597 habet
1012 3542 1088 3599 enirn
1117 3544 1209 3616 itaque

128 3625 208 3698 poue.
253 3627 345 3682 Artes
373 3643 439 3682 cum
462 3625 568 3684 Cicero
596 3626 673 3682 dixit
695 3625 802 3701 plurali
831 3645 967 3696 numero,
1002 3627 1144 3704 cogitavit
1171 3627 1207 3684 de

129 3708 209 3768 libris
231 3721 262 3766 et
273 3711 502 3782 commentariis,
526 3711 577 3786 qui
600 3712 643 3768 sic
665 3711 803 3768 dicuntur
824 3712 1011 3787 apudipsum
1023 3713 1207 3782 Ciceronem,

128 3793 310 3869 frequentius
332 3797 411 3870 apud
435 3795 668 3870 Quintilianum,
704 3807 736 3852 ut
763 3797 842 3872 apud
865 3795 997 3855 Graecos
1019 3791 1126 3873 τέχναι.
1172 3799 1208 3855 In

129 3877 204 3937 Gnd.
231 3883 247 3937 1
272 3880 384 3937 excidit
407 3881 550 3938 rhetorum.
574 3883 653 3938 Tum
665 3900 719 3957 pro
742 3881 928 3940 tarneaGrut.
941 3903 957 3940 e
970 3882 1064 3940 Pell
1090 3879 1208 3962 [eontra

129 3966 326 4022 testimonium
349 3961 477 4045 Halmii]
500 3977 618 4038 tontum,
648 3967 711 4024 sine
734 3986 837 4037 sensu,
867 3968 917 4026 sed
941 3977 1019 4025 recte
1041 3978 1110 4043 post
1127 3969 1207 4026 Man.

129 4053 154 4106 iu
174 4053 302 4119 docendo,
326 4059 356 4108 et
378 4051 420 4108 sic
443 4071 500 4128 mg.
513 4051 603 4122 Crat,
627 4053 696 4109 Par.
723 4055 748 4123 1,
772 4053 818 4110 El.
843 4055 871 4123 2,
896 4049 1049 4133 spir.[13].
1073 4053 1152 4112 Gud.
1177 4055 1205 4110 2.

128 4137 216 4193 Artes
239 4136 309 4192 illae
329 4155 387 4193 non
410 4137 548 4195 dicebant
571 4147 600 4194 et
623 4138 771 4195 orationes
793 4139 955 4208 habebant,
989 4139 1041 4195 sed
1068 4139 1098 4194 in
1121 4157 1206 4214 prae·

130 4223 219 4296 ceptis
243 4221 393 4278 tradendis
416 4241 469 4278 sna
491 4231 521 4279 et
536 4223 658 4298 propria
679 4223 827 4280 habebant
849 4225 949 4280 verba.

211 4305 286 4382 Cap.
308 4306 350 4363 11.
394 4308 445 4364 has
467 4307 553 4386 artes)
576 4309 744 4366 Pronomen
768 4308 877 4366 omittit
899 4309 987 4366 etiam
1011 4309 1089 4384 Spir.
1107 4305 1170 4389 [B].

1294 4119 1314 4154 0
