3018 5052
282 393 347 459 416
678 411 722 454 nn
745 409 875 456 ruimus
898 409 969 454 nou.

284 579 523 660 approbandum
547 577 587 640 sit
608 576 712 655 nobis,
739 585 788 654 ut,
817 577 870 657 qui
893 576 985 656 plura
1006 577 1121 642 babeat
1143 595 1195 654 ea,
1229 593 1309 656 quae
1331 577 1365 642 in

285 699 417 762 corpore
439 677 544 759 magni
565 677 779 756 aestimantur,
802 677 843 742 sit
864 678 991 742 beatior.
1036 678 1085 742 Illi
1114 678 1194 742 enim
1224 679 1365 758 corporis

286 780 454 846 commodis
477 779 625 860 compleri
647 779 743 843 vitant
765 780 887 844 beatam
909 785 1030 859 putant,
1053 780 1153 844 nostri
1166 779 1364 844 nihilminua

287 882 368 946 Nam
386 901 455 946 cum
477 881 521 945 ita
543 880 673 961 placeat,
696 899 735 945 ne
757 898 865 944 eorum
887 881 1013 962 qrridem
1033 881 1194 961 bonomm,
1217 899 1366 962 quaenos

247 984 368 1049 bbona
390 1001 464 1047 vere
486 981 695 1062 appellemuS,
717 981 892 1064 frequentia
913 981 1083 1048 beatiorem
1104 983 1200 1047 vitam
1221 981 1290 1047 fieri
1310 993 1367 1046 aut

358 1174 378 1218 1.
398 1185 428 1218 eo
446 1184 496 1220 om.
516 1168 536 1218 C
555 1169 671 1217 eoruml.
707 1174 721 1216 2
749 1169 950 1219 adtenuaturl,
992 1173 1016 1222 θ,
1038 1167 1130 1235 [murras
1149 1169 1183 1235 A]
1225 1175 1248 1220 t.
1267 1185 1309 1219 uec
1326 1187 1366 1219 ao·

286 1255 336 1286 mm
355 1236 474 1286 LPMcR
491 1245 516 1286 ut
533 1235 652 1284 eorumE
689 1241 711 1283 5.
731 1245 832 1286 naturae
852 1245 905 1302 (pro
923 1239 984 1298 vere}
1004 1237 1120 1286 LMROr.
1178 1237 1326 1301 appellamus
1346 1237 1366 1285 la

277 1307 340 1368 fieri
351 1305 463 1355 udam?
508 1313 579 1369 atque
597 1303 654 1369 (pro
667 1305 749 1370 out)li

286 1480 344 1519 non
368 1481 403 1518 eo
426 1469 549 1536 spectat
570 1469 602 1517 ut
624 1479 702 1516 nunc
724 1459 913 1530 defendatur,
937 1479 1038 1518 omnes
1060 1461 1164 1518 beatos
1186 1480 1279 1535 aeque
1302 1480 1368 1518 esse

286 1548 389 1604 beatos
412 1545 456 1621 (id
478 1547 556 1602 enim
579 1543 727 1614 differtum
749 1545 809 1602 vid.
833 1550 847 1615 ξ
868 1547 923 1601 44:
946 1555 1014 1602 recte
1036 1565 1153 1617 secusne,
1173 1545 1293 1623 posteo),
1315 1547 1368 1603 aed

286 1641 319 1689 ut
341 1651 378 1688 ex
401 1632 456 1688 hac
468 1630 623 1700 sententia,
647 1649 734 1704 quam
746 1629 938 1705 Peripatetici
951 1648 1008 1686 non
1027 1632 1162 1706 probent,
1186 1631 1367 1700 ostendetur,

287 1736 374 1790 quam
398 1716 457 1773 vim
477 1716 584 1772 habeat
606 1715 755 1772 distinctio
778 1715 921 1772 bonorum
944 1734 962 1771 a
984 1715 1170 1791 praepositio,
1194 1717 1369 1773 maloruma
1403 1790 1406 1798 Δ

287 1801 413 1859 reiectis.
457 1801 558 1857 Verba
580 1811 622 1871 ut,
645 1803 694 1874 qui
711 1803 794 1874 pluro
817 1809 872 1856 cet.
895 1801 938 1856 sic
960 1801 1093 1870 annecti,
1127 1811 1160 1858 ut
1193 1801 1368 1876 explicetur,

287 1886 359 1960 quid
381 1886 452 1943 insit
473 1886 504 1941 in
526 1886 578 1942 illo
601 1887 749 1950 basidem,
772 1885 833 1941 dixi
857 1885 894 1940 ad
917 1886 958 1955 11,
983 1887 1011 1942 6.

368 1974 453 2046 pluero
465 1972 562 2027 lzebeet
579 1966 626 2047 ea)
650 1971 742 2027 Error
759 1969 827 2026 edit.
845 1969 869 2028 C
892 1990 923 2026 ee
945 1970 1108 2027 emittentis
1126 1979 1307 2046 propagatus
1323 1981 1369 2028 eat

288 2056 325 2112 ad
338 2055 478 2112 Aldinem
491 2065 520 2111 et
536 2053 598 2112 fere
609 2055 739 2129 reliquae
757 2065 825 2111 ante
838 2053 945 2112 Gaium
958 2059 1061 2112 contra
1078 2055 1162 2112 codd.
1184 2052 1297 2135 ([AB,]
1309 2064 1370 2112 tres

289 2141 376 2204 Dav,
390 2139 479 2210 Oxx,
492 2139 575 2206 Gzii;
595 2160 610 2196 e
623 2139 717 2196 tribus
729 2141 813 2197 Parr.
826 2141 902 2196 Dav.
915 2139 1028 2214 profert
1044 2151 1068 2197 ct
1079 2137 1134 2220 eu).
1157 2140 1268 2197 Eodem
1281 2141 1370 2198 modo

288 2225 411 2281 dieitur:
430 2227 515 2299 pltare
527 2225 605 2281 laedet
622 2227 696 2291 baec,
713 2224 743 2282 id
756 2235 809 2296 est,
821 2226 895 2281 haee
906 2225 1017 2282 maiore
1025 2243 1156 2296 numero,
1169 2234 1272 2299 atque:
1284 2245 1370 2282 nram-

288 2329 393 2366 merum
405 2311 553 2378 multitude,
566 2329 636 2384 grtes
647 2312 753 2366 eosdem
759 2329 867 2385 paucas
879 2311 975 2366 lrabeat
985 2330 1031 2366 eae
1043 2311 1139 2367 bestiae
1151 2319 1205 2367 cet.
1222 2309 1274 2389 (N.
1282 2309 1370 2378 D.11,

292 2391 375 2472 128).
404 2394 708 2451 Animadvertendum
731 2405 776 2452 est
787 2405 894 2465 autem,
919 2413 984 2452 eum
1008 2393 1082 2453 Cato
1105 2395 1232 2470 primum
1249 2400 1371 2470 corperis

288 2490 337 2536 ortt
347 2490 458 2536 ceteram
480 2479 548 2536 hono
560 2479 753 2550 nominasset,
778 2479 883 2536 deinde
895 2499 963 2536 eum
975 2489 1088 2536 tantum
1100 2482 1220 2555 corporis
1231 2483 1370 2538 commode

290 2565 456 2635 nominare,
480 2574 513 2620 ut
534 2565 590 2621 boc
611 2583 719 2640 genere
742 2565 831 2622 etiam
854 2573 977 2622 externe
999 2565 1286 2640 comprehendantur
1307 2584 1372 2622 om·

240 2680 244 2690 ·
289 2650 397 2724 niaque
420 2649 638 2725 intellegantur,
662 2667 737 2722 quae
749 2649 941 2724 Peripatetici
960 2659 1078 2724 praeter
1089 2650 1228 2706 virtutem
1240 2650 1270 2706 in
1283 2651 1372 2708 bonis

290 2743 443 2790 numerent
466 2735 520 2811 (ec,
544 2753 614 2808 quce
635 2737 662 2790 iu
685 2753 757 2808 corp.
781 2743 811 2791 et
834 2734 952 2791 deinde:
975 2737 1095 2810 corporis
1117 2735 1283 2810 commodis).

377 2839 408 2876 nc
430 2839 519 2875 eorum
541 2821 649 2893 quidem
677 2821 818 2890 hetorum,
852 2839 922 2893 qrroe
944 2840 991 2876 uos
1014 2821 1081 2876 tona
1108 2839 1169 2876 vere
1195 2823 1372 2896 appellemus,

290 2901 456 2981 freqrteutr'c)
479 2903 646 2962 Stoicorum
675 2903 820 2960 sententia
847 2923 883 2960 ne
913 2921 1050 2962 verorum
1079 2905 1197 2979 quidem
1226 2905 1372 2962 bonorum

289 2987 457 3062 frequentia
478 2989 593 3046 beatior
615 2989 648 3044 fit
670 2989 740 3058 vita,
765 3007 830 3045 cum
854 2990 944 3046 semel
967 2999 1011 3047 est
1033 2990 1120 3046 beata
1150 2991 1231 3067 (nam
1255 2989 1292 3046 de
1315 2990 1372 3046 boc

290 3073 413 3150 agitur);
437 3091 531 3147 neque
554 3073 631 3130 enim
654 3073 749 3130 bonae
771 3075 912 3146 actiones,
936 3093 1011 3148 quae
1034 3093 1105 3131 vera
1127 3076 1205 3132 bona
1227 3083 1306 3144 sunt,
1329 3075 1374 3132 sic

291 3167 492 3228 numerantur,
515 3169 556 3226 ut,
581 3158 630 3232 qui
654 3159 771 3233 saepius
794 3167 873 3216 recte
896 3158 1009 3230 fecerit,
1033 3159 1222 3223 beatiorem:
1252 3159 1374 3234 sapiens

291 3244 368 3300 enim
392 3243 528 3316 quotiens
556 3243 631 3318 agit,
661 3263 778 3318 semper
799 3253 878 3300 recte
906 3245 981 3320 egit,
1016 3252 1046 3300 et
1079 3243 1211 3320 singulae
1240 3245 1375 3303 actiones

291 3346 393 3385 omnes
416 3346 553 3384 numeros
576 3328 739 3385 honestat-is
767 3329 933 3398 continent;
967 3339 1039 3403 quot
1066 3329 1173 3405 agendi
1201 3329 1374 3387 occasiones

291 3413 412 3481 habeat,
446 3411 519 3469 nihil
542 3413 663 3469 adrem
686 3411 759 3492 (vid.
783 3411 855 3492 46);
890 3413 982 3471 multo
1011 3413 1101 3490 igitur
1129 3414 1225 3471 nunus
1252 3413 1375 3472 illorum

292 3497 511 3554 commodorum
534 3495 710 3570 frequentia,
734 3517 809 3572 quae
833 3499 925 3557 Stoici
949 3499 1027 3554 bona
1039 3517 1103 3555 esse
1116 3507 1233 3574 negant,
1257 3499 1376 3556 beatior

292 3582 354 3638 vita
376 3582 417 3637 fit.
461 3582 573 3639 Divisit
595 3581 670 3641 Ceto
693 3602 782 3640 unum
806 3583 914 3641 bonurn
938 3582 1105 3661 (virtutem)
1134 3584 1164 3639 in
1192 3582 1276 3658 plura
1305 3583 1377 3660 (ho-

291 3676 391 3723 nestes
413 3667 558 3734 actiones,
586 3666 639 3723 cfr.
662 3668 700 3724 ad
722 3673 737 3738 ξ
761 3668 830 3744 21),
854 3677 887 3725 nt
902 3671 1085 3743 frequentiam
1107 3687 1208 3726 eorum
1231 3687 1297 3724 cum
1320 3687 1376 3726 ex·

291 3760 443 3809 ternorum
466 3761 495 3808 et
517 3753 649 3827 corporis
666 3754 884 3810 commodorum
901 3752 1069 3827 frequentia
1079 3771 1250 3828 comparare
1262 3764 1377 3826 posset.

293 3837 344 3895 Sic
355 3846 463 3905 autem,
476 3845 509 3892 ut
521 3837 609 3903 edidi,
621 3855 681 3894 non
693 3839 787 3895 solum
800 3839 936 3895 meliores
949 3838 1074 3908 codices,
1087 3837 1152 3895 Pal.
1168 3841 1196 3908 1,
1215 3837 1292 3913 Spin.
1305 3836 1378 3916 [B],

293 3941 351 3998 mg.
374 3921 454 3980 Crat.
477 3917 673 3998 (Moralianus
696 3923 769 3980 mire
792 3945 839 3980 uos
862 3925 929 3979 botre
951 3925 1059 3997 quidem
1079 3921 1174 4001 app),
1209 3923 1259 3980 sed
1282 3923 1378 3981 etiam

293 4006 454 4064 deteriores
476 4007 590 4081 aliquot
611 4008 690 4083 (Pal.
714 4010 742 4078 4,
766 4010 850 4065 Parr.
876 4010 903 4080 1,
918 4009 945 4078 3,
969 4007 1055 4078 CCC,
1079 4007 1137 4066 Ox.
1159 4026 1186 4083 χ,
1214 4007 1303 4064 etiam
1326 4009 1379 4066 ed.

298 4093 378 4148 1480
401 4099 431 4147 et
453 4092 595 4170 Marsus).
639 4093 768 4150 Inscitus
790 4093 898 4168 aliquis
922 4093 1107 4163 emendator,
1131 4093 1182 4167 qui
1204 4109 1262 4148 non
1284 4092 1379 4149 intel-

294 4175 420 4250 legebat,
443 4177 590 4250 quomodo
613 4197 751 4234 verorum
763 4179 917 4249 bonorum,
940 4195 1016 4251 quae
1027 4177 1085 4252 ipsi
1098 4175 1190 4236 Stoici
1203 4177 1380 4252 probarent,

294 4258 461 4333 frequentia
483 4269 580 4318 tamen
604 4262 719 4319 beatior
741 4262 804 4320 lieri
827 4263 889 4319 vita
915 4273 1087 4338 negaretur,
1121 4263 1237 4336 putavit
1263 4262 1382 4320 subati-

294 4345 436 4402 tuendum
458 4345 571 4420 aliquid
593 4365 667 4417 esse,
692 4347 770 4421 quod
792 4366 810 4403 a
832 4347 941 4404 virtute
964 4355 994 4404 et
1006 4346 1106 4406 Stoico
1118 4347 1196 4404 bono
1207 4346 1382 4406 seiunctum
