<?xml version="1.0" encoding="UTF-8"?>
<!DOCTYPE html PUBLIC "-//W3C//DTD XHTML 1.0 Transitional//EN"
    "http://www.w3.org/TR/xhtml1/DTD/xhtml1-transitional.dtd">
<html xmlns="http://www.w3.org/1999/xhtml" xml:lang="en" lang="en">
 <head>
  <title>
</title>
<meta http-equiv="Content-Type" content="text/html;charset=utf-8" />
  <meta name='ocr-system' content='tesseract 3.04.00' />
  <meta name='ocr-capabilities' content='ocr_page ocr_carea ocr_par ocr_line ocrx_word'/>
</head>
<body>
  <div class='ocr_page' id='page_1' title='image "./definibusbonoru04cicegoog_0598.png"; bbox 0 0 3000 5044; ppageno 0'>
   <div class='ocr_carea' id='block_1_1' title="bbox 326 373 1003 439">
    <p class='ocr_par' dir='ltr' id='par_1_1' title="bbox 326 373 1003 439">
     <span class='ocr_line' id='line_1_1' title="bbox 326 373 1003 439; baseline -0.01 0"><span class='ocrx_word' id='word_1_1' title='bbox 326 373 391 439; x_wconf 82' lang='grc'>522</span> <span class='ocrx_word' id='word_1_2' title='bbox 712 392 757 437; x_wconf 85' lang='lat' dir='ltr'>nn</span> <span class='ocrx_word' id='word_1_3' title='bbox 779 391 909 438; x_wconf 73' lang='lat' dir='ltr'>amisus</span> <span class='ocrx_word' id='word_1_4' title='bbox 932 392 1003 438; x_wconf 81' lang='lat' dir='ltr'>son.</span> 
     </span>
    </p>
   </div>
   <div class='ocr_carea' id='block_1_2' title="bbox 288 560 1392 1256">
    <p class='ocr_par' dir='ltr' id='par_1_2' title="bbox 288 560 1392 1256">
     <span class='ocr_line' id='line_1_2' title="bbox 326 560 1390 643; baseline 0.002 -19"><span class='ocrx_word' id='word_1_5' title='bbox 326 578 426 642; x_wconf 87' lang='lat' dir='ltr'>parve</span> <span class='ocrx_word' id='word_1_6' title='bbox 453 560 529 640; x_wconf 89' lang='lat' dir='ltr'>sint,</span> <span class='ocrx_word' id='word_1_7' title='bbox 556 579 613 625; x_wconf 92' lang='lat' dir='ltr'>nos</span> <span class='ocrx_word' id='word_1_8' title='bbox 634 578 759 643; x_wconf 87' lang='lat' dir='ltr'>quoque</span> <span class='ocrx_word' id='word_1_9' title='bbox 781 560 990 640; x_wconf 89' lang='lat' dir='ltr'>concedimus;</span> <span class='ocrx_word' id='word_1_10' title='bbox 1024 562 1107 643; x_wconf 89' lang='lat' dir='ltr'>quod</span> <span class='ocrx_word' id='word_1_11' title='bbox 1134 561 1209 626; x_wconf 90' lang='lat' dir='ltr'>dicit</span> <span class='ocrx_word' id='word_1_12' title='bbox 1242 561 1390 642; x_wconf 77' lang='lat' dir='ltr'><strong>Epicurus</strong></span> 
     </span>
     <span class='ocr_line' id='line_1_3' title="bbox 327 663 1390 748; baseline -0.002 -20"><span class='ocrx_word' id='word_1_13' title='bbox 327 663 420 728; x_wconf 86' lang='lat' dir='ltr'>etiam</span> <span class='ocrx_word' id='word_1_14' title='bbox 441 664 481 727; x_wconf 90' lang='lat' dir='ltr'>de</span> <span class='ocrx_word' id='word_1_15' title='bbox 496 663 664 744; x_wconf 88' lang='lat' dir='ltr'>voluptate,</span> <span class='ocrx_word' id='word_1_16' title='bbox 687 681 767 744; x_wconf 88' lang='lat' dir='ltr'>quae</span> <span class='ocrx_word' id='word_1_17' title='bbox 777 663 920 748; x_wconf 77' lang='lat' dir='ltr'>minimae</span> <span class='ocrx_word' id='word_1_18' title='bbox 931 663 994 727; x_wconf 89' lang='lat' dir='ltr'>sint</span> <span class='ocrx_word' id='word_1_19' title='bbox 1004 663 1188 743; x_wconf 86' lang='lat' dir='ltr'>voluptates,</span> <span class='ocrx_word' id='word_1_20' title='bbox 1210 682 1264 728; x_wconf 86' lang='lat' dir='ltr'>eas</span> <span class='ocrx_word' id='word_1_21' title='bbox 1286 663 1390 728; x_wconf 89' lang='lat' dir='ltr'>obscu-</span> 
     </span>
     <span class='ocr_line' id='line_1_4' title="bbox 329 764 1390 846; baseline 0 -17"><span class='ocrx_word' id='word_1_22' title='bbox 329 765 393 829; x_wconf 90' lang='lat' dir='ltr'>rari</span> <span class='ocrx_word' id='word_1_23' title='bbox 416 783 509 846; x_wconf 85' lang='lat' dir='ltr'>saepe</span> <span class='ocrx_word' id='word_1_24' title='bbox 530 770 563 830; x_wconf 90' lang='lat' dir='ltr'>et</span> <span class='ocrx_word' id='word_1_25' title='bbox 584 764 685 845; x_wconf 80' lang='lat' dir='ltr'>obnui3</span> <span class='ocrx_word' id='word_1_26' title='bbox 709 765 765 830; x_wconf 89' lang='lat' dir='ltr'>sed</span> <span class='ocrx_word' id='word_1_27' title='bbox 787 783 848 830; x_wconf 90' lang='lat' dir='ltr'>non</span> <span class='ocrx_word' id='word_1_28' title='bbox 870 766 996 829; x_wconf 90' lang='lat' dir='ltr'>suntin</span> <span class='ocrx_word' id='word_1_29' title='bbox 1018 783 1055 830; x_wconf 92' lang='lat' dir='ltr'>eo</span> <span class='ocrx_word' id='word_1_30' title='bbox 1071 771 1301 846; x_wconf 84' lang='lat' dir='ltr'>generetantae</span> <span class='ocrx_word' id='word_1_31' title='bbox 1312 783 1390 830; x_wconf 92' lang='lat' dir='ltr'>com·</span> 
     </span>
     <span class='ocr_line' id='line_1_5' title="bbox 328 865 1392 954; baseline -0.002 -22"><span class='ocrx_word' id='word_1_32' title='bbox 328 867 491 933; x_wconf 71' lang='lat' dir='ltr'>modiatas</span> <span class='ocrx_word' id='word_1_33' title='bbox 524 866 663 948; x_wconf 86' lang='lat' dir='ltr'>corporis</span> <span class='ocrx_word' id='word_1_34' title='bbox 696 873 821 949; x_wconf 84' lang='lat' dir='ltr'>tamque</span> <span class='ocrx_word' id='word_1_35' title='bbox 853 868 1024 954; x_wconf 80' lang='lat' dir='ltr'>productae</span> <span class='ocrx_word' id='word_1_36' title='bbox 1055 865 1245 949; x_wconf 80' lang='lat' dir='ltr'>temporibus</span> <span class='ocrx_word' id='word_1_37' title='bbox 1272 875 1392 949; x_wconf 85' lang='lat' dir='ltr'>tamque</span> 
     </span>
     <span class='ocr_line' id='line_1_6' title="bbox 288 968 1390 1051; baseline -0.002 -15"><span class='ocrx_word' id='word_1_38' title='bbox 288 968 450 1036; x_wconf 75' lang='lat' dir='ltr'>bmultae.</span> <span class='ocrx_word' id='word_1_39' title='bbox 494 971 604 1051; x_wconf 85' lang='lat' dir='ltr'>Itaque</span> <span class='ocrx_word' id='word_1_40' title='bbox 629 969 661 1034; x_wconf 88' lang='lat' dir='ltr'>in</span> <span class='ocrx_word' id='word_1_41' title='bbox 690 968 802 1050; x_wconf 88' lang='lat' dir='ltr'>quibus</span> <span class='ocrx_word' id='word_1_42' title='bbox 829 975 960 1050; x_wconf 91' lang='lat' dir='ltr'>propter</span> <span class='ocrx_word' id='word_1_43' title='bbox 987 987 1095 1034; x_wconf 87' lang='lat' dir='ltr'>eorum</span> <span class='ocrx_word' id='word_1_44' title='bbox 1123 968 1319 1050; x_wconf 79' lang='lat' dir='ltr'>exiguitatem</span> <span class='ocrx_word' id='word_1_45' title='bbox 1340 969 1390 1034; x_wconf 83' lang='lat' dir='ltr'>ob</span> 
     </span>
     <span class='ocr_line' id='line_1_7' title="bbox 328 1071 1392 1153; baseline -0.001 -17"><span class='ocrx_word' id='word_1_46' title='bbox 328 1072 463 1138; x_wconf 85' lang='lat' dir='ltr'>scuratio</span> <span class='ocrx_word' id='word_1_47' title='bbox 484 1071 690 1153; x_wconf 83' lang='lat' dir='ltr'><strong>consequitur,</strong></span> <span class='ocrx_word' id='word_1_48' title='bbox 713 1089 806 1152; x_wconf 90' lang='lat' dir='ltr'>saepe</span> <span class='ocrx_word' id='word_1_49' title='bbox 827 1071 947 1150; x_wconf 68' lang='lat' dir='ltr'>mcidit,</span> <span class='ocrx_word' id='word_1_50' title='bbox 969 1079 1005 1136; x_wconf 93' lang='lat' dir='ltr'>ut</span> <span class='ocrx_word' id='word_1_51' title='bbox 1026 1071 1101 1136; x_wconf 86' lang='lat' dir='ltr'><strong>nihil</strong></span> <span class='ocrx_word' id='word_1_52' title='bbox 1121 1071 1273 1137; x_wconf 89' lang='lat' dir='ltr'>interesse</span> <span class='ocrx_word' id='word_1_53' title='bbox 1289 1081 1392 1136; x_wconf 80' lang='lat' dir='ltr'>nosue</span> 
     </span>
     <span class='ocr_line' id='line_1_8' title="bbox 326 1173 1390 1256; baseline -0.001 -18"><span class='ocrx_word' id='word_1_54' title='bbox 326 1173 486 1253; x_wconf 82' lang='lat' dir='ltr'>fateamur,</span> <span class='ocrx_word' id='word_1_55' title='bbox 508 1173 570 1238; x_wconf 89' lang='lat' dir='ltr'>sint</span> <span class='ocrx_word' id='word_1_56' title='bbox 591 1173 643 1238; x_wconf 88' lang='lat' dir='ltr'>illa</span> <span class='ocrx_word' id='word_1_57' title='bbox 664 1192 761 1239; x_wconf 89' lang='lat' dir='ltr'>necne</span> <span class='ocrx_word' id='word_1_58' title='bbox 782 1173 858 1252; x_wconf 90' lang='lat' dir='ltr'>sint;</span> <span class='ocrx_word' id='word_1_59' title='bbox 890 1180 926 1238; x_wconf 92' lang='lat' dir='ltr'>ut</span> <span class='ocrx_word' id='word_1_60' title='bbox 947 1173 978 1238; x_wconf 91' lang='lat' dir='ltr'>in</span> <span class='ocrx_word' id='word_1_61' title='bbox 1000 1173 1080 1255; x_wconf 92' lang='lat' dir='ltr'>sole,</span> <span class='ocrx_word' id='word_1_62' title='bbox 1112 1173 1197 1256; x_wconf 88' lang='lat' dir='ltr'>quod</span> <span class='ocrx_word' id='word_1_63' title='bbox 1217 1191 1238 1238; x_wconf 88' lang='lat' dir='ltr'>a</span> <span class='ocrx_word' id='word_1_64' title='bbox 1258 1179 1291 1238; x_wconf 90' lang='lat' dir='ltr'>te</span> <span class='ocrx_word' id='word_1_65' title='bbox 1312 1173 1390 1238; x_wconf 89' lang='lat' dir='ltr'>dice·</span> 
     </span>
    </p>
   </div>
   <div class='ocr_carea' id='block_1_3' title="bbox 326 1377 1390 1515">
    <p class='ocr_par' dir='ltr' id='par_1_3' title="bbox 326 1377 1390 1515">
     <span class='ocr_line' id='line_1_9' title="bbox 395 1377 1390 1444; baseline -0.001 -18"><span class='ocrx_word' id='word_1_66' title='bbox 395 1385 417 1426; x_wconf 76' lang='lat' dir='ltr'>a.</span> <span class='ocrx_word' id='word_1_67' title='bbox 436 1379 506 1428; x_wconf 67' lang='lat' dir='ltr'>amnt</span> <span class='ocrx_word' id='word_1_68' title='bbox 524 1394 572 1429; x_wconf 91' lang='lat' dir='ltr'>om.</span> <span class='ocrx_word' id='word_1_69' title='bbox 591 1377 702 1430; x_wconf 74' lang='lat' dir='ltr'>Pastor.</span> <span class='ocrx_word' id='word_1_70' title='bbox 764 1384 787 1428; x_wconf 80' lang='lat'>8.</span> <span class='ocrx_word' id='word_1_71' title='bbox 805 1379 875 1429; x_wconf 72' lang='lat' dir='ltr'>erebra</span> <span class='ocrx_word' id='word_1_72' title='bbox 897 1381 952 1444; x_wconf 74' lang='lat' dir='ltr'>(pro</span> <span class='ocrx_word' id='word_1_73' title='bbox 969 1381 998 1440; x_wconf 82' lang='lat' dir='ltr'>etl</span> <span class='ocrx_word' id='word_1_74' title='bbox 1018 1379 1036 1428; x_wconf 85' lang='grc' dir='ltr'>Ε</span> <span class='ocrx_word' id='word_1_75' title='bbox 1098 1383 1120 1427; x_wconf 77' lang='lat'>5.</span> <span class='ocrx_word' id='word_1_76' title='bbox 1140 1395 1220 1428; x_wconf 76' lang='lat' dir='ltr'>earnm</span> <span class='ocrx_word' id='word_1_77' title='bbox 1238 1393 1333 1433; x_wconf 78' lang='lat' dir='ltr'>omnes,</span> <span class='ocrx_word' id='word_1_78' title='bbox 1351 1377 1390 1426; x_wconf 84' lang='lat' dir='ltr'>Or.</span> 
     </span>
     <span class='ocr_line' id='line_1_10' title="bbox 326 1445 1286 1515; baseline 0.002 -21"><span class='ocrx_word' id='word_1_79' title='bbox 326 1451 350 1497; x_wconf 82' lang='lat' dir='ltr'>b.</span> <span class='ocrx_word' id='word_1_80' title='bbox 367 1447 512 1512; x_wconf 63' lang='lat' dir='ltr'>amiate</span> <span class='ocrx_word' id='word_1_81' title='bbox 549 1452 570 1500; x_wconf 88' lang='grc'>7,</span> <span class='ocrx_word' id='word_1_82' title='bbox 580 1449 718 1512; x_wconf 73' lang='lat' dir='ltr'><strong><em>fateremur</em></strong></span> <span class='ocrx_word' id='word_1_83' title='bbox 735 1449 759 1497; x_wconf 82' lang='lat' dir='ltr'>R</span> <span class='ocrx_word' id='word_1_84' title='bbox 795 1445 876 1515; x_wconf 84' lang='lat' dir='ltr'>[necue</span> <span class='ocrx_word' id='word_1_85' title='bbox 894 1447 947 1514; x_wconf 84' lang='lat' dir='ltr'>Eh]</span> <span class='ocrx_word' id='word_1_86' title='bbox 987 1447 1011 1496; x_wconf 87' lang='lat' dir='ltr'>in</span> <span class='ocrx_word' id='word_1_87' title='bbox 1029 1446 1101 1498; x_wconf 78' lang='lat' dir='ltr'>solem</span> <span class='ocrx_word' id='word_1_88' title='bbox 1118 1447 1198 1511; x_wconf 81' lang='lat' dir='ltr'>quiE</span> <span class='ocrx_word' id='word_1_89' title='bbox 1284 1455 1286 1460; x_wconf 83' lang='grc'>’</span> 
     </span>
    </p>
   </div>
   <div class='ocr_carea' id='block_1_4' title="bbox 324 1619 1393 4262">
    <p class='ocr_par' dir='ltr' id='par_1_4' title="bbox 324 1619 1392 2126">
     <span class='ocr_line' id='line_1_11' title="bbox 326 1619 1391 1698; baseline -0.001 -20"><span class='ocrx_word' id='word_1_90' title='bbox 326 1621 499 1694; x_wconf 81' lang='lat' dir='ltr'>declaretur,</span> <span class='ocrx_word' id='word_1_91' title='bbox 523 1619 616 1680; x_wconf 79' lang='lat' dir='ltr'>Gaius</span> <span class='ocrx_word' id='word_1_92' title='bbox 637 1622 747 1693; x_wconf 88' lang='lat' dir='ltr'>haesit,</span> <span class='ocrx_word' id='word_1_93' title='bbox 781 1622 860 1696; x_wconf 89' lang='lat' dir='ltr'>quod</span> <span class='ocrx_word' id='word_1_94' title='bbox 892 1622 1126 1698; x_wconf 88' lang='lat' dir='ltr'>interpungendo</span> <span class='ocrx_word' id='word_1_95' title='bbox 1153 1621 1317 1679; x_wconf 87' lang='lat' dir='ltr'>orationem</span> <span class='ocrx_word' id='word_1_96' title='bbox 1338 1619 1391 1678; x_wconf 86' lang='lat' dir='ltr'>fre·</span> 
     </span>
     <span class='ocr_line' id='line_1_12' title="bbox 324 1704 1392 1784; baseline -0.004 -20"><span class='ocrx_word' id='word_1_97' title='bbox 324 1716 409 1783; x_wconf 87' lang='lat' dir='ltr'>gerat</span> <span class='ocrx_word' id='word_1_98' title='bbox 436 1715 466 1764; x_wconf 92' lang='lat' dir='ltr'>et</span> <span class='ocrx_word' id='word_1_99' title='bbox 488 1707 649 1764; x_wconf 88' lang='lat' dir='ltr'>divelleret.</span> <span class='ocrx_word' id='word_1_100' title='bbox 694 1706 903 1784; x_wconf 84' lang='lat' dir='ltr'>Significantur</span> <span class='ocrx_word' id='word_1_101' title='bbox 929 1726 982 1764; x_wconf 89' lang='lat' dir='ltr'>eae</span> <span class='ocrx_word' id='word_1_102' title='bbox 1010 1706 1191 1782; x_wconf 87' lang='lat' dir='ltr'>voluptates,</span> <span class='ocrx_word' id='word_1_103' title='bbox 1224 1725 1299 1781; x_wconf 88' lang='lat' dir='ltr'>quas</span> <span class='ocrx_word' id='word_1_104' title='bbox 1326 1704 1392 1781; x_wconf 87' lang='lat' dir='ltr'>Epi-</span> 
     </span>
     <span class='ocr_line' id='line_1_13' title="bbox 326 1789 1391 1868; baseline 0 -20"><span class='ocrx_word' id='word_1_105' title='bbox 326 1811 414 1850; x_wconf 82' lang='lat' dir='ltr'>curus</span> <span class='ocrx_word' id='word_1_106' title='bbox 430 1793 573 1850; x_wconf 88' lang='lat' dir='ltr'>maiorum</span> <span class='ocrx_word' id='word_1_107' title='bbox 591 1793 861 1868; x_wconf 86' lang='lat' dir='ltr'>consequendarum</span> <span class='ocrx_word' id='word_1_108' title='bbox 887 1802 939 1850; x_wconf 88' lang='lat' dir='ltr'>aut</span> <span class='ocrx_word' id='word_1_109' title='bbox 960 1792 1112 1850; x_wconf 78' lang='lat' dir='ltr'>molestiae</span> <span class='ocrx_word' id='word_1_110' title='bbox 1133 1789 1291 1868; x_wconf 77' lang='lat' dir='ltr'>fugiendae</span> <span class='ocrx_word' id='word_1_111' title='bbox 1309 1809 1391 1848; x_wconf 67' lang='lat' dir='ltr'>caua</span> 
     </span>
     <span class='ocr_line' id='line_1_14' title="bbox 326 1875 1391 1958; baseline -0.001 -24"><span class='ocrx_word' id='word_1_112' title='bbox 326 1878 506 1953; x_wconf 88' lang='lat' dir='ltr'>spernendas</span> <span class='ocrx_word' id='word_1_113' title='bbox 528 1879 659 1949; x_wconf 89' lang='lat' dir='ltr'>dicebat;</span> <span class='ocrx_word' id='word_1_114' title='bbox 692 1879 751 1936; x_wconf 87' lang='lat' dir='ltr'>vid.</span> <span class='ocrx_word' id='word_1_115' title='bbox 773 1879 798 1948; x_wconf 94' lang='lat' dir='ltr'>I,</span> <span class='ocrx_word' id='word_1_116' title='bbox 820 1880 858 1934; x_wconf 86' lang='grc'>32</span> <span class='ocrx_word' id='word_1_117' title='bbox 883 1897 946 1954; x_wconf 86' lang='lat' dir='ltr'>sqq.</span> <span class='ocrx_word' id='word_1_118' title='bbox 975 1887 1005 1935; x_wconf 90' lang='lat' dir='ltr'>et</span> <span class='ocrx_word' id='word_1_119' title='bbox 1034 1880 1084 1936; x_wconf 81' lang='lat'>47.</span> <span class='ocrx_word' id='word_1_120' title='bbox 1112 1875 1172 1958; x_wconf 89' lang='lat' dir='ltr'>[De</span> <span class='ocrx_word' id='word_1_121' title='bbox 1202 1887 1231 1934; x_wconf 86' lang='lat' dir='ltr'>ut</span> <span class='ocrx_word' id='word_1_122' title='bbox 1252 1876 1391 1953; x_wconf 82' lang='lat' dir='ltr'>particula</span> 
     </span>
     <span class='ocr_line' id='line_1_15' title="bbox 326 1961 1391 2040; baseline -0.003 -21"><span class='ocrx_word' id='word_1_123' title='bbox 326 1965 356 2019; x_wconf 91' lang='lat' dir='ltr'>in</span> <span class='ocrx_word' id='word_1_124' title='bbox 374 1964 419 2032; x_wconf 91' lang='lat' dir='ltr'>iis,</span> <span class='ocrx_word' id='word_1_125' title='bbox 443 1983 518 2038; x_wconf 88' lang='lat' dir='ltr'>quae</span> <span class='ocrx_word' id='word_1_126' title='bbox 540 1965 733 2040; x_wconf 86' lang='lat' dir='ltr'>praecedunt:</span> <span class='ocrx_word' id='word_1_127' title='bbox 767 1975 796 2021; x_wconf 83' lang='lat' dir='ltr'>at</span> <span class='ocrx_word' id='word_1_128' title='bbox 823 1983 874 2020; x_wconf 75' lang='lat' dir='ltr'>nort</span> <span class='ocrx_word' id='word_1_129' title='bbox 896 1973 1022 2040; x_wconf 67' lang='lat' dir='ltr'>repugnet</span> <span class='ocrx_word' id='word_1_130' title='bbox 1044 1973 1115 2034; x_wconf 80' lang='lat' dir='ltr'>cet,</span> <span class='ocrx_word' id='word_1_131' title='bbox 1149 1963 1259 2020; x_wconf 88' lang='lat' dir='ltr'>dictum</span> <span class='ocrx_word' id='word_1_132' title='bbox 1288 1973 1332 2020; x_wconf 89' lang='lat' dir='ltr'>est</span> <span class='ocrx_word' id='word_1_133' title='bbox 1358 1961 1391 2016; x_wconf 87' lang='lat' dir='ltr'>ad</span> 
     </span>
     <span class='ocr_line' id='line_1_16' title="bbox 327 2042 1381 2126; baseline -0.002 -20"><span class='ocrx_word' id='word_1_134' title='bbox 327 2051 368 2120; x_wconf 94' lang='lat' dir='ltr'>II,</span> <span class='ocrx_word' id='word_1_135' title='bbox 392 2051 441 2106; x_wconf 87' lang='lat'>71.</span> <span class='ocrx_word' id='word_1_136' title='bbox 472 2050 566 2106; x_wconf 87' lang='lat' dir='ltr'>Etiam</span> <span class='ocrx_word' id='word_1_137' title='bbox 582 2059 649 2126; x_wconf 89' lang='lat' dir='ltr'>post</span> <span class='ocrx_word' id='word_1_138' title='bbox 668 2051 807 2125; x_wconf 72' lang='lat' dir='ltr'>Epicurius</span> <span class='ocrx_word' id='word_1_139' title='bbox 829 2049 960 2107; x_wconf 85' lang='lat' dir='ltr'>additum</span> <span class='ocrx_word' id='word_1_140' title='bbox 983 2068 1020 2105; x_wconf 83' lang='lat' dir='ltr'>ex</span> <span class='ocrx_word' id='word_1_141' title='bbox 1043 2049 1099 2123; x_wconf 79' lang='lat' dir='ltr'>Eli,</span> <span class='ocrx_word' id='word_1_142' title='bbox 1122 2049 1158 2120; x_wconf 92' lang='lat' dir='ltr'>B,</span> <span class='ocrx_word' id='word_1_143' title='bbox 1182 2048 1261 2107; x_wconf 88' lang='lat' dir='ltr'>Gud.</span> <span class='ocrx_word' id='word_1_144' title='bbox 1286 2049 1314 2118; x_wconf 81' lang='grc'>2,</span> <span class='ocrx_word' id='word_1_145' title='bbox 1338 2042 1381 2125; x_wconf 89' lang='lat' dir='ltr'>L.]</span> 
     </span>
    </p>

    <p class='ocr_par' dir='ltr' id='par_1_5' title="bbox 324 2133 1393 4262">
     <span class='ocr_line' id='line_1_17' title="bbox 412 2133 1392 2212; baseline -0.002 -21"><span class='ocrx_word' id='word_1_146' title='bbox 412 2136 509 2208; x_wconf 82' lang='lat' dir='ltr'>Itaque</span> <span class='ocrx_word' id='word_1_147' title='bbox 529 2138 557 2192; x_wconf 86' lang='lat' dir='ltr'>in</span> <span class='ocrx_word' id='word_1_148' title='bbox 579 2137 674 2210; x_wconf 75' lang='lat' dir='ltr'>paitrus</span> <span class='ocrx_word' id='word_1_149' title='bbox 693 2145 805 2211; x_wconf 76' lang='lat' dir='ltr'>propter·</span> <span class='ocrx_word' id='word_1_150' title='bbox 826 2134 928 2212; x_wconf 69' lang='lat' dir='ltr'>ewrino)</span> <span class='ocrx_word' id='word_1_151' title='bbox 952 2133 1098 2204; x_wconf 76' lang='lat' dir='ltr'>Ostendit,</span> <span class='ocrx_word' id='word_1_152' title='bbox 1121 2153 1166 2204; x_wconf 87' lang='lat' dir='ltr'>ea,</span> <span class='ocrx_word' id='word_1_153' title='bbox 1189 2152 1265 2208; x_wconf 87' lang='lat' dir='ltr'>quae</span> <span class='ocrx_word' id='word_1_154' title='bbox 1277 2143 1392 2209; x_wconf 86' lang='lat' dir='ltr'>propter</span> 
     </span>
     <span class='ocr_line' id='line_1_18' title="bbox 326 2215 1391 2298; baseline -0.001 -22"><span class='ocrx_word' id='word_1_155' title='bbox 326 2220 518 2296; x_wconf 78' lang='lat' dir='ltr'>exiguitatem</span> <span class='ocrx_word' id='word_1_156' title='bbox 541 2239 623 2278; x_wconf 89' lang='lat' dir='ltr'>suam</span> <span class='ocrx_word' id='word_1_157' title='bbox 646 2215 724 2298; x_wconf 83' lang='lat' dir='ltr'>(qaia</span> <span class='ocrx_word' id='word_1_158' title='bbox 746 2222 825 2279; x_wconf 75' lang='lat' dir='ltr'>velcie</span> <span class='ocrx_word' id='word_1_159' title='bbox 842 2241 933 2296; x_wconf 81' lang='lat' dir='ltr'>parua</span> <span class='ocrx_word' id='word_1_160' title='bbox 950 2219 1016 2298; x_wconf 80' lang='lat' dir='ltr'>sint)</span> <span class='ocrx_word' id='word_1_161' title='bbox 1028 2220 1222 2277; x_wconf 79' lang='lat' dir='ltr'>obscurentur</span> <span class='ocrx_word' id='word_1_162' title='bbox 1233 2218 1277 2298; x_wconf 89' lang='lat' dir='ltr'>(in</span> <span class='ocrx_word' id='word_1_163' title='bbox 1291 2219 1391 2294; x_wconf 86' lang='lat' dir='ltr'>quibus</span> 
     </span>
     <span class='ocr_line' id='line_1_19' title="bbox 326 2303 1390 2384; baseline -0.002 -22"><span class='ocrx_word' id='word_1_164' title='bbox 326 2313 448 2380; x_wconf 88' lang='lat' dir='ltr'>propter</span> <span class='ocrx_word' id='word_1_165' title='bbox 470 2306 662 2382; x_wconf 83' lang='lat' dir='ltr'>exiguitatem</span> <span class='ocrx_word' id='word_1_166' title='bbox 684 2325 784 2364; x_wconf 89' lang='lat' dir='ltr'>eorum</span> <span class='ocrx_word' id='word_1_167' title='bbox 808 2306 976 2364; x_wconf 80' lang='lat' dir='ltr'>obscuratio</span> <span class='ocrx_word' id='word_1_168' title='bbox 994 2303 1216 2384; x_wconf 85' lang='lat' dir='ltr'>consequatur),</span> <span class='ocrx_word' id='word_1_169' title='bbox 1240 2305 1390 2370; x_wconf 74' lang='lat' dir='ltr'>telinense,</span> 
     </span>
     <span class='ocr_line' id='line_1_20' title="bbox 326 2389 1391 2449; baseline -0.005 -2"><span class='ocrx_word' id='word_1_170' title='bbox 326 2400 360 2447; x_wconf 89' lang='lat' dir='ltr'>nt</span> <span class='ocrx_word' id='word_1_171' title='bbox 381 2391 432 2448; x_wconf 83' lang='lat' dir='ltr'>vix</span> <span class='ocrx_word' id='word_1_172' title='bbox 455 2392 618 2449; x_wconf 88' lang='lat' dir='ltr'>sentiantur</span> <span class='ocrx_word' id='word_1_173' title='bbox 640 2409 693 2448; x_wconf 90' lang='lat' dir='ltr'>nec</span> <span class='ocrx_word' id='word_1_174' title='bbox 715 2391 807 2448; x_wconf 91' lang='lat' dir='ltr'>ullum</span> <span class='ocrx_word' id='word_1_175' title='bbox 830 2401 1009 2449; x_wconf 89' lang='lat' dir='ltr'>momentum</span> <span class='ocrx_word' id='word_1_176' title='bbox 1031 2389 1144 2448; x_wconf 84' lang='lat' dir='ltr'>faciant</span> <span class='ocrx_word' id='word_1_177' title='bbox 1159 2390 1326 2448; x_wconf 85' lang='lat' dir='ltr'>autsaltem</span> <span class='ocrx_word' id='word_1_178' title='bbox 1339 2407 1391 2445; x_wconf 90' lang='lat' dir='ltr'>non</span> 
     </span>
     <span class='ocr_line' id='line_1_21' title="bbox 327 2473 1392 2554; baseline -0.002 -20"><span class='ocrx_word' id='word_1_179' title='bbox 327 2495 464 2552; x_wconf 89' lang='lat' dir='ltr'>magnum</span> <span class='ocrx_word' id='word_1_180' title='bbox 487 2477 597 2554; x_wconf 80' lang='lat' dir='ltr'>(quibus</span> <span class='ocrx_word' id='word_1_181' title='bbox 617 2487 704 2534; x_wconf 62' lang='lat' dir='ltr'>auum</span> <span class='ocrx_word' id='word_1_182' title='bbox 726 2480 753 2533; x_wconf 82' lang='lat' dir='ltr'>in</span> <span class='ocrx_word' id='word_1_183' title='bbox 775 2478 853 2534; x_wconf 80' lang='lat' dir='ltr'>rebus</span> <span class='ocrx_word' id='word_1_184' title='bbox 876 2481 953 2550; x_wconf 82' lang='lat' dir='ltr'>cet),</span> <span class='ocrx_word' id='word_1_185' title='bbox 976 2477 1100 2534; x_wconf 90' lang='lat' dir='ltr'>multum</span> <span class='ocrx_word' id='word_1_186' title='bbox 1122 2476 1239 2533; x_wconf 85' lang='lat' dir='ltr'>diversa</span> <span class='ocrx_word' id='word_1_187' title='bbox 1256 2473 1392 2551; x_wconf 85' lang='lat' dir='ltr'>arnagnis</span> 
     </span>
     <span class='ocr_line' id='line_1_22' title="bbox 326 2561 1392 2638; baseline -0.003 -20"><span class='ocrx_word' id='word_1_188' title='bbox 326 2561 385 2618; x_wconf 87' lang='lat' dir='ltr'>illis</span> <span class='ocrx_word' id='word_1_189' title='bbox 402 2562 657 2620; x_wconf 77' lang='lat' dir='ltr'>commoditatibus</span> <span class='ocrx_word' id='word_1_190' title='bbox 670 2563 810 2638; x_wconf 89' lang='lat' dir='ltr'>corporis.</span> <span class='ocrx_word' id='word_1_191' title='bbox 832 2563 998 2619; x_wconf 86' lang='lat' dir='ltr'>Edebatur:</span> <span class='ocrx_word' id='word_1_192' title='bbox 1010 2565 1037 2618; x_wconf 84' lang='lat' dir='ltr'>iu</span> <span class='ocrx_word' id='word_1_193' title='bbox 1049 2563 1145 2637; x_wconf 71' lang='lat' dir='ltr'>picibus</span> <span class='ocrx_word' id='word_1_194' title='bbox 1151 2572 1265 2636; x_wconf 79' lang='lat' dir='ltr'>propter</span> <span class='ocrx_word' id='word_1_195' title='bbox 1285 2579 1392 2617; x_wconf 81' lang='lat' dir='ltr'>eorum</span> 
     </span>
     <span class='ocr_line' id='line_1_23' title="bbox 325 2647 1392 2721; baseline -0.004 -18"><span class='ocrx_word' id='word_1_196' title='bbox 325 2650 503 2721; x_wconf 53' lang='lat' dir='ltr'>suauitatem,</span> <span class='ocrx_word' id='word_1_197' title='bbox 526 2648 599 2705; x_wconf 90' lang='lat' dir='ltr'>adeo</span> <span class='ocrx_word' id='word_1_198' title='bbox 623 2647 779 2705; x_wconf 85' lang='lat' dir='ltr'>manifesto</span> <span class='ocrx_word' id='word_1_199' title='bbox 808 2649 928 2718; x_wconf 89' lang='lat' dir='ltr'>mendo,</span> <span class='ocrx_word' id='word_1_200' title='bbox 962 2648 1036 2705; x_wconf 89' lang='lat' dir='ltr'>adeo</span> <span class='ocrx_word' id='word_1_201' title='bbox 1063 2647 1144 2704; x_wconf 90' lang='lat' dir='ltr'>nulle</span> <span class='ocrx_word' id='word_1_202' title='bbox 1172 2647 1332 2712; x_wconf 87' lang='lat' dir='ltr'>sententia,</span> <span class='ocrx_word' id='word_1_203' title='bbox 1364 2655 1392 2700; x_wconf 88' lang='lat' dir='ltr'>ut</span> 
     </span>
     <span class='ocr_line' id='line_1_24' title="bbox 326 2728 1392 2808; baseline -0.001 -19"><span class='ocrx_word' id='word_1_204' title='bbox 326 2751 419 2808; x_wconf 87' lang='lat' dir='ltr'>paene</span> <span class='ocrx_word' id='word_1_205' title='bbox 441 2732 611 2790; x_wconf 85' lang='lat' dir='ltr'>incredibile</span> <span class='ocrx_word' id='word_1_206' title='bbox 634 2733 726 2790; x_wconf 87' lang='lat' dir='ltr'>videri</span> <span class='ocrx_word' id='word_1_207' title='bbox 748 2734 852 2808; x_wconf 87' lang='lat' dir='ltr'>possit,</span> <span class='ocrx_word' id='word_1_208' title='bbox 875 2733 1003 2791; x_wconf 87' lang='lat' dir='ltr'>editores</span> <span class='ocrx_word' id='word_1_209' title='bbox 1026 2740 1056 2790; x_wconf 91' lang='lat' dir='ltr'>et</span> <span class='ocrx_word' id='word_1_210' title='bbox 1077 2741 1262 2789; x_wconf 77' lang='lat' dir='ltr'>enarratores</span> <span class='ocrx_word' id='word_1_211' title='bbox 1284 2751 1341 2789; x_wconf 90' lang='lat' dir='ltr'>non</span> <span class='ocrx_word' id='word_1_212' title='bbox 1353 2728 1392 2788; x_wconf 89' lang='lat' dir='ltr'>of·</span> 
     </span>
     <span class='ocr_line' id='line_1_25' title="bbox 324 2817 1392 2893; baseline -0.005 -17"><span class='ocrx_word' id='word_1_213' title='bbox 324 2817 463 2876; x_wconf 84' lang='lat' dir='ltr'>fendisse.</span> <span class='ocrx_word' id='word_1_214' title='bbox 512 2818 590 2875; x_wconf 88' lang='lat' dir='ltr'>Nam</span> <span class='ocrx_word' id='word_1_215' title='bbox 616 2837 709 2875; x_wconf 76' lang='lat' dir='ltr'>aarum</span> <span class='ocrx_word' id='word_1_216' title='bbox 735 2817 862 2876; x_wconf 89' lang='lat' dir='ltr'>refertur</span> <span class='ocrx_word' id='word_1_217' title='bbox 888 2819 1054 2876; x_wconf 90' lang='lat' dir='ltr'>necessario</span> <span class='ocrx_word' id='word_1_218' title='bbox 1081 2818 1119 2875; x_wconf 91' lang='lat' dir='ltr'>ad</span> <span class='ocrx_word' id='word_1_219' title='bbox 1146 2821 1266 2893; x_wconf 78' lang='lat' dir='ltr'>corporis</span> <span class='ocrx_word' id='word_1_220' title='bbox 1287 2834 1392 2874; x_wconf 69' lang='lat' dir='ltr'>omnino·</span> 
     </span>
     <span class='ocr_line' id='line_1_26' title="bbox 326 2903 1392 2978; baseline -0.002 -18"><span class='ocrx_word' id='word_1_221' title='bbox 326 2905 432 2961; x_wconf 73' lang='lat' dir='ltr'>(litotes.</span> <span class='ocrx_word' id='word_1_222' title='bbox 475 2905 523 2961; x_wconf 89' lang='lat' dir='ltr'>Ita</span> <span class='ocrx_word' id='word_1_223' title='bbox 544 2903 685 2961; x_wconf 85' lang='lat' dir='ltr'>habemus</span> <span class='ocrx_word' id='word_1_224' title='bbox 706 2923 754 2961; x_wconf 89' lang='lat' dir='ltr'>res</span> <span class='ocrx_word' id='word_1_225' title='bbox 776 2905 927 2978; x_wconf 86' lang='lat' dir='ltr'>quasdam,</span> <span class='ocrx_word' id='word_1_226' title='bbox 951 2923 1009 2962; x_wconf 90' lang='lat' dir='ltr'>non</span> <span class='ocrx_word' id='word_1_227' title='bbox 1025 2921 1100 2978; x_wconf 87' lang='lat' dir='ltr'>quae</span> <span class='ocrx_word' id='word_1_228' title='bbox 1113 2913 1234 2978; x_wconf 87' lang='lat' dir='ltr'>propter</span> <span class='ocrx_word' id='word_1_229' title='bbox 1252 2919 1392 2960; x_wconf 72' lang='lat' dir='ltr'>sunmer-</span> 
     </span>
     <span class='ocr_line' id='line_1_27' title="bbox 325 2987 1393 3066; baseline -0.005 -20"><span class='ocrx_word' id='word_1_230' title='bbox 325 2989 478 3066; x_wconf 87' lang='lat' dir='ltr'>ignitatem</span> <span class='ocrx_word' id='word_1_231' title='bbox 490 2989 691 3060; x_wconf 87' lang='lat' dir='ltr'>obscurentur,</span> <span class='ocrx_word' id='word_1_232' title='bbox 708 2990 760 3046; x_wconf 89' lang='lat' dir='ltr'>sed</span> <span class='ocrx_word' id='word_1_233' title='bbox 770 2999 892 3066; x_wconf 86' lang='lat' dir='ltr'>propter</span> <span class='ocrx_word' id='word_1_234' title='bbox 902 2989 1041 3059; x_wconf 66' lang='lat' dir='ltr'>aliarum</span> <span class='ocrx_word' id='word_1_235' title='bbox 1063 2995 1094 3046; x_wconf 89' lang='lat' dir='ltr'>at</span> <span class='ocrx_word' id='word_1_236' title='bbox 1105 2987 1250 3063; x_wconf 88' lang='lat' dir='ltr'>quarum?</span> <span class='ocrx_word' id='word_1_237' title='bbox 1273 2989 1393 3063; x_wconf 88' lang='lat' dir='ltr'>Propter</span> 
     </span>
     <span class='ocr_line' id='line_1_28' title="bbox 325 3071 1391 3151; baseline -0.003 -19"><span class='ocrx_word' id='word_1_238' title='bbox 325 3077 494 3148; x_wconf 70' lang='lat' dir='ltr'>eripuissem</span> <span class='ocrx_word' id='word_1_239' title='bbox 516 3085 651 3131; x_wconf 68' lang='lat' dir='ltr'>&amp;sumnum</span> <span class='ocrx_word' id='word_1_240' title='bbox 673 3085 698 3132; x_wconf 88' lang='lat' dir='ltr'>ct</span> <span class='ocrx_word' id='word_1_241' title='bbox 720 3085 774 3131; x_wconf 81' lang='lat' dir='ltr'>tam</span> <span class='ocrx_word' id='word_1_242' title='bbox 796 3071 955 3151; x_wconf 80' lang='lat' dir='ltr'>ternporibus</span> <span class='ocrx_word' id='word_1_243' title='bbox 967 3077 1391 3150; x_wconf 65' lang='lat' dir='ltr'>predecessori-eumedium.</span> 
     </span>
     <span class='ocr_line' id='line_1_29' title="bbox 326 3159 1392 3236; baseline -0.006 -18"><span class='ocrx_word' id='word_1_244' title='bbox 326 3161 433 3232; x_wconf 89' lang='lat' dir='ltr'>Video,</span> <span class='ocrx_word' id='word_1_245' title='bbox 456 3161 515 3218; x_wconf 88' lang='lat' dir='ltr'>iam</span> <span class='ocrx_word' id='word_1_246' title='bbox 537 3161 703 3218; x_wconf 88' lang='lat' dir='ltr'>Manutium</span> <span class='ocrx_word' id='word_1_247' title='bbox 726 3161 815 3218; x_wconf 88' lang='lat' dir='ltr'>tacite</span> <span class='ocrx_word' id='word_1_248' title='bbox 837 3181 927 3218; x_wconf 86' lang='lat' dir='ltr'>eornm</span> <span class='ocrx_word' id='word_1_249' title='bbox 948 3161 1100 3236; x_wconf 88' lang='lat' dir='ltr'>scripsisse</span> <span class='ocrx_word' id='word_1_250' title='bbox 1114 3160 1211 3234; x_wconf 69' lang='lat' dir='ltr'>&#39;idque</span> <span class='ocrx_word' id='word_1_251' title='bbox 1233 3160 1263 3216; x_wconf 91' lang='lat' dir='ltr'>in</span> <span class='ocrx_word' id='word_1_252' title='bbox 1285 3159 1392 3233; x_wconf 83' lang='lat' dir='ltr'>aliquot</span> 
     </span>
     <span class='ocr_line' id='line_1_30' title="bbox 326 3241 1392 3327; baseline -0.003 -25"><span class='ocrx_word' id='word_1_253' title='bbox 326 3245 504 3303; x_wconf 87' lang='lat' dir='ltr'>editionibus</span> <span class='ocrx_word' id='word_1_254' title='bbox 526 3241 765 3327; x_wconf 85' lang='lat' dir='ltr'>(repetitionibus</span> <span class='ocrx_word' id='word_1_255' title='bbox 787 3242 937 3324; x_wconf 80' lang='lat' dir='ltr'>Lambini)</span> <span class='ocrx_word' id='word_1_256' title='bbox 959 3255 1105 3302; x_wconf 84' lang='lat' dir='ltr'>retentum</span> <span class='ocrx_word' id='word_1_257' title='bbox 1117 3263 1191 3302; x_wconf 87' lang='lat' dir='ltr'>esse.</span> <span class='ocrx_word' id='word_1_258' title='bbox 1219 3245 1392 3321; x_wconf 80' lang='lat' dir='ltr'>Corruperat</span> 
     </span>
     <span class='ocr_line' id='line_1_31' title="bbox 326 3331 1390 3407; baseline -0.006 -19"><span class='ocrx_word' id='word_1_259' title='bbox 326 3331 440 3388; x_wconf 89' lang='lat' dir='ltr'>librarii</span> <span class='ocrx_word' id='word_1_260' title='bbox 462 3339 514 3388; x_wconf 89' lang='lat' dir='ltr'>aut</span> <span class='ocrx_word' id='word_1_261' title='bbox 535 3331 720 3407; x_wconf 87' lang='lat' dir='ltr'>neglegentia</span> <span class='ocrx_word' id='word_1_262' title='bbox 742 3340 793 3388; x_wconf 83' lang='lat' dir='ltr'>aut</span> <span class='ocrx_word' id='word_1_263' title='bbox 814 3332 971 3407; x_wconf 82' lang='lat' dir='ltr'>imperitia,</span> <span class='ocrx_word' id='word_1_264' title='bbox 994 3349 1053 3388; x_wconf 92' lang='lat' dir='ltr'>non</span> <span class='ocrx_word' id='word_1_265' title='bbox 1075 3331 1213 3402; x_wconf 82' lang='lat' dir='ltr'>videntis,</span> <span class='ocrx_word' id='word_1_266' title='bbox 1235 3344 1390 3406; x_wconf 90' lang='lat' dir='ltr'>pronomen</span> 
     </span>
     <span class='ocr_line' id='line_1_32' title="bbox 325 3415 1392 3490; baseline -0.005 -16"><span class='ocrx_word' id='word_1_267' title='bbox 325 3415 431 3474; x_wconf 90' lang='lat' dir='ltr'>referri</span> <span class='ocrx_word' id='word_1_268' title='bbox 453 3416 490 3472; x_wconf 88' lang='lat' dir='ltr'>nd</span> <span class='ocrx_word' id='word_1_269' title='bbox 512 3417 616 3490; x_wconf 81' lang='lat' dir='ltr'>quibus.</span> <span class='ocrx_word' id='word_1_270' title='bbox 660 3416 725 3472; x_wconf 88' lang='lat' dir='ltr'>Nec</span> <span class='ocrx_word' id='word_1_271' title='bbox 746 3415 893 3474; x_wconf 84' lang='lat' dir='ltr'>fefellerat</span> <span class='ocrx_word' id='word_1_272' title='bbox 915 3417 1082 3474; x_wconf 78' lang='lat' dir='ltr'>absurditas</span> <span class='ocrx_word' id='word_1_273' title='bbox 1099 3416 1262 3473; x_wconf 88' lang='lat' dir='ltr'>sententiae</span> <span class='ocrx_word' id='word_1_274' title='bbox 1274 3417 1392 3472; x_wconf 88' lang='lat' dir='ltr'>Wesen-</span> 
     </span>
     <span class='ocr_line' id='line_1_33' title="bbox 326 3499 1390 3578; baseline -0.005 -20"><span class='ocrx_word' id='word_1_275' title='bbox 326 3502 469 3578; x_wconf 84' lang='lat' dir='ltr'>bergium,</span> <span class='ocrx_word' id='word_1_276' title='bbox 493 3502 545 3559; x_wconf 89' lang='lat' dir='ltr'>sed</span> <span class='ocrx_word' id='word_1_277' title='bbox 568 3501 677 3558; x_wconf 87' lang='lat' dir='ltr'>maiore</span> <span class='ocrx_word' id='word_1_278' title='bbox 697 3502 862 3560; x_wconf 89' lang='lat' dir='ltr'>mutatione</span> <span class='ocrx_word' id='word_1_279' title='bbox 884 3502 1070 3560; x_wconf 85' lang='lat' dir='ltr'>scribendum</span> <span class='ocrx_word' id='word_1_280' title='bbox 1092 3502 1230 3577; x_wconf 86' lang='lat' dir='ltr'>putabat:</span> <span class='ocrx_word' id='word_1_281' title='bbox 1258 3502 1354 3575; x_wconf 82' lang='lat' dir='ltr'>Itaque</span> <span class='ocrx_word' id='word_1_282' title='bbox 1368 3499 1390 3553; x_wconf 84' lang='lat' dir='ltr'>in</span> 
     </span>
     <span class='ocr_line' id='line_1_34' title="bbox 326 3587 1390 3662; baseline 0 -20"><span class='ocrx_word' id='word_1_283' title='bbox 326 3587 423 3662; x_wconf 73' lang='lat' dir='ltr'>poribus</span> <span class='ocrx_word' id='word_1_284' title='bbox 445 3587 523 3644; x_wconf 80' lang='lat' dir='ltr'>rebus</span> <span class='ocrx_word' id='word_1_285' title='bbox 540 3596 653 3662; x_wconf 80' lang='lat' dir='ltr'>propter</span> <span class='ocrx_word' id='word_1_286' title='bbox 674 3607 766 3644; x_wconf 84' lang='lat' dir='ltr'>carum</span> <span class='ocrx_word' id='word_1_287' title='bbox 788 3591 966 3662; x_wconf 73' lang='lat' dir='ltr'>eripodtntem,</span> <span class='ocrx_word' id='word_1_288' title='bbox 990 3597 1022 3644; x_wconf 89' lang='lat' dir='ltr'>ut</span> <span class='ocrx_word' id='word_1_289' title='bbox 1044 3588 1176 3662; x_wconf 89' lang='lat' dir='ltr'>sequitur</span> <span class='ocrx_word' id='word_1_290' title='bbox 1198 3587 1295 3661; x_wconf 80' lang='lat' dir='ltr'>quibus</span> <span class='ocrx_word' id='word_1_291' title='bbox 1310 3595 1390 3643; x_wconf 75' lang='lat' dir='ltr'>arura</span> 
     </span>
     <span class='ocr_line' id='line_1_35' title="bbox 326 3672 1391 3750; baseline -0.005 -21"><span class='ocrx_word' id='word_1_292' title='bbox 326 3676 353 3729; x_wconf 79' lang='lat' dir='ltr'>in</span> <span class='ocrx_word' id='word_1_293' title='bbox 375 3673 468 3744; x_wconf 76' lang='lat' dir='ltr'>rebus3</span> <span class='ocrx_word' id='word_1_294' title='bbox 490 3681 627 3746; x_wconf 88' lang='lat' dir='ltr'>recteque</span> <span class='ocrx_word' id='word_1_295' title='bbox 649 3673 744 3730; x_wconf 90' lang='lat' dir='ltr'>subici</span> <span class='ocrx_word' id='word_1_296' title='bbox 765 3683 882 3748; x_wconf 90' lang='lat' dir='ltr'>poterat</span> <span class='ocrx_word' id='word_1_297' title='bbox 903 3673 934 3731; x_wconf 91' lang='lat' dir='ltr'>in</span> <span class='ocrx_word' id='word_1_298' title='bbox 956 3673 1087 3750; x_wconf 87' lang='lat' dir='ltr'>generali</span> <span class='ocrx_word' id='word_1_299' title='bbox 1109 3673 1229 3730; x_wconf 89' lang='lat' dir='ltr'>notione</span> <span class='ocrx_word' id='word_1_300' title='bbox 1240 3672 1337 3728; x_wconf 74' lang='lat' dir='ltr'>neubi</span> <span class='ocrx_word' id='word_1_301' title='bbox 1348 3687 1391 3746; x_wconf 86' lang='lat' dir='ltr'>gs-</span> 
     </span>
     <span class='ocr_line' id='line_1_36' title="bbox 326 3753 1391 3839; baseline 0.003 -25"><span class='ocrx_word' id='word_1_302' title='bbox 326 3757 405 3815; x_wconf 87' lang='lat' dir='ltr'>neris</span> <span class='ocrx_word' id='word_1_303' title='bbox 427 3776 586 3833; x_wconf 88' lang='lat' dir='ltr'>pronomen</span> <span class='ocrx_word' id='word_1_304' title='bbox 610 3753 758 3838; x_wconf 72' lang='lat' dir='ltr'>(abrilis).</span> <span class='ocrx_word' id='word_1_305' title='bbox 785 3759 961 3834; x_wconf 65' lang='lat' dir='ltr'>Omnipotens·</span> <span class='ocrx_word' id='word_1_306' title='bbox 982 3753 1076 3839; x_wconf 88' lang='lat' dir='ltr'>(quod</span> <span class='ocrx_word' id='word_1_307' title='bbox 1098 3757 1187 3815; x_wconf 87' lang='lat' dir='ltr'>etiam</span> <span class='ocrx_word' id='word_1_308' title='bbox 1205 3758 1235 3814; x_wconf 88' lang='lat' dir='ltr'>in</span> <span class='ocrx_word' id='word_1_309' title='bbox 1248 3775 1305 3833; x_wconf 85' lang='lat' dir='ltr'>mg.</span> <span class='ocrx_word' id='word_1_310' title='bbox 1317 3756 1391 3817; x_wconf 65' lang='lat' dir='ltr'>(bat-</span> 
     </span>
     <span class='ocr_line' id='line_1_37' title="bbox 326 3841 1390 3925; baseline -0.003 -25"><span class='ocrx_word' id='word_1_311' title='bbox 326 3854 356 3900; x_wconf 91' lang='lat' dir='ltr'>et</span> <span class='ocrx_word' id='word_1_312' title='bbox 385 3863 401 3900; x_wconf 92' lang='lat' dir='ltr'>e</span> <span class='ocrx_word' id='word_1_313' title='bbox 429 3844 492 3901; x_wconf 91' lang='lat' dir='ltr'>cod.</span> <span class='ocrx_word' id='word_1_314' title='bbox 519 3844 595 3901; x_wconf 91' lang='lat' dir='ltr'>Mor.</span> <span class='ocrx_word' id='word_1_315' title='bbox 625 3853 783 3901; x_wconf 87' lang='lat' dir='ltr'>annotatur</span> <span class='ocrx_word' id='word_1_316' title='bbox 809 3864 863 3920; x_wconf 90' lang='lat' dir='ltr'>pro</span> <span class='ocrx_word' id='word_1_317' title='bbox 891 3841 1025 3925; x_wconf 79' lang='lat' dir='ltr'>sequitur)</span> <span class='ocrx_word' id='word_1_318' title='bbox 1053 3843 1131 3900; x_wconf 88' lang='lat' dir='ltr'>idern</span> <span class='ocrx_word' id='word_1_319' title='bbox 1158 3851 1203 3900; x_wconf 88' lang='lat' dir='ltr'>est</span> <span class='ocrx_word' id='word_1_320' title='bbox 1224 3842 1287 3900; x_wconf 85' lang='lat' dir='ltr'>fere</span> <span class='ocrx_word' id='word_1_321' title='bbox 1309 3851 1390 3915; x_wconf 79' lang='lat' dir='ltr'>atque</span> 
     </span>
     <span class='ocr_line' id='line_1_38' title="bbox 325 3927 1390 4004; baseline -0.003 -18"><span class='ocrx_word' id='word_1_322' title='bbox 325 3929 506 4001; x_wconf 81' lang='lat' dir='ltr'>acciditsive,</span> <span class='ocrx_word' id='word_1_323' title='bbox 529 3937 563 3986; x_wconf 90' lang='lat' dir='ltr'>ut</span> <span class='ocrx_word' id='word_1_324' title='bbox 573 3929 661 4004; x_wconf 85' lang='lat' dir='ltr'>paulo</span> <span class='ocrx_word' id='word_1_325' title='bbox 674 3939 742 4004; x_wconf 92' lang='lat' dir='ltr'>post</span> <span class='ocrx_word' id='word_1_326' title='bbox 763 3928 868 3988; x_wconf 87' lang='lat' dir='ltr'>Cicero</span> <span class='ocrx_word' id='word_1_327' title='bbox 890 3931 941 4000; x_wconf 88' lang='lat' dir='ltr'>ait,</span> <span class='ocrx_word' id='word_1_328' title='bbox 959 3932 1001 4002; x_wconf 78' lang='lat' dir='ltr'>fit,</span> <span class='ocrx_word' id='word_1_329' title='bbox 1025 3927 1390 4004; x_wconf 86' lang='lat' dir='ltr'>quiereiincomparatio·</span> 
     </span>
     <span class='ocr_line' id='line_1_39' title="bbox 326 4014 1391 4090; baseline -0.005 -20"><span class='ocrx_word' id='word_1_330' title='bbox 326 4033 392 4072; x_wconf 89' lang='lat' dir='ltr'>nem</span> <span class='ocrx_word' id='word_1_331' title='bbox 415 4014 558 4072; x_wconf 88' lang='lat' dir='ltr'>adductae</span> <span class='ocrx_word' id='word_1_332' title='bbox 580 4014 772 4090; x_wconf 86' lang='lat' dir='ltr'>exiguitatem</span> <span class='ocrx_word' id='word_1_333' title='bbox 795 4016 928 4089; x_wconf 89' lang='lat' dir='ltr'>sequitur</span> <span class='ocrx_word' id='word_1_334' title='bbox 949 4015 1116 4072; x_wconf 85' lang='lat' dir='ltr'>obscuratio</span> <span class='ocrx_word' id='word_1_335' title='bbox 1129 4023 1160 4072; x_wconf 89' lang='lat' dir='ltr'>et</span> <span class='ocrx_word' id='word_1_336' title='bbox 1169 4023 1319 4088; x_wconf 89' lang='lat' dir='ltr'>tamquam</span> <span class='ocrx_word' id='word_1_337' title='bbox 1332 4020 1391 4088; x_wconf 90' lang='lat' dir='ltr'>post</span> 
     </span>
     <span class='ocr_line' id='line_1_40' title="bbox 326 4097 1390 4180; baseline -0.004 -25"><span class='ocrx_word' id='word_1_338' title='bbox 326 4099 428 4157; x_wconf 81' lang='lat' dir='ltr'>oritrrr.</span> <span class='ocrx_word' id='word_1_339' title='bbox 457 4097 534 4180; x_wconf 83' lang='lat' dir='ltr'>(Cir.</span> <span class='ocrx_word' id='word_1_340' title='bbox 557 4117 632 4174; x_wconf 89' lang='lat' dir='ltr'>quae</span> <span class='ocrx_word' id='word_1_341' title='bbox 655 4100 692 4156; x_wconf 91' lang='lat' dir='ltr'>ad</span> <span class='ocrx_word' id='word_1_342' title='bbox 713 4101 739 4172; x_wconf 93' lang='lat' dir='ltr'>I,</span> <span class='ocrx_word' id='word_1_343' title='bbox 753 4101 793 4158; x_wconf 84' lang='grc'>32</span> <span class='ocrx_word' id='word_1_344' title='bbox 806 4101 885 4171; x_wconf 81' lang='lat' dir='ltr'>dixi3</span> <span class='ocrx_word' id='word_1_345' title='bbox 908 4101 1095 4172; x_wconf 82' lang='lat' dir='ltr'>LucretIII,</span> <span class='ocrx_word' id='word_1_346' title='bbox 1109 4097 1297 4178; x_wconf 69' lang='lat' dir='ltr'>secacum.)</span> <span class='ocrx_word' id='word_1_347' title='bbox 1324 4098 1390 4156; x_wconf 84' lang='lat' dir='ltr'>Mox</span> 
     </span>
     <span class='ocr_line' id='line_1_41' title="bbox 326 4180 1390 4262; baseline -0.005 -21"><span class='ocrx_word' id='word_1_348' title='bbox 326 4187 353 4241; x_wconf 83' lang='lat' dir='ltr'>in</span> <span class='ocrx_word' id='word_1_349' title='bbox 376 4187 456 4243; x_wconf 85' lang='lat' dir='ltr'>solem</span> <span class='ocrx_word' id='word_1_350' title='bbox 477 4185 540 4243; x_wconf 89' lang='lat' dir='ltr'>cod.</span> <span class='ocrx_word' id='word_1_351' title='bbox 562 4186 638 4242; x_wconf 89' lang='lat' dir='ltr'>Mor.</span> <span class='ocrx_word' id='word_1_352' title='bbox 661 4183 727 4262; x_wconf 92' lang='lat' dir='ltr'>[B].</span> <span class='ocrx_word' id='word_1_353' title='bbox 772 4185 881 4244; x_wconf 77' lang='lat' dir='ltr'>Addere</span> <span class='ocrx_word' id='word_1_354' title='bbox 903 4205 957 4262; x_wconf 88' lang='lat' dir='ltr'>pro</span> <span class='ocrx_word' id='word_1_355' title='bbox 979 4188 1085 4244; x_wconf 82' lang='lat' dir='ltr'>adicere</span> <span class='ocrx_word' id='word_1_356' title='bbox 1107 4205 1145 4242; x_wconf 88' lang='lat' dir='ltr'>ex</span> <span class='ocrx_word' id='word_1_357' title='bbox 1167 4185 1212 4241; x_wconf 90' lang='lat' dir='ltr'>ed.</span> <span class='ocrx_word' id='word_1_358' title='bbox 1224 4204 1268 4262; x_wconf 88' lang='lat' dir='ltr'>pr.</span> <span class='ocrx_word' id='word_1_359' title='bbox 1281 4180 1390 4241; x_wconf 87' lang='lat' dir='ltr'>transiit</span> 
     </span>
    </p>
   </div>
   <div class='ocr_carea' id='block_1_5' title="bbox 326 4265 1389 4435">
    <p class='ocr_par' dir='ltr' id='par_1_6' title="bbox 326 4265 1389 4435">
     <span class='ocr_line' id='line_1_42' title="bbox 326 4265 1389 4346; baseline 0.006 -20"><span class='ocrx_word' id='word_1_360' title='bbox 326 4269 363 4326; x_wconf 89' lang='lat' dir='ltr'>ad</span> <span class='ocrx_word' id='word_1_361' title='bbox 379 4270 460 4327; x_wconf 86' lang='lat' dir='ltr'>Man.</span> <span class='ocrx_word' id='word_1_362' title='bbox 471 4271 690 4346; x_wconf 84' lang='lat' dir='ltr'>proximosque,</span> <span class='ocrx_word' id='word_1_363' title='bbox 714 4281 816 4330; x_wconf 69' lang='lat' dir='ltr'>conae</span> <span class='ocrx_word' id='word_1_364' title='bbox 827 4272 910 4329; x_wconf 89' lang='lat' dir='ltr'>codd.</span> <span class='ocrx_word' id='word_1_365' title='bbox 922 4272 1050 4343; x_wconf 86' lang='lat' dir='ltr'>Marelii,</span> <span class='ocrx_word' id='word_1_366' title='bbox 1063 4271 1188 4343; x_wconf 85' lang='lat' dir='ltr'>Davisii,</span> <span class='ocrx_word' id='word_1_367' title='bbox 1201 4271 1251 4344; x_wconf 91' lang='lat' dir='ltr'>qui</span> <span class='ocrx_word' id='word_1_368' title='bbox 1263 4265 1389 4332; x_wconf 68' lang='lat' dir='ltr'>munet</span> 
     </span>
     <span class='ocr_line' id='line_1_43' title="bbox 327 4351 597 4435; baseline 0 -23"><span class='ocrx_word' id='word_1_369' title='bbox 327 4351 416 4426; x_wconf 73' lang='lat' dir='ltr'>Oxx,</span> <span class='ocrx_word' id='word_1_370' title='bbox 439 4354 516 4426; x_wconf 82' lang='lat' dir='ltr'>Gaii,</span> <span class='ocrx_word' id='word_1_371' title='bbox 534 4352 597 4435; x_wconf 89' lang='grc' dir='ltr'>[Β]</span> 
     </span>
    </p>
   </div>
   <div class='ocr_carea' id='block_1_6' title="bbox 0 0 1504 5044">
    <p class='ocr_par' dir='ltr' id='par_1_7' title="bbox 0 0 1504 5044">
     <span class='ocr_line' id='line_1_44' title="bbox 0 0 1504 5044; baseline 0 0"><span class='ocrx_word' id='word_1_372' title='bbox 0 0 1504 5044; x_wconf 95' lang='lat' dir='ltr'> </span> 
     </span>
    </p>
   </div>
  </div>
 </body>
</html>
