2920 5012
351 399 393 466 36
743 415 789 461 nn
810 413 944 462 uramus
966 413 1038 460 son.

351 588 411 665 ille,
432 587 512 652 bene
534 585 629 651 noris.
675 585 724 651 16.
752 583 822 649 Nisi
843 584 918 649 mihi
939 583 1131 663 Phaedrum,
1158 582 1298 664 inquom,
1319 583 1428 648 menti·

352 695 419 754 tum
446 695 501 754 eut
531 689 688 754 Zenonem
714 693 823 768 putas,
862 703 995 770 quorum
1022 691 1190 766 utrumque
1210 684 1328 765 audivi,
1362 703 1428 750 urm

423 931 443 978 l.
463 926 499 978 lu'c
518 929 575 993 (pro
593 928 650 991 oui)
669 925 735 978 LPc
753 924 810 975 mut
826 935 868 974 aut
886 923 1025 974 Phaedrum
1042 924 1163 989 pulclncm
1183 923 1204 972 E
1240 925 1342 974 meritum
1362 925 1382 973 P

442 1137 489 1194 16.
534 1135 599 1192 ntea·
608 1137 669 1192 onim
680 1127 852 1214 Phaedrum)
877 1133 950 1202 „Est
972 1151 990 1188 a
1001 1133 1066 1192 Pal.
1077 1142 1165 1190 notae
1177 1131 1307 1190 melioris
1324 1133 1421 1190 tribus

354 1233 413 1279 tres
436 1222 514 1279 cuim
537 1221 658 1296 reliqui:
682 1221 736 1277 Hic
756 1220 1004 1289 midiPlaedmm;
1027 1237 1096 1276 nam
1106 1219 1180 1276 Aldi
1201 1228 1301 1276 vetus:
1324 1219 1365 1274 loc
1382 1224 1428 1275 uis

351 1309 443 1366 miti.“
490 1306 578 1368 Grut.
622 1307 677 1363 Hic
698 1307 764 1361 mili
785 1304 876 1380 (Oxx.
891 1298 1094 1378 EU})sutlu'o
1110 1307 1163 1362 urai
1174 1305 1266 1360 vetium
1277 1305 1425 1362 Davisian

352 1403 383 1452 et
399 1391 607 1463 (loenensium,
631 1391 688 1448 etsi
710 1391 766 1448 hoc
787 1390 935 1466 posterius
958 1409 995 1447 ex
1018 1389 1099 1448 nullo
1121 1388 1294 1447 nominatim
1317 1391 1428 1448 citatur

351 1481 463 1537 Verum
486 1479 576 1536 habet
593 1477 682 1534 etiam
700 1476 763 1534 cod.
775 1475 880 1534 Morel.
893 1485 923 1532 et
934 1495 991 1552 mg.
1004 1474 1084 1535 Crat.
1096 1475 1249 1534 Victorius
1266 1477 1424 1533 annotavit

351 1568 405 1622 nisi
425 1575 453 1621 tu
466 1565 634 1634 Phaedrum,
658 1571 687 1619 et
709 1561 751 1619 sic
774 1561 875 1631 edidit,
899 1571 1075 1635 secutusque
1097 1560 1240 1618 Davisius
1263 1570 1316 1618 est.

438 1650 594 1707 Pomorum
605 1657 653 1704 utet
659 1647 805 1723 Zenonem)
818 1646 1008 1723 Coryphaeus
1014 1646 1228 1723 Epicureorum
1240 1646 1319 1703 illius
1328 1649 1428 1704 aetati

351 1735 490 1812 appellat.
525 1733 692 1792 Phaedrum
716 1732 835 1804 Cicero,
870 1742 903 1790 ut
925 1741 1048 1808 apparet
1070 1751 1108 1788 ex
1130 1732 1214 1790 XIII
1234 1729 1272 1788 ed
1299 1733 1381 1789 Fam.
1412 1737 1428 1790 1

350 1822 409 1878 iam
421 1841 496 1897 puer
507 1821 618 1878 Romae
631 1819 786 1876 audiverat
797 1828 827 1876 et
838 1828 942 1894 postea
957 1817 1095 1890 Athenis,
1125 1835 1189 1874 cnm
1213 1836 1289 1888 eum,
1307 1816 1428 1875 familia

351 1897 424 1964 riter
446 1925 514 1964 cum
525 1906 628 1964 Attico
646 1905 804 1974 viventem,
827 1912 861 1962 ut
878 1903 974 1960 virum
986 1904 1095 1960 bonnm
1114 1913 1144 1960 et
1155 1921 1275 1960 suavem
1286 1904 1428 1979 probaret

351 1993 400 2050 De
422 1992 518 2050 Attici
541 2010 611 2068 erga
633 2009 699 2047 eum
712 2009 811 2047 amore
835 1988 888 2046 cfr.
896 1989 947 2046 lib.
960 1990 998 2060 V,
1013 1989 1040 2044 3.
1065 1990 1193 2046 Phaedro
1204 1989 1271 2045 nitet
1281 1991 1428 2062 elepautius

350 2079 418 2135 nihil
440 2079 582 2135 humanius
604 2095 668 2134 esse
681 2076 789 2134 dicitnr
810 2076 848 2134 N.
862 2075 899 2133 D.
916 2076 942 2146 Ι,
956 2075 1005 2132 93.
1049 2073 1096 2132 Ex
1113 2074 1201 2132 huius
1212 2074 1341 2132 Phaedri
1359 2075 1428 2133 libr«

350 2151 518 2238 trepidetis
541 2162 702 2237 sumpsisse
725 2161 908 2232 Ciceronem,
931 2178 1007 2235 quae
1030 2160 1058 2216 in
1077 2160 1153 2216 libro
1175 2160 1270 2235 primo
1293 2160 1329 2216 de
1351 2161 1428 2219 NJ]

351 2247 387 2304 de
418 2247 543 2305 aliorum
571 2247 814 2323 philosophorum
849 2246 1002 2304 sententiis
1034 2245 1064 2302 in
1093 2245 1202 2303 Velleii
1229 2263 1356 2320 persona
1385 2267 1428 2306 ex

350 2343 509 2408 ponuntur,
532 2352 611 2390 nnnc
633 2343 714 2408 patet
737 2351 775 2389 ex
797 2331 931 2407 reliquiis
953 2330 1116 2388 Herculani
1138 2331 1279 2406 repertis,
1309 2350 1383 2404 ques
1409 2335 1428 2391 it

351 2416 514 2476 Germanis
542 2437 673 2476 seorsum
703 2417 795 2475 edidit
824 2418 1013 2474 Petersenius
1040 2417 1070 2472 in
1099 2425 1316 2492 programmate
1344 2417 1428 2478 Ham

350 2503 489 2580 burgensi
501 2522 528 2560 a.
541 2504 630 2560 1833.
653 2501 728 2581 [Eos
739 2513 837 2560 tamen
849 2503 989 2576 reliquias
1001 2503 1100 2578 potins
1111 2501 1278 2559 Philodemi
1289 2502 1359 2558 libri
1370 2522 1428 2580 περ

352 2579 501 2666 εὐσεβείας
518 2609 591 2660 esse,
614 2589 790 2665 Spengelius
811 2589 891 2646 1863
912 2597 942 2645 et
959 2587 1108 2664 Sauppius
1129 2589 1209 2645 1864
1224 2587 1428 2662 disputarunt.

350 2673 439 2730 Hune
462 2673 588 2749 denique
601 2675 769 2732 Phaedrum
793 2675 910 2731 nomine
933 2674 1041 2730 omisso
1065 2673 1197 2748 intellegi
1219 2673 1314 2730 voluit
1331 2672 1428 2730 Cicem

350 2757 427 2816 IN.
441 2759 478 2816 Ι).
503 2761 552 2828 58,
578 2761 628 2817 nbi
648 2778 725 2816 nunc
753 2759 828 2817 miro
850 2759 937 2816 modo
960 2759 1055 2816 locum
1086 2759 1149 2816 eius
1171 2759 1259 2815 homo
1283 2758 1369 2834 longe
1394 2760 1428 2818 di

351 2861 455 2901 versus
477 2847 647 2922 occupavit:
672 2847 758 2920 Saue
785 2849 853 2902 euim
875 2847 909 2902 de
937 2845 972 2900 L.
1006 2846 1122 2914 Croeso,
1144 2845 1282 2918 familiari
1309 2847 1355 2900 etto
1384 2853 1428 2904 tro

350 2931 442 2986 videor
474 2933 597 3003 atemere,
636 2951 696 2988 cum
730 2941 753 2988 te
787 2934 882 3004 topatio
916 2931 1035 2986 cornibus
1062 2932 1118 2986 sine
1146 2931 1225 2986 dubio
1247 2933 1392 3004 anteferret
1420 2951 1428 2988 e

347 3034 452 3090 paucos
474 3027 558 3074 tecum
580 3018 731 3092 Epicureos
753 3037 766 3073 e
788 3017 904 3074 Graecia
926 3025 1095 3090 compararet
1111 3025 1167 3072 etc.
1200 3015 1277 3072 Mire
1288 3013 1379 3074 Cotta
1405 3017 1428 3074 d

351 3101 474 3158 scientie
496 3102 701 3178 philosophiae
712 3102 877 3178 Epicureae
895 3111 999 3159 testem
1022 3101 1073 3158 dat
1094 3110 1241 3158 oratorem
1259 3101 1428 3160 lemanum

352 3205 440 3260 quem
462 3207 557 3263 neque
580 3189 610 3244 in
633 3189 727 3245 Bruto
738 3207 834 3262 neque
856 3187 886 3244 in
909 3187 993 3244 libris
1005 3187 1041 3246 de
1054 3197 1171 3244 oratore
1182 3186 1313 3263 Epicuro
1325 3186 1428 3246 isvisst

351 3272 526 3348 significatio
548 3274 610 3331 ulla
632 3285 686 3343 est,
710 3291 834 3348 eumque
857 3273 893 3329 de
916 3273 953 3330 iis
976 3273 1065 3329 etiam
1078 3272 1233 3348 Epicureis
1244 3272 1428 3332 iudicantem

351 3358 402 3432 qui
424 3359 453 3416 in
466 3357 596 3416 Graecia
618 3360 766 3428 viverent,
797 3377 921 3434 quornm
950 3357 1159 3434 paucissimos,
1195 3359 1219 3416 si
1248 3377 1428 3432 quemqnam

352 3443 440 3502 homo
463 3445 626 3502 consuleris
649 3454 749 3514 norat3
783 3444 856 3501 mire
885 3444 973 3501 etism
996 3443 1069 3500 dicit
1090 3443 1126 3500 de
1149 3443 1271 3502 Crasso:
1297 3446 1428 3516 familias

351 3530 411 3586 illo
433 3539 486 3600 tuo,
511 3539 661 3605 tamquam
683 3531 719 3588 de
741 3530 862 3587 homine
884 3538 997 3587 remoto
1020 3529 1091 3585 etin
1105 3530 1231 3603 quohoc
1245 3531 1428 3588 memorabil

351 3614 397 3671 sit.
447 3616 518 3692 lpse
540 3635 599 3674 vox
623 3619 719 3690 topatis
748 3615 909 3692 significat,
945 3614 1055 3673 Graeci
1083 3615 1210 3672 hominis
1237 3614 1380 3672 iudicium
1413 3637 1428 3676 e

350 3701 556 3759 auctoritatem
579 3700 715 3778 proferri.
750 3702 813 3759 lum
836 3719 938 3758 omnes
959 3701 1077 3757 Davisii
1106 3701 1200 3770 codd,
1223 3719 1324 3757 omnes
1342 3699 1428 3762 Oxx.

351 3787 430 3862 apud
453 3788 655 3858 MoserumA‚
679 3787 703 3846 C
727 3787 811 3864 (sane
834 3787 923 3844 etiem
945 3787 986 3857 B,
1010 3785 1137 3844 sirecte
1160 3787 1309 3862 inspectus
1332 3790 1428 3864 esset]

351 3872 457 3937 ceteri,
497 3873 560 3949 ipse
594 3872 873 3948 interpolatissimus
901 3871 1111 3948 Glogaviensis
1147 3890 1252 3929 nomen
1285 3871 1428 3932 omittunt

350 3957 436 4017 Unus
458 3959 582 4035 Rehdig.
605 3969 707 4035 aperte
730 3959 929 4016 coniecturam
941 3977 1048 4016 nomen
1067 3957 1268 4030 quaerentium
1291 3959 1428 4018 ostendit

351 4045 384 4100 de
407 4045 521 4107 Locutio,
544 4047 578 4102 de
604 4045 713 4102 Cunero.
745 4045 781 4101 In
810 4043 950 4102 Crassum
978 4043 1147 4100 incidebant
1176 4051 1297 4118 propter
1320 4043 1373 4100 III
1403 4045 1428 4104 d:

351 4127 433 4186 Orat
459 4131 507 4186 78.
530 4129 708 4200 Phaedrum,
732 4130 783 4204 qui
813 4129 925 4188 Romae
948 4127 1060 4200 fueret,
1095 4127 1200 4187 Cicero
1228 4128 1300 4186 satis
1323 4128 1428 4204 signifi

330 4206 447 4270 'cotum
471 4216 603 4290 putabet.
648 4217 796 4274 Zenonem
825 4234 884 4273 non
913 4233 976 4272 esse
1002 4212 1178 4271 familiarem
1206 4213 1290 4271 illum
1313 4214 1428 4274 Velleii

350 4297 532 4376 intellegitur
554 4321 591 4358 ex
615 4305 630 4372 ς
655 4303 704 4358 59.
739 4301 899 4360 Auriculus
920 4301 969 4358 hic
992 4319 1093 4374 senex,
1116 4301 1331 4376 Epicureorum
1354 4301 1428 4359 illim
