2928 5012
398 425 805 475 armanumroanr.
1123 411 1177 476 7·

89 595 221 675 hunduni,
247 595 456 661 damaim
477 603 603 679 egetur,
636 597 694 662 sed
715 601 839 662 tarnum
860 597 998 662 stadium
1018 601 1145 680 mmane

89 698 197 763 nnllam
226 716 356 780 operam
386 699 564 779 ponendam
594 699 626 763 in
653 717 692 764 eo
713 717 776 764 non
797 698 998 765 arbitrantm.
1043 699 1147 766 Erunt

89 800 177 878 etam,
208 807 239 866 et
257 799 291 866 hi
312 799 441 882 quidem
459 800 573 866 emditi
594 799 725 866 Graecis
752 800 882 882 littaris,
913 806 1147 868 oontemnentas

89 901 206 982 latinns,
239 902 293 986 qui
325 920 361 966 se
392 901 1024 985 dicantinGraedslagend'soperam
1053 903 1147 970 malle

88 1021 257 1070 munere.
314 1005 480 1070 Postremo
517 1005 639 1087 aliquos
670 1003 793 1071 futuros
826 1005 977 1088 suspicor,
1010 1005 1064 1088 qui
1096 1015 1189 1081 meh

88 1107 121 1169 sd
137 1107 207 1172 alias
227 1107 348 1172 litteras
370 1114 490 1188 vocant,
511 1125 610 1189 genus
622 1109 681 1173 hoo
697 1107 861 1187 scribendi,
883 1109 944 1172 etsi
961 1107 1002 1174 sit
1012 1108 1147 1190 elegans,

87 1227 222 1288 personae
242 1215 347 1275 tarum
369 1219 402 1276 et
423 1208 582 1292 dignitatis
604 1225 675 1274 esse
698 1215 819 1291 negent
864 1209 894 1274 2.
929 1209 1046 1276 Contra
1067 1229 1147 1294 quos

87 1327 177 1376 omnes
197 1312 362 1378 dioendum
381 1311 518 1378 breviter
534 1310 684 1377 existimo.
719 1311 914 1394 Quamquam
930 1311 1148 1394 philosophiae

86 1413 194 1493 quidem
213 1413 479 1495 vituperatonhus
500 1413 577 1479 satis
603 1431 790 1495 responsum
817 1419 867 1479 ost
893 1431 930 1479 eo
957 1413 1051 1494 libro,
1084 1433 1147 1496 qno

85 1515 198 1581 anobis
223 1515 421 1598 philosophia
442 1513 572 1581 defensa
603 1521 636 1580 et
667 1515 844 1582 collaudata
871 1522 933 1596 est,
966 1533 1036 1582 annm
1063 1521 1148 1582 esset
1169 1533 1212 1599 10

84 1625 214 1684 ansata
244 1625 277 1684 et
308 1617 486 1699 vituperata
512 1617 553 1682 ab
574 1617 752 1683 Hortensio.
809 1617 871 1696 Qui
901 1617 982 1684 liber
1013 1635 1083 1685 oum
1116 1623 1148 1684 at

85 1717 130 1784 tibi
147 1720 297 1802 probatus
316 1720 477 1786 videratur
499 1729 531 1786 ot
551 1719 606 1800 iis,
638 1738 719 1803 quos
741 1739 798 1804 ego
821 1739 915 1802 posse
936 1719 1073 1787 iudicare
1094 1739 1146 1788 ar·

142 1907 203 1957 hin
228 1926 256 1959 eo
279 1907 455 1974 panemo
508 1913 533 1958 8·
551 1906 571 1956 ἐπ’
585 1906 678 1972 quidem
695 1909 725 1958 M
772 1916 958 1974 contempnentes
985 1908 1010 1959 Δ
1037 1907 1145 1979 semper]

85 1975 279 2040 temdum
318 1975 690 2043 roplaosoptaanoooh
729 1993 757 2027 eo
837 1976 859 2026 P
896 1975 1030 2030 12.ιίιο

7 2133 9 2146 y
81 2167 201 2241 pollinam
221 2166 304 2244 esset)
326 2177 381 2226 tam
403 2187 457 2244 pro
479 2169 517 2226 ita
549 2167 581 2225 in
614 2168 701 2227 unico
730 2168 831 2226 codiee
854 2175 952 2226 ortum
974 2175 1019 2226 est
1041 2187 1079 2227 ex
1101 2187 1147 2226 se·

7 2245 8 2292 3
84 2254 170 2324 quenti
197 2254 298 2312 littera
318 2273 360 2324 πη
393 2263 423 2310 et
449 2253 551 2322 video,
579 2271 675 2330 nuper
701 2252 907 2330 Kreyssigium
939 2257 979 2311 ito
1011 2254 1147 2313 edidisse.

84 2337 134 2396 ssa
153 2340 201 2414 qni
224 2341 281 2398 hoo
304 2357 421 2415 quoque
443 2339 509 2397 loco
531 2339 628 2396 andini
650 2339 769 2398 volunt:
802 2357 885 2414 qoam
906 2341 960 2412 illi,
988 2340 1086 2415 quihus
1108 2350 1148 2398 to-

7 2473 8 2498 p
84 2433 130 2480 tmn
149 2425 195 2483 hoc
216 2426 353 2501 dispater,
375 2442 436 2482 non
456 2425 573 2496 vident,
601 2424 668 2483 illos
691 2443 750 2483 non
772 2425 881 2501 gradu,
903 2426 955 2484 sed
978 2443 1086 2502 genere
1108 2425 1147 2484 sb

7 2503 8 2516 ¹
83 2507 125 2578 iis,
155 2511 204 2586 qni
227 2529 306 2568 nunc
327 2518 608 2582 commemorantur,
632 2509 780 2586 separaum
812 2519 842 2568 et
865 2510 964 2568 obstat
984 2529 1147 2587 pronomen

7 4379 8 4396 Χ
80 4302 347 4380 spinetorum
369 4306 448 4368 (tua
473 4311 490 4366 2
514 4307 690 4384 repperisse,
714 4308 786 4366 alibi
809 4326 963 4384 nusquam.

7 4443 9 4478 l

7 4489 9 4518 l

83 2592 254 2654 interiectum
276 2597 355 2654 inter
376 2595 536 2672 partiendas
560 2603 590 2652 et
611 2596 744 2654 verbum.
775 2597 881 2671 Itaque
899 2597 972 2654 haee
991 2595 1091 2672 potius
1103 2605 1149 2654 est

83 2682 229 2754 mutantia,
262 2700 353 2756 quam
385 2682 474 2740 etiam
496 2679 569 2742 Otto
603 2681 756 2758 exposuit:
798 2681 869 2740 Non
896 2681 1011 2740 tamid
1038 2681 1148 2760 (ipsam

83 2771 148 2841 mm)
176 2767 398 2845 reprehendunt
429 2785 518 2842 quam
550 2766 638 2825 nimis
665 2785 804 2843 magnum
831 2767 976 2838 studium3
1008 2785 1064 2843 pro
1091 2767 1172 2826 hoo'

83 2849 163 2910 altaro
184 2853 318 2912 membro
340 2851 444 2912 Cioero
474 2853 585 2912 inflexa
616 2852 722 2910 leviter
750 2851 883 2912 oratione
917 2852 1043 2911 subiecit
1081 2851 1148 2910 illa:

83 2939 124 2993 ned
141 2947 243 2996 tarnem
263 2947 335 3012 eta,
362 2947 397 2996 nt
417 2939 511 3016 magis
533 2938 714 3014 exprimeret
735 2938 910 2996 sententiam
932 2947 963 2996 et
984 2937 1149 2998 orationem

83 3021 315 3083 adremeriorum.
347 3023 460 3081 Eadem
483 3024 625 3082 orationis
647 3023 743 3082 forma
765 3033 810 3082 est
832 3023 863 3082 in
885 3023 969 3081 Brut
993 3023 1049 3082 58:
1078 3041 1148 3098 qaae

84 3108 334 3186 (mutiloquentia)
362 3129 432 3168 nane
458 3111 567 3185 quodem
599 3129 651 3166 noa
674 3119 729 3167 tam
751 3119 790 3167 eet
811 3111 838 3166 io
856 3111 1013 3185 plara'oqm
1046 3111 1149 3168 meant

83 3198 326 3272 eminmmqaidam
347 3206 475 3266 maiores,
497 3215 550 3253 noo
572 3197 734 3270 loquamur,-
756 3195 806 3252 aad
826 3203 866 3252 est
887 3213 919 3252 eo
942 3197 1003 3252 auo
1025 3196 1148 3268 eloquen-

84 3281 345 3352 nummatam
367 3280 523 3358 mgmliost,
546 3299 606 3338 non
622 3289 684 3338 tam
702 3299 766 3340 esse
783 3279 1052 3354 suaviloquentiam
1070 3298 1149 3338 nuno

84 3362 305 3438 morosioribus,
338 3385 427 3441 qnam
453 3366 549 3442 ipsam
576 3365 753 3426 laudandam
781 3374 812 3424 et
838 3365 1045 3440 requirendam
1073 3383 1147 3424 esse.

83 3447 114 3506 Et
130 3452 159 3509 in
180 3452 240 3512 hoc
260 3452 326 3529 ipso
348 3452 426 3510 libro
448 3455 463 3524 5
490 3452 528 3510 10
555 3451 600 3510 sio
626 3451 716 3509 dixit:
743 3470 790 3510 neo
812 3471 873 3510 oum
893 3453 952 3510 ism
975 3460 1049 3510 tanto
1070 3469 1149 3527 opere

79 3552 188 3609 papate
208 3572 253 3581 -
274 3549 299 3596 at
325 3541 359 3596 iis
380 3540 493 3606 sanare,
525 3536 557 3596 id
579 3545 638 3609 est,
671 3557 755 3612 quam
781 3539 815 3595 ἦε
841 3539 949 3596 servire.
993 3537 1037 3596 Ut
1058 3536 1148 3608 edidi,

83 3625 237 3694 mamad,
253 3625 395 3700 seriptum
413 3635 459 3681 ast
474 3623 506 3680 in
527 3623 624 3680 Palat
636 3622 742 3699 primo,
761 3621 849 3700 [En]
867 3640 959 3700 marg.
971 3621 1051 3682 Crat
1085 3622 1148 3680 Non

83 3707 187 3777 dmm,
210 3709 291 3784 quod
311 3709 381 3767 inda
402 3727 423 3766 a
443 3708 579 3768 Victoria
599 3707 662 3768 fare
685 3709 796 3766 editum
818 3715 864 3766 ast
886 3708 918 3786 (a
940 3706 1043 3778 Gran,
1065 3707 1147 3780 Em,

83 3789 155 3864 Gaio,
179 3793 262 3872 Or.‚)
289 3813 384 3871 pravo
405 3794 505 3871 positu
527 3793 637 3870 (neque
659 3794 737 3852 enirn
760 3793 862 3852 divelli
884 3793 973 3851 dabat
993 3813 1045 3850 non
1068 3791 1147 3870 tom),

82 3889 134 3935 erat
147 3875 356 3952 invictos,
379 3877 476 3958 [Em,]
498 3877 624 3939 fortasse
646 3899 707 3937 uno
729 3887 760 3936 et
775 3879 870 3938 altero
887 3888 1056 3954 praeterea3
1078 3897 1148 3938 nam

82 3959 148 4022 Oxm
169 3966 207 4023 de
230 3966 325 4024 tribus
346 3974 454 4024 tacent.
509 3965 557 4050 Ex
579 3984 615 4023 eo
636 3974 708 4024 nata
729 3973 775 4023 est
801 3965 949 4042 scriptura
981 3964 1148 4042 vulgarium

82 4049 211 4123 somnum,
235 4071 274 4110 ex
296 4070 356 4127 qua
377 4051 520 4110 Davisius
541 4050 671 4110 faciebat
691 4071 744 4108 non
765 4053 796 4109 id
817 4061 880 4108 mm.

155 4138 183 4194 2.
228 4157 247 4196 a
280 4139 354 4195 sobri
382 4135 569 4214 philosophia)
603 4137 676 4194 Pto.
699 4157 717 4194 α
739 4137 813 4194 nobis
849 4135 953 4207 „multi
987 4134 1091 4212 scripti
1118 4142 1150 4194 et

81 4229 183 4280 ratores
210 4223 315 4294 enim,
342 4221 369 4281 si
391 4221 468 4282 Gaio
491 4222 608 4292 eredas3
642 4230 714 4300 puto
748 4241 815 4280 eum
839 4229 958 4298 praeter
979 4219 1042 4279 Erl.
1063 4221 1095 4280 id
1117 4219 1149 4279 iu
