2948 5024
324 465 368 511 nn
390 464 471 512 nnn.
493 465 556 513 mn.
579 466 601 514 v
623 465 696 512 cnr.
722 467 830 513 m-rr,
1056 447 1119 514 689

74 653 128 698 non
145 633 233 698 solum
261 632 334 715 quin
366 652 423 698 nos
449 631 628 714 diligemus,
661 634 719 698 sed
744 633 818 715 qiua
845 634 995 716 cuiusque
1019 633 1119 716 partis

75 741 185 800 naturae
204 742 236 799 et
256 734 288 798 in
310 753 441 816 corpore
463 740 496 799 et
516 735 547 800 in
569 735 673 800 animo
695 753 752 800 suu
769 753 910 817 quaeque
931 736 979 800 vis
1001 736 1051 816 sit,
1071 736 1118 801 id·

133 927 152 970 l.
169 920 299 988 [dilt'pornur
317 919 367 988 nh]
406 927 428 970 t.
447 929 482 972 est
500 922 556 988 (pro
573 921 614 986 sit)
634 922 653 972 C

71 1095 127 1170 ipse
153 1103 247 1170 aperte
270 1095 355 1152 dicit:
383 1095 491 1152 Etenim
512 1113 572 1152 cum
594 1114 682 1152 orreum
703 1105 802 1152 notura
824 1104 890 1152 totos
911 1115 940 1153 se
961 1097 1119 1172 etpeterzdos

66 1187 218 1256 pulemont,
240 1189 370 1258 totaque,
393 1198 470 1254 quas
490 1179 539 1238 hio
560 1180 739 1251 instituitur,
768 1180 928 1257 disputatio
956 1181 993 1237 ab
1016 1181 1118 1238 eodem

70 1284 174 1341 prorsus
193 1265 277 1323 initio
299 1265 400 1322 eadem
422 1265 536 1323 ratione
562 1266 593 1322 in
616 1265 747 1342 corporis
775 1275 804 1324 et
830 1266 920 1324 animi
948 1266 1120 1342 explicatio·

70 1371 128 1408 nem
148 1351 282 1408 dividitur
303 1361 391 1426 utque
413 1347 480 1421 illa,
513 1369 602 1426 quam
624 1369 648 1408 c.
672 1352 708 1408 lt
731 1359 761 1408 et
786 1351 823 1409 13
846 1351 985 1428 legimus,
1014 1362 1045 1409 et
1066 1352 1119 1409 sli-

68 1445 133 1512 quot
152 1435 217 1494 locis
239 1455 331 1512 prope
353 1437 383 1494 iu
406 1436 507 1493 eudem
530 1436 621 1494 verba
642 1436 774 1493 incurrit.
809 1436 868 1496 Sed
889 1437 940 1507 ibi,
963 1447 1119 1512 postquam

66 1524 100 1579 ad
121 1522 235 1579 virtutes
256 1522 347 1579 animi
369 1531 488 1578 ventum
511 1531 565 1594 est,
593 1521 629 1578 iis
652 1521 781 1578 brevitor
802 1523 973 1595 nominatis,
1007 1541 1121 1580 summa

64 1607 156 1681 eliqua
175 1607 357 1665 concluditur
377 1608 407 1685 (ξ
421 1603 488 1686 38),
511 1607 558 1664 hic
581 1606 662 1685 (inde
684 1625 702 1663 a
724 1606 807 1686 548)
829 1607 958 1679 uberius,
981 1607 1119 1682 quemad-

66 1693 172 1750 modum
194 1693 336 1750 virtntnm
354 1693 466 1750 semine
482 1701 513 1750 et
539 1692 624 1750 initia
644 1692 676 1749 in
698 1693 796 1750 animo
817 1692 923 1765 insint,
951 1693 1119 1768 exponitur.

64 1781 161 1852 ltnqus
179 1796 236 1835 non
259 1777 355 1836 minus
377 1779 449 1835 haec
476 1797 495 1835 a
522 1778 617 1853 prima
643 1777 894 1835 commendatione
921 1787 1043 1836 naturae
1067 1779 1119 1836 du-

61 1853 168 1934 cuntur,
189 1863 240 1920 sed
263 1863 341 1938 quod
362 1865 433 1921 Piso
456 1863 523 1934 §34
547 1863 671 1933 dixerat,
683 1863 839 1921 videndum
853 1881 926 1934 esse,
949 1882 1024 1939 quoe
1042 1873 1120 1922 osset

61 1948 179 2006 hominis
200 1958 315 2018 nature,
337 1949 368 2005 id
390 1967 455 2006 cum
479 1951 547 2019 §44
569 1949 675 2005 iterum
698 1948 740 2005 itu
762 1948 922 2024 posuisset,
944 1957 979 2006 ut
1000 1965 1118 2007 accura-

59 2036 159 2092 tiorem
179 2033 391 2109 expositionem
413 2035 599 2110 promitteret
620 2031 796 2114 (Intrandum
808 2035 856 2092 'est
877 2037 961 2108 ibitur
982 2067 1023 2076 —
1040 2037 1119 2110 ptui-

59 2132 101 2177 tus
119 2117 338 2198 pervidendum),
367 2137 444 2176 nunc
466 2119 636 2194 exequitur;
669 2119 700 2176 in
723 2118 794 2189 §45
823 2119 975 2196 paulisper
1002 2137 1118 2178 cursum

56 2205 259 2281 disputationis
279 2205 479 2280 interruperat
499 2205 660 2280 voluptatis
683 2205 801 2262 mentio.
844 2205 912 2263 Non
934 2214 1013 2262 recte
1030 2204 1120 2282 igitur

56 2291 103 2348 hic
125 2291 215 2347 oratio
226 2309 335 2348 novum
347 2290 499 2347 exordium
512 2290 599 2366 oapit,
617 2308 692 2364 quae
714 2307 780 2347 cum
806 2289 853 2360 iis,
870 2309 945 2364 quse
957 2295 972 2361 ς
985 2292 1025 2348 44
1042 2291 1120 2348 dicta

53 2384 131 2447 sunt,
142 2375 274 2451 proxime
281 2375 426 2433 cohaeret.
437 2376 565 2434 Videtur
570 2375 674 2433 Cicero
684 2393 744 2432 non
750 2375 821 2432 satis
832 2376 991 2433 attendisse
1002 2376 1040 2433 ed
1051 2395 1120 2434 con·

53 2461 245 2519 tinuotionem
262 2470 292 2518 et
308 2470 438 2518 tenorem
454 2461 661 2537 disputationis
673 2460 824 2530 Antiochi,
842 2479 929 2536 quum
940 2461 971 2518 in
983 2479 1120 2537 compen-

49 2547 132 2604 dium
143 2547 285 2604 mittebat.
298 2545 359 2624 [De
372 2557 401 2604 ut
412 2581 453 2590 -
466 2566 618 2603 moucomur
629 2545 692 2618 cir,
710 2563 785 2620 qnae
799 2546 878 2603 diota
893 2547 1008 2604 suntad
1020 2547 1044 2617 I,
1056 2544 1118 2624 lt]

135 2652 186 2689 suo
209 2651 332 2707 preceque
353 2636 393 2688 oie
414 2630 463 2709 sit)
486 2631 632 2706 Quoniam
654 2631 685 2687 in
707 2631 837 2707 singulas
849 2642 948 2706 partes
964 2632 1009 2688 vis
1020 2632 1119 2690 distri·

49 2717 161 2787 buitur,
185 2725 218 2775 ut
239 2735 321 2774 suam
345 2735 478 2792 quaeque
499 2717 615 2785 habeat,
644 2716 761 2773 videtur
782 2716 936 2774 dicendum
958 2716 1050 2774 fnisse
1068 2737 1120 2774 ouo

45 2807 187 2878 emurque,
212 2803 291 2876 quod
313 2803 449 2859 Bremius
471 2802 655 2876 requirebat;
677 2802 729 2859 sed
751 2802 858 2872 obstat,
882 2802 1039 2877 quodiam
1058 2801 1118 2860 dic·

44 2899 109 2945 tum
133 2898 180 2946 est
200 2891 329 2962 cuirmque
345 2891 450 2964 partim
472 2887 572 2962 itaque
583 2887 737 2946 Ernestius
749 2887 892 2944 maluerat
907 2907 958 2944 sua
976 2889 1118 2962 quaedum.

43 2975 164 3032 Neuter
186 2973 367 3043 meminerat,
391 2973 461 3047 quid
477 2971 615 3030 Dukerus
638 2973 675 3030 ad
691 2973 756 3030 Liv.
776 2973 931 3044 111,tt‚6
955 2972 1121 3048 scripsisset

40 3069 150 3115 contra
172 3060 199 3116 1.
210 3059 244 3116 F.
257 3058 456 3128 Gronovium3
479 3077 654 3132 quemquam
677 3058 830 3114 tractanda
852 3067 897 3114 est
911 3075 959 3114 res
976 3058 1064 3133 paulo
1076 3057 1121 3114 di⁴

38 3144 193 3217 stinctius,
217 3162 305 3219 qnam
327 3145 364 3201 nb
387 3163 422 3200 eo
438 3142 613 3202 factumest.
646 3142 724 3200 Nam
740 3161 805 3200 cnm
817 3141 916 3200 Latini
933 3151 1122 3201 consuessent

38 3230 70 3286 in
96 3229 304 3286 distribuendo
326 3248 373 3287 res
395 3248 594 3305 personasque
615 3229 692 3285 inter
714 3247 745 3284 se
767 3228 875 3285 relatas
897 3227 1120 3304 pronominibus

36 3335 109 3371 snus
133 3325 166 3372 et
188 3318 304 3390 quisque
325 3314 504 3390 significare,
534 3314 659 3389 primum
683 3314 770 3370 etium
792 3313 849 3384 ibi,
876 3313 927 3370 ubi
949 3313 1060 3387 aliquid
1083 3313 1119 3370 de

35 3400 170 3475 singulis
199 3401 288 3457 rebus
320 3400 491 3476 personisve
518 3399 746 3474 intellegendum
769 3417 833 3456 esse
854 3398 1057 3456 tantummodo
1078 3399 1121 3456 ita

35 3485 263 3560 significabunt,
287 3493 319 3541 ut
340 3504 376 3542 ea
397 3485 503 3542 divisio
525 3485 563 3541 ad
585 3485 680 3541 nullas
702 3484 776 3541 elias
803 3503 850 3542 res
879 3493 959 3541 certe
980 3484 1120 3540 distribu-

34 3571 121 3627 tione
147 3569 321 3640 referretur,
343 3579 441 3627 tamen
463 3590 528 3627 suus
550 3570 711 3640 addebant,
735 3587 859 3644 cumque
882 3569 926 3642 id,
955 3570 1001 3627 cui
1023 3587 1120 3646 grum·

32 3657 150 3713 metice
163 3657 385 3732 adiungeretur,
397 3674 454 3713 non
466 3655 598 3726 haberet,
620 3675 685 3712 suus
697 3659 811 3730 quisque
833 3654 934 3713 eodem
952 3673 1022 3712 casu
1035 3655 1120 3729 quasi

30 3759 90 3814 pro
115 3761 184 3799 una
206 3759 280 3799 voce
302 3741 525 3818 coniungebant.
569 3741 746 3798 Huiusmodi
768 3751 826 3812 est,
855 3741 932 3814 qnod
955 3739 1053 3797 bisin
1077 3749 1119 3796 ta·

31 3825 108 3882 buln
126 3827 328 3884 Heracleensi
340 3823 419 3905 (lege
431 3827 508 3884 Iulia
518 3825 639 3902 munic.)
662 3826 803 3902 scriptum
826 3835 870 3882 est
892 3823 933 3902 (v.
948 3826 987 3882 92
1000 3835 1030 3882 et
1045 3827 1119 3894 1013

29 3911 173 3969 libenter
203 3912 281 3969 enim
308 3912 337 3969 in
366 3911 419 3968 tali
445 3931 477 3968 re
505 3911 582 3968 aeris
609 3911 797 3987 lapidumque
830 3911 997 3968 testimonio
1025 3908 1120 3990 utor):

26 4015 106 4069 qrroe
130 3999 276 4073 stipendus
296 4001 324 4054 in
335 4001 431 4054 castris
442 4001 500 4054 inve
508 4001 647 4072 prouincia
658 3999 784 4054 maiorem
795 4005 903 4071 partem
920 3999 963 4052 sui
972 3999 1120 4070 quoiusque

25 4087 101 4138 anni
122 4086 247 4156 secerit3
282 4095 343 4140 tum
370 4082 422 4140 illa
443 4082 522 4159 apud
544 4081 715 4140 Ciceronem
737 4081 966 4153 Acad.11,19:
988 4084 1120 4138 insensi-

25 4167 82 4224 bue
107 4173 160 4225 eui
184 4172 315 4243 citiusque
333 4172 452 4243 pencris,
487 4180 517 4225 et
537 4168 626 4226 Tusc.
648 4169 703 4238 IV,
727 4168 782 4224 28:
816 4168 880 4224 baec
903 4169 1061 4242 proclivitas
1082 4168 1122 4224 ad

24 4271 113 4308 sirum
141 4256 276 4329 quodque
295 4274 388 4328 penus,
411 4263 441 4311 et
462 4253 541 4330 apud
563 4255 634 4312 Tac.
647 4255 726 4310 Anu.
744 4253 829 4320 XIV,
847 4253 902 4309 27:
924 4255 1062 4308 uniuersae
1084 4253 1120 4309 le·

19 4339 127 4407 pierres
154 4341 361 4397 deducebantur
381 4359 440 4396 curn
462 4340 575 4397 tribunis
597 4349 622 4396 et
643 4341 687 4396 sui
713 4342 841 4412 cuiusque
862 4339 965 4395 ordinis
986 4339 1121 4394 militibus.

22 4419 178 4496 (Vitiose
204 4425 395 4498 scriberetur,
423 4425 502 4500 quod
523 4424 658 4482 Bekkero
680 4425 710 4481 in
733 4432 859 4481 mentem
880 4423 997 4481 venisse
1024 4423 1122 4496 video,

883 4538 919 4594 44
