3028 5020
344 387 404 448 124
733 405 777 450 na
800 404 931 452 eminus
954 405 1024 451 nou.

341 573 427 652 ipsas
449 579 513 637 tam
536 574 733 655 expetendas,
756 591 849 655 quam
870 581 1003 661 nostras.
1020 581 1244 654 expeteremus
1267 591 1329 655 quo
1349 573 1426 638 loco

342 675 465 740 videtur
494 675 678 756 quibusdam
705 675 858 740 stabilitae
899 676 1051 741 amicitiae
1084 675 1246 754 vacillare,
1289 684 1426 740 tuentur

341 787 444 842 tamen
468 797 539 842 eum
560 777 661 842 locum
683 797 779 860 seque
800 779 902 858 facile,
924 791 960 842 ut
980 778 1054 843 mihi
1077 779 1213 856 videtur,
1241 778 1425 860 expediunt.

341 880 386 944 Ut
407 881 488 944 enim
510 879 651 960 virtutes,
672 882 713 945 de
734 881 847 962 quibus
869 888 943 945 ante
964 881 1080 946 dictum
1101 891 1164 959 est,
1186 882 1230 946 sic
1252 879 1425 946 amicitiam

304 983 324 1047 5
342 989 457 1064 negant
478 1001 571 1062 posse
593 1001 612 1046 a
633 983 793 1065 voluptate
814 983 981 1048 discedere.
1026 983 1106 1047 Nam
1133 1001 1203 1048 cum
1230 983 1365 1047 solitudo
1391 993 1427 1046 et

341 1085 406 1148 vita
428 1085 495 1150 sine
516 1085 621 1150 amicis
643 1085 826 1150 insidiarum
854 1094 886 1150 et
911 1096 1011 1150 metus
1039 1084 1133 1166 plena
1155 1086 1210 1162 sit,
1243 1084 1323 1150 ratio
1345 1084 1426 1164 ipse

341 1199 445 1252 monet
473 1187 624 1252 amicitias
652 1206 843 1268 comparare
866 1188 978 1269 qubus
1005 1187 1105 1269 pertis
1127 1185 1328 1252 confirmatur
1350 1187 1425 1250 ani·

337 1307 409 1354 ntus
432 1300 463 1354 et
485 1308 504 1353 a
527 1309 583 1370 spe
605 1290 827 1370 pariendarum
849 1289 1044 1370 voluptatum
1067 1289 1187 1370 emungi
1214 1309 1274 1354 non
1303 1297 1423 1370 potest.

341 1393 391 1456 til.
415 1394 518 1473 Atque
540 1399 575 1456 ut
597 1391 676 1469 odia,
698 1391 847 1470 invidiae,
881 1391 1109 1473 despicationes
1131 1393 1340 1457 adversantur
1362 1411 1424 1454 vo·

284 1497 324 1558 lo
341 1493 520 1574 luptetibua
544 1493 587 1558 sic
609 1494 762 1558 amicitiae
782 1514 844 1559 non
867 1494 958 1558 modo
975 1491 1121 1560 fautrices
1132 1493 1338 1570 fidelissimae,
1362 1494 1424 1557 sed

341 1597 436 1660 etiam
458 1595 627 1660 edectrices
660 1603 734 1660 sunt
766 1591 960 1676 voluptatum
993 1608 1057 1662 tam
1090 1596 1196 1661 amicis
1223 1613 1316 1677 quam
1345 1595 1424 1672 sibi;

413 1840 434 1887 1.
454 1835 532 1900 [ipsos
551 1835 600 1900 Al]
652 1839 674 1884 3.
695 1833 804 1884 videntur
821 1833 912 1882 antiit
967 1843 990 1885 t.
1010 1834 1121 1883 virtustl
1174 1843 1245 1883 antea
1264 1834 1283 1883 Ε
1302 1833 1422 1898 aupraL

342 1910 365 1954 ὁ.
379 1921 396 1952 α
411 1903 538 1967 volpem
553 1903 648 1954 PMCR
685 1907 707 1956 7.
720 1902 807 1981 [intonet
826 1901 872 1968 En]
923 1905 1074 1981 comitamur
1091 1901 1159 1981 [aff.
1194 1904 1286 1981 ananim
1304 1903 1340 1951 ad
1355 1919 1425 1966 spem

341 1981 362 2054 et
377 1989 433 2051 pot.
454 1971 519 2090 [ΑΗΕ
564 1977 588 2024 9.
610 1971 690 2039 [atquo
707 1971 767 2021 adea
785 1974 822 2021 A¹
850 1982 920 2035 atque
938 1971 996 2020 odeo
1005 1971 1052 2038 Αἱ]
1090 1971 1182 2020 ιιιυιᾉία
1202 1971 1288 2021 tPcR
1326 1977 1366 2023 li.
1385 1973 1424 2034 <s-

332 2051 456 2104 matrices
484 2062 494 2090 ·,

427 2253 479 2305 occo
502 2234 556 2288 loco
579 2233 683 2288 uidetur
705 2267 746 2273 -
768 2242 874 2288 tacentur
896 2241 982 2287 aetiten
1004 2233 1074 2306 etanta)
1102 2231 1193 2289 Recte
1204 2251 1325 2307 prorsus
1343 2233 1426 2290 inter

342 2337 373 2374 se
395 2316 563 2374 referuntur
585 2337 638 2391 quo
661 2327 690 2374 et
712 2339 779 2389 eacan,
803 2337 857 2374 nec
879 2337 932 2391 qao
953 2316 1125 2394 adiungitur
1147 2317 1423 2394 adpraecedentia;

341 2403 370 2460 in
393 2421 479 2476 quem
503 2420 631 2460 errorem
654 2421 721 2460 eum
743 2403 862 2477 quidem
884 2401 1065 2473 incidissent,
1088 2403 1255 2464 haeserunt.
1288 2404 1425 2461 Tantum

340 2487 429 2564 paulo
458 2488 558 2545 durior
586 2487 619 2544 tit
645 2489 787 2546 relativae
816 2499 847 2545 et
868 2489 1116 2545 demonstrativae
1139 2489 1302 2546 sententiae
1324 2499 1426 2544 trans·

341 2573 458 2648 positia,
482 2575 559 2648 quod
583 2592 653 2630 casu
675 2574 705 2630 in
727 2575 804 2630 hanc
826 2573 1062 2650 ambiguitatem,
1092 2573 1117 2631 si
1140 2585 1264 2648 quaest,
1288 2574 1425 2631 incurrit.

426 2662 609 2733 coagmentatur)
631 2660 806 2732 Coefimneter
822 2660 910 2716 etiam
929 2658 969 2737 [B
981 2657 1025 2737 et]
1035 2657 1113 2718 Gud.
1127 2661 1155 2730 2,
1169 2660 1246 2734 quod
1265 2679 1317 2735 per
1334 2679 1365 2716 se
1386 2661 1425 2716 de

341 2745 464 2802 consilio
487 2745 618 2820 intellegi
641 2755 766 2820 poterat,
789 2746 841 2802 sed
863 2745 962 2802 obstat
979 2755 1076 2820 potest.

428 2832 476 2886 67.
500 2851 581 2904 onnam
603 2831 667 2902 sibi)
689 2832 758 2888 Non
781 2849 851 2887 eane
873 2833 1010 2897 otezieitiim
1034 2830 1085 2887 sed
1107 2831 1280 2888 reflexivum
1291 2828 1426 2887 refertur

340 2916 377 2972 ad
400 2916 539 2972 latentem
568 2935 711 2990 personae
738 2916 853 2992 agentis
880 2916 1045 2986 notionem,
1080 2926 1113 2972 ut
1140 2916 1191 2972 sit:
1225 2921 1306 2972 aliem
1328 2916 1423 2984 solbet,

340 3002 594 3082 quemadmodum,
618 3019 684 3058 cuni
707 3003 784 3059 actio
807 3002 907 3075 aliqua
919 3001 1065 3058 infinitivo
1083 3001 1247 3076 significate
1259 3013 1312 3068 est,
1336 3001 1423 3058 nulla

340 3087 460 3143 definita
483 3105 623 3162 persona.
658 3089 686 3143 in
711 3088 864 3144 sententiis
886 3087 1011 3144 amtexie
1034 3087 1076 3144 sio
1098 3087 1208 3144 utimur
1229 3087 1311 3142 linita
1334 3088 1422 3144 verbi

339 3171 443 3231 foi-ma
473 3185 503 3229 ut
532 3175 632 3246 atiqma
659 3173 755 3230 audiri
778 3173 893 3230 dicatur
915 3171 1090 3248 (Wopkens.
1114 3172 1209 3229 Lectt.
1232 3173 1311 3230 Tull.
1335 3191 1363 3247 p.
1391 3177 1421 3230 2.

339 3259 482 3334 Heusing.
500 3258 624 3332 praefat.
647 3259 683 3314 ad
701 3258 751 3315 lib.
769 3259 804 3315 de
822 3257 881 3317 Off.
899 3277 926 3332 p.
945 3259 984 3314 36
1003 3259 1129 3332 Zumpt„
1152 3258 1241 3315 Beier
1261 3258 1298 3314 ad
1316 3256 1374 3315 Off.
1395 3260 1422 3324 1,

343 3345 411 3406 121.
435 3342 504 3420 [Gr.
517 3343 582 3400 Lat.
606 3344 695 3412 §388
719 3345 737 3400 b
760 3355 820 3400 not.
845 3341 905 3420 2]).
955 3343 1066 3400 Eodem
1096 3343 1182 3400 modo
1211 3344 1318 3400 dicitur
1339 3341 1422 3400 infre

339 3430 380 3494 ΙΙ,
405 3430 460 3486 78:
489 3449 581 3485 «innare
602 3441 642 3487 eat
664 3432 727 3486 vade
749 3431 822 3487 bonam
843 3432 1047 3504 aliquanaoffici
1061 3450 1142 3503 quam
1159 3433 1292 3494 antecedatis,
1314 3432 1423 3486 etitem

338 3516 377 3570 etl
398 3535 432 3570 se
464 3515 530 3570 m'lu'l
556 3536 589 3571 aa
617 3518 649 3571 iia
672 3517 816 3584 recitandam
850 3515 885 3572 de
925 3515 1039 3570 Inveni.
1073 3516 1103 3579 Ι,
1139 3515 1193 3571 97:
1226 3518 1320 3573 orcita.
1347 3536 1421 3588 qam

338 3611 386 3656 urat
408 3603 451 3656 evii
472 3601 579 3656 landem
600 3611 647 3656 md
658 3602 811 3658 adeor-comi
831 3603 1047 3675 aitttperatioama
1070 3603 1207 3658 contiueat.
1238 3598 1335 3677 [Orat
1357 3601 1420 3656 124

338 3688 377 3740 ad
387 3688 635 3742 cornamemdationem
646 3690 702 3755 etat}
714 3687 802 3743 Tusc.
820 3686 875 3755 IV,
890 3687 939 3752 26,
953 3684 1011 3744 Off.
1022 3686 1048 3754 Ι,Ι
1063 3686 1118 3752 99ς
1142 3686 1243 3743 dumus
1255 3703 1314 3742 non
1331 3704 1421 3760 prae-

338 3771 459 3827 cedente
482 3771 628 3828 infinitivo
650 3791 704 3846 pro
726 3773 813 3829 Rosc.
837 3771 919 3831 Com.
944 3773 998 3828 52:
1032 3775 1106 3845 qood
1127 3773 1179 3828 eibi
1194 3775 1309 3846 petitur.
1337 3773 1422 3828 alteri

338 3877 388 3912 non
411 3860 534 3929 anteitur.
578 3857 690 3914 Eodem
719 3857 806 3914 modo
828 3858 949 3932 ponitur
971 3878 1036 3913 ocus
1059 3857 1095 3913 de
1118 3858 1181 3914 Inv.
1206 3857 1230 3923 Ι,
1245 3857 1294 3927 30,
1318 3855 1378 3914 Off.
1391 3857 1418 3926 Ι,

342 3943 388 4010 17,
402 3943 439 3998 N.
453 3943 491 3998 D.
504 3943 529 4011 Ι,
546 3943 619 3998 122:
636 3953 788 4000 increatum
804 3945 947 4000 utilitatum
959 3963 1079 4012 acturum,
1097 3943 1162 4000 Liv.
1174 3943 1296 4010 XXIX,
1307 3941 1358 4013 37,
1370 3946 1418 4000 11.

338 4028 430 4084 Addit
443 4029 587 4102 quaedam
599 4029 798 4104 Nipperdeius
809 4029 846 4085 ad
858 4029 929 4086 Tac.
952 4030 1032 4085 Aun.
1044 4029 1090 4100 ΙΙ,
1105 4025 1169 4105 38.]
1192 4027 1344 4085 Interdum
1363 4048 1418 4104 pro

337 4114 478 4170 reflexivo
490 4114 609 4188 ponitur
621 4111 685 4189 ipse,
708 4125 742 4170 ut
758 4115 848 4190 Legg.
871 4115 913 4182 Π,
926 4115 981 4170 55:
1005 4115 1066 4170 mn
1089 4113 1192 4189 (ferias
1205 4113 1367 4188 denicalee)
1392 4119 1417 4171 iu

337 4219 381 4254 eoa
403 4202 460 4256 dies
482 4203 602 4272 conferre
624 4205 675 4260 ioca.
699 4210 727 4256 ut
749 4221 781 4256 ne
803 4203 887 4276 ipsius
910 4198 1005 4273 (eines
1027 4197 1131 4273 selbot)
1154 4219 1216 4256 nece
1229 4200 1356 4273 publicae
1372 4203 1418 4274 je·

338 4303 393 4338 mam
415 4289 482 4352 sinim
516 4285 762 4361 Wyttenbaehius
789 4285 916 4342 malebat
939 4289 1032 4354 tentiam
1062 4285 1121 4342 ibd.
1143 4285 1174 4356 Ι,
1197 4287 1251 4341 56:
1285 4305 1416 4342 autumem

338 4371 430 4424 tantm
454 4381 492 4425 est
515 4403 555 4410 -
579 4383 704 4427 tecturam
731 4375 820 4445 sequi,
849 4405 890 4412 —-
913 4372 943 4428 id
964 4382 1015 4434 eat,
1050 4372 1116 4426 aedit
1143 4381 1272 4444 qtaeaatom
1301 4374 1328 4427 iu
1359 4374 1418 4445 ἱρεο
