2938 5020
286 353 347 418 152
460 371 464 380 “
677 371 722 416 nn
744 371 877 418 ursinus
899 371 970 416 son.

285 539 485 604 stabilitatem
508 537 678 618 voluptatis
700 538 802 618 habet,
824 537 877 602 illa
899 547 1003 602 autem
1026 539 1171 618 voluptas
1193 537 1293 618 ipsius
1312 558 1366 602 re·

285 640 459 705 stinctionis
481 640 513 704 iu
535 647 620 702 motu
643 649 699 703 est.
745 640 808 704 Cur
829 641 931 720 igitur,
954 640 1089 720 inquam,
1113 658 1163 704 res
1185 647 1249 703 tam
1267 639 1365 703 dissi-

285 742 372 806 miles
394 743 503 806 eodem
525 740 648 804 nomine
669 741 831 821 appellas?
878 744 926 804 10.
950 741 1229 822 Quidpauloante,
1252 741 1367 822 inquit,

285 842 422 922 dixerim,
445 859 548 906 nonne
569 841 742 920 meministi,
765 861 833 906 oum
856 843 955 908 omnis
977 843 1067 907 dolor
1088 844 1247 908 detractus
1269 851 1366 920 esset,

246 944 409 1022 5va1iari,
432 961 492 1007 uon
515 941 622 1022 augeri
645 941 855 1024 voluptatem?
884 943 1008 1008 Mendai
1031 963 1115 1022 vero,
1136 945 1270 1024 inquam.
1300 945 1366 1009 Sed

285 1053 319 1108 tu
341 1045 420 1109 istuc
441 1044 519 1108 dixti
540 1045 619 1109 bene
639 1044 764 1124 Latine,
797 1063 908 1125 parum
931 1045 1032 1126 plane.
1076 1046 1258 1110 Varietas
1280 1045 1366 1110 enirn

283 1147 429 1236 Latinum
450 1146 578 1210 verbum
606 1152 667 1224 est,
695 1145 789 1227 idque
811 1147 939 1227 proprie
966 1146 1091 1228 quidem
1123 1148 1155 1210 ln
1182 1147 1366 1228 disparibus

283 1248 437 1312 coloribus
448 1246 570 1326 dieitur,
592 1249 647 1311 sed
669 1246 857 1312 transfertur
878 1248 910 1311 in
927 1249 1024 1312 miilta
1035 1249 1190 1330 disparia:
1213 1250 1366 1313 varium

282 1355 402 1431 poema,
425 1348 535 1412 varia
557 1349 666 1425 oratio,
688 1347 788 1412 varii
806 1368 917 1427 mores,
940 1348 1196 1428 varialortuna,
1215 1350 1366 1430 voluptas

373 1556 394 1603 l.
414 1551 484 1600 Iubet
507 1550 635 1616 voluptatis
658 1551 726 1601 lebet
746 1553 767 1600 R
793 1551 856 1602 Post
877 1551 948 1602 labet
966 1553 1014 1602 add
1044 1551 1118 1616 lupuit
1143 1552 1366 1620 [AJLPmcnor.

284 1624 306 1668 2.
327 1635 364 1669 res
382 1619 472 1669 orob
511 1628 630 1668 tamem.
652 1621 673 1668 R
719 1618 839 1687 [diffie-iles
858 1619 903 1688 Al]
960 1625 981 1668 6.
1003 1620 1067 1670 istud
1084 1623 1133 1670 Mt}
1186 1620 1269 1670 dursti
1285 1622 1367 1672 MOR

279 1705 366 1752 param
384 1703 433 1736 orn.
453 1687 498 1736 PR
569 1685 647 1755 [plene
665 1685 711 1755 ΔΙ]
785 1693 807 1738 7.
827 1689 950 1754 proprium
973 1689 994 1740 C
1017 1689 1111 1752 quidem
1133 1705 1196 1738 mors
1215 1689 1316 1753 poribus
1340 1691 1366 1739 E

283 1761 298 1804 9
328 1754 401 1823 [pene
423 1770 469 1820 pro
483 1761 570 1822 pedone
588 1755 635 1822 A']

288 1991 292 2000 ,
369 1929 508 1986 Restioete
529 1927 610 2003 enim)
634 1927 684 1988 Sic
707 1928 795 1985 etiam
819 1928 897 2004 Spir.
920 1939 950 1986 et
972 1927 1051 1988 Gnd.
1076 1931 1104 2000 2,
1129 1949 1186 2005 mg.
1216 1929 1307 2001 Cret,
1331 1941 1366 1988 et

281 2013 456 2070 inpeditum
479 2012 740 2072 teciteaGrutero
753 2023 782 2070 et
794 2014 927 2070 Davisio.
971 2013 1132 2072 Exciderat
1149 2019 1217 2072 enim
1234 2017 1263 2071 in
1287 2035 1365 2072 non-

282 2097 386 2169 nullis,
415 2099 499 2154 utin
523 2099 587 2155 cod.
611 2099 689 2155 Vict.
722 2099 796 2156 Inde
818 2119 880 2154 nam
903 2102 1029 2156 restincto
1051 2101 1131 2158 Oxx.
1154 2101 1242 2177 Eup,
1278 2099 1364 2159 Gud.

286 2185 313 2253 1,
335 2183 415 2254 Bas,
439 2183 552 2258 aliquot
574 2182 639 2239 edd.
662 2193 732 2240 vett.

368 2271 512 2342 voluptatis
534 2266 625 2346 babet)
648 2267 735 2341 Quod
757 2267 847 2344 vulgo
869 2268 987 2324 additur
1009 2272 1108 2342 z'aqmt,
1137 2269 1247 2327 omittit
1268 2269 1364 2328 etiarn

282 2351 370 2427 Spu,
394 2370 447 2408 nec
469 2353 586 2410 videtur
608 2353 650 2410 sic
678 2372 694 2408 e
716 2353 812 2427 prima
834 2353 981 2410 sententie
1002 2354 1099 2426 (brimo
1126 2357 1179 2410 olio
1199 2356 1305 2428 penore)
1328 2356 1364 2412 in

281 2438 405 2494 alteram
428 2437 574 2495 causalem
597 2437 668 2494 reici
690 2439 831 2514 potuisse.
855 2438 1025 2518 (Repetitur
1047 2439 1076 2495 in
1098 2440 1193 2496 altere
1214 2441 1367 2498 sententie

281 2533 349 2579 ente
377 2521 545 2580 vocativum
567 2523 584 2580 Ι
605 2523 644 2579 N.
667 2524 710 2581 D.
737 2525 784 2580 17.
835 2522 924 2581 Alina
958 2532 1026 2580 sunt
1058 2525 1189 2600 generis,
1223 2543 1299 2599 quae
1321 2527 1366 2583 ad

283 2607 342 2678 ΠΙ,
367 2608 406 2664 20
429 2609 670 2680 annotabuntur.)

371 2693 418 2749 10.
440 2712 525 2749 mone
535 2693 687 2771 reanimati)
709 2693 777 2750 Non
790 2691 1024 2767 improbabiliter
1035 2693 1185 2750 Bromius:
1208 2713 1259 2750 iaori
1271 2699 1365 2752 noemi·

282 2781 353 2848 m'sti,
377 2777 402 2834 si
425 2777 511 2834 modo
534 2786 645 2834 certum
669 2786 728 2848 est,
751 2777 874 2835 Latinos
896 2777 927 2833 id
949 2787 1118 2835 constanter
1140 2789 1256 2836 secutos
1279 2798 1365 2850 esse,

283 2863 361 2936 quod
384 2862 511 2937 primum
533 2863 675 2931 occurrit,
699 2872 732 2920 ut
754 2882 837 2918 iaoiane
860 2873 920 2918 tum
944 2862 1068 2934 dicatur,
1092 2881 1157 2920 cum
1180 2863 1365 2922 affirmatum

282 2947 394 3020 aliquid
405 2947 440 3003 iri
453 2957 598 3022 putemus,
622 2968 682 3013 aori,
706 2966 772 3004 cum
784 2957 958 3022 quaerentes
970 2947 1148 3005 admiremur
1164 2949 1276 3022 aliquid
1300 2969 1363 3007 non

283 3032 355 3088 fieri.
400 3033 466 3089 Hoc
489 3033 567 3088 enim
589 3034 759 3106 Torquatus
781 3032 866 3089 dicit:
888 3034 1016 3088 oblitusne
1038 3051 1081 3100 ειη
1105 3033 1156 3090 cfr.
1179 3034 1268 3108 paulo
1291 3045 1364 3110 post

282 3121 297 3187 ἕ
324 3119 376 3174 16:
405 3118 445 3173 Tu
467 3151 509 3158 —
532 3137 584 3174 aron
607 3120 680 3174 eides
702 3127 764 3175 -ἕ
808 3117 866 3175 Sed
889 3116 1009 3174 difficile
1032 3127 1076 3174 est
1098 3118 1253 3191 iudicium,
1287 3138 1365 3193 quo·

281 3202 360 3258 niam
382 3203 412 3259 in
436 3203 500 3278 ipso
523 3223 555 3259 oe
576 3222 594 3260 a
616 3213 717 3260 nostro
740 3221 827 3260 sensu
850 3202 1005 3259 discedunt
1025 3203 1139 3274 Latini,
1168 3222 1234 3260 cum
1257 3203 1365 3262 dieunt

283 3287 370 3344 Estne
395 3297 424 3343 et
446 3286 563 3344 similia.
607 3288 647 3344 Et
658 3288 796 3344 videntur
819 3287 963 3344 interdum
986 3287 1017 3344 in
1040 3288 1092 3344 illa
1114 3305 1230 3363 quoque
1242 3289 1363 3348 ratione

280 3392 364 3428 iiooae
386 3371 511 3442 dixisse;
544 3382 623 3428 certe
652 3373 753 3430 eedem
776 3372 942 3447 corrigendi
964 3373 1124 3430 necessitas
1152 3383 1181 3430 et
1208 3374 1281 3430 alibi
1303 3375 1365 3433 erit

281 3467 310 3512 et
332 3457 380 3513 liic
402 3456 479 3513 libro
503 3459 544 3528 V,
570 3459 624 3514 86:
658 3457 752 3514 bovina
780 3461 861 3531 opiter
889 3458 936 3513 tibi
962 3459 1099 3526 ederetur,
1133 3462 1232 3532 linquit,
1266 3463 1363 3517 mode?

280 3541 357 3598 Nam
381 3541 438 3598 boe
460 3541 545 3599 dicit:
568 3541 672 3600 Credis
694 3543 785 3620 igitur
806 3561 865 3600 non
888 3561 952 3600 esse
975 3541 1072 3598 mele?

366 3629 433 3683 istnc
455 3627 539 3705 (libel)
561 3629 642 3684 Ietrcd
652 3629 743 3698 Mam,
766 3627 889 3698 Lbinus‚
912 3625 1006 3685 Gzius
1018 3628 1106 3684 tacite
1125 3623 1170 3708 (et
1181 3627 1264 3684 codd.
1276 3628 1361 3687 Oxx.

280 3707 378 3790 sup).
422 3711 504 3768 Diali
525 3712 606 3769 dedit
627 3713 721 3783 Viet.,
751 3721 813 3770 turn
836 3710 923 3770 Grut.
952 3712 1054 3769 ePal.
1081 3715 1113 3784 1,
1147 3721 1177 3770 et
1198 3723 1363 3772 tenuerunt

280 3797 384 3866 ceteri3
417 3796 507 3852 habat
533 3797 623 3854 etiam
646 3797 723 3872 SpIr.
753 3795 848 3876 (Oxx.
871 3797 946 3872 EUx
972 3793 1089 3878 (iecisti.)
1132 3797 1223 3855 Nolui
1247 3798 1361 3871 delere,

280 3882 357 3954 quod
380 3881 444 3938 fieri
466 3890 573 3956 potest,
596 3882 714 3957 etipse
737 3881 842 3941 Cicero
865 3882 1029 3956 scripserit3
1058 3883 1113 3940 etsi
1136 3883 1160 3940 si
1183 3884 1209 3940 is
1231 3902 1267 3940 ea
1289 3902 1361 3960 syn-

280 3983 354 4040 copa
376 3966 406 4022 in
429 3967 577 4040 loquendo
600 3976 630 4024 et
652 3967 807 4024 scribendo
818 3986 889 4024 usus
911 3976 965 4037 est,
989 3977 1040 4024 aut
1052 3977 1221 4026 constanter
1238 3969 1268 4025 id
1285 3967 1362 4027 fecit

279 4061 330 4107 aut
359 4051 463 4108 saltem
491 4052 608 4126 saepius
636 4071 724 4126 quam
753 4053 846 4110 tribus
869 4061 1045 4126 quattuorve
1073 4052 1146 4109 locis
1170 4051 1234 4130 (hio
1256 4062 1285 4110 et
1308 4055 1360 4114 111

279 4135 318 4191 N.
341 4137 380 4193 D.
404 4137 444 4192 23
467 4147 497 4193 et
518 4137 556 4193 ad
577 4139 642 4193 Alb
665 4137 703 4207 V,
729 4137 757 4208 9,
788 4138 815 4209 2,
843 4137 935 4203 XIII,
960 4138 1009 4208 32,
1031 4137 1063 4206 3;
1087 4158 1140 4214 pro
1164 4137 1292 4197 Caecina
1315 4141 1358 4196 82

278 4238 337 4275 non
365 4220 511 4295 reperitur
539 4221 611 4278 haee
638 4221 735 4278 forma
767 4222 798 4278 in
831 4222 981 4279 codicibus
1014 4221 1231 4295 Ciceronianis,
1265 4223 1317 4281 sed
1340 4244 1359 4281 e

279 4303 454 4376 Quintiliani
479 4306 628 4363 codicibus
656 4307 842 4380 arcessitur);
875 4326 942 4363 nam
966 4307 1087 4382 proprie
1109 4325 1212 4382 cause,
1236 4327 1288 4365 cur
1308 4308 1359 4367 his
