2944 5040
481 453 653 500 excussus
672 453 725 500 vu.
1079 435 1142 500 843

160 625 215 684 Sed
226 625 312 684 video
333 626 405 684 mihi
427 625 691 684 contrastahrium
714 626 802 702 paulo
824 625 909 701 plura
932 645 995 682 esse
1017 625 1141 682 dicenda

92 721 190 787 propter
211 712 240 768 id
263 711 418 775 iudicium,
452 713 530 786 quod
560 711 596 768 de
619 711 762 770 Cicerone
784 711 813 768 in
837 711 915 768 omni
943 712 998 767 hae
1021 731 1052 768 re
1073 711 1140 768 feci.

91 797 152 853 llam
173 797 196 854 is
218 798 248 854 in
272 817 306 854 eo
329 797 414 865 libro,
438 817 524 871 quem
536 797 711 872 aliquotiens
723 796 871 854 nominavi
885 795 930 875 (ll
944 817 971 872 p.
982 797 1041 854 134
1054 801 1140 874 sqq),

89 883 160 958 longa
179 884 311 940 oratione
334 893 504 959 persecutus
523 893 581 954 est,
605 901 691 957 quam
715 893 851 939 accurata
874 883 1002 958 cognitio
1025 881 1141 940 Aristo-

90 969 143 1025 telis
162 969 362 1044 philosophiae
393 979 423 1025 et
450 969 591 1026 librorum
620 968 650 1025 in
674 968 816 1026 Cicerone
842 967 946 1037 fuerit,
981 968 1141 1042 eademque

88 1055 187 1128 repetiit
208 1055 238 1110 in
261 1053 355 1120 altero
367 1053 442 1110 libro
465 1053 657 1134 (Aristoteles
669 1053 717 1110 bei
729 1054 785 1109 den
797 1054 935 1123 Rbmern,
954 1053 1033 1128 Lips.
1051 1054 1141 1120 1834,

87 1140 249 1214 p.32sqq.).
275 1141 384 1198 Verum
407 1159 510 1216 parurn
533 1151 617 1196 caute
640 1159 701 1196 rem
724 1139 870 1196 tractavit.
893 1158 985 1215 prope
996 1148 1029 1196 ut
1040 1158 1142 1196 nume·

86 1237 151 1281 reret
171 1235 294 1294 tautum,
318 1225 452 1299 quotiens
464 1235 631 1300 quantaque
654 1243 719 1282 cum
732 1225 818 1281 laude
832 1224 937 1283 Cicero
948 1225 1140 1282 Aristotelem

86 1311 256 1368 nominasset.
301 1313 348 1368 Ac
371 1311 496 1386 primum
519 1311 628 1368 oblitus
651 1323 703 1368 est.
726 1328 908 1367 communem
926 1311 1070 1384 quandam
1089 1329 1141 1366 no-

86 1396 165 1453 titiam
185 1415 283 1453 rerum
306 1397 343 1452 ad
366 1397 539 1454 Aristotelis
566 1397 672 1466 vitam,
696 1396 806 1467 studia,
841 1396 950 1469 scripta
977 1395 1076 1470 aliqua
1103 1413 1141 1451 ex
1208 1407 1218 1422 ·

84 1493 154 1556 parte
175 1483 381 1558 pertinentium
405 1482 435 1538 in
458 1501 502 1545 eo,
526 1481 576 1556 qui
593 1482 788 1557 posteriorum
800 1481 1052 1556 philosophorum,
1075 1499 1141 1537 ore·

85 1577 176 1639 torum,
199 1568 404 1624 historicorum
428 1567 611 1626 Graecorum
633 1567 725 1624 libros
742 1566 869 1642 legisset.
892 1575 922 1622 et
933 1585 998 1623 esse
1010 1565 1140 1640 potuisse

83 1662 106 1708 et
125 1654 286 1710 necessario
309 1671 372 1710 esse
395 1653 540 1712 debuisse.
564 1653 679 1709 etiamsi
702 1653 766 1728 ipsa
776 1651 947 1709 Aristotelis
970 1669 1061 1727 opera
1078 1670 1139 1708 om-

82 1739 141 1795 uino
162 1757 219 1796 non
242 1739 395 1814 attigisset.
429 1739 534 1812 Itaque
557 1739 635 1813 quod
647 1738 752 1796 Cicero
765 1737 956 1794 Aristotelem
968 1737 1141 1812 Theophra·

81 1835 204 1898 stumque
226 1825 345 1881 Platoni
368 1825 521 1881 adiunctos
544 1843 608 1880 cum
627 1823 808 1899 principibus
826 1823 993 1898 tragoediae
1006 1821 1140 1880 Graecae

81 1920 233 1985 comparat.
267 1910 345 1984 quod
373 1929 423 1967 eos
446 1909 661 1985 philosophiam
684 1927 749 1965 cum
773 1908 956 1982 eloquentiae
985 1907 1141 1984 disciplina

79 1996 256 2053 coniunxisse
280 2004 388 2064 narrat,
412 1995 490 2069 quod
513 1995 749 2071 Theophrastum
763 1994 874 2059 eadem,
898 2012 973 2068 quae
990 2003 1058 2050 ante
1070 1993 1140 2050 Ari-

80 2082 190 2138 stoteles
213 2091 383 2152 tractasset,
415 2090 598 2155 persecutum
622 2099 686 2137 esse
709 2080 826 2142 scribit,
861 2079 939 2154 quod
962 2079 1140 2136 simultatem

77 2167 239 2224 Aristotelis
262 2177 293 2223 et
314 2166 452 2224 Isocratis
464 2175 683 2236 commemorat,
706 2185 743 2222 ex
755 2165 801 2222 his
813 2165 1015 2238 similibusque
1028 2164 1140 2232 (Stabr.

78 2271 101 2326 p.
126 2255 183 2310 144
205 2252 283 2327 sqq.)
317 2271 352 2308 ue
375 2251 447 2308 illud
471 2251 587 2326 quidem
611 2260 851 2326 consequeretur,
885 2249 942 2306 nisi
964 2249 1023 2306 alia
1044 2257 1143 2306 essent

79 2339 196 2396 certiora
217 2338 334 2408 indicia,
358 2337 530 2396 Ciceronem
552 2337 699 2394 rhetorica
709 2335 882 2393 Aristotelis
905 2335 1014 2410 scripta
1026 2335 1140 2410 legisse.

77 2423 165 2480 hlulto
188 2423 283 2481 minus
307 2443 344 2480 ex
367 2442 415 2492 eo,
445 2423 522 2496 quod
545 2423 730 2479 temerariam
743 2421 902 2491 Antiochi,
926 2421 1058 2496 magistri
1086 2419 1140 2490 sui,

77 2510 168 2566 omnia
190 2507 381 2584 exaequantis
404 2508 577 2568 sententiam
600 2527 688 2584 saepe
710 2517 740 2564 et
761 2508 887 2564 libenter
908 2507 1045 2582 probans,
1068 2505 1142 2563 nihil

76 2593 147 2652 inter
170 2594 360 2652 Aristotelem
383 2603 413 2650 et
435 2595 633 2652 Xenocratem
663 2602 751 2668 atque
780 2593 969 2650 Polemonem
999 2592 1141 2648 iuteresse

77 2681 173 2738 scribit
195 2681 335 2754 (p.146),
359 2680 519 2739 conficitur.
544 2699 609 2736 eum
629 2679 751 2736 multum
774 2697 880 2754 operae
893 2677 1065 2734 Aristotelis
1077 2676 1142 2752 phi·

75 2764 221 2841 losophiae
244 2766 430 2842 impendisse.
458 2765 573 2821 Deinde
587 2763 829 2838 Stahriusneque
851 2763 1026 2823 idattendit.
1052 2763 1143 2819 multa

76 2851 240 2908 Aristotelis
263 2852 298 2908 de
322 2852 420 2909 multis
443 2852 530 2907 rebus
552 2849 675 2920 iudicia,
702 2868 864 2925 quaecum
888 2849 1025 2906 universa
1048 2848 1142 2923 pbilo-

74 2938 175 3012 sophia
195 2957 255 2994 non
278 2937 482 3006 cohaererent,
516 2936 558 2993 sie
581 2955 633 3011 per
654 2936 776 2992 aliorum
799 2935 891 2992 libros
913 2953 1015 3010 sparsa
1041 2933 1146 3002 fuisse,

75 3032 104 3078 ut
132 3041 167 3079 ea
188 3022 292 3082 Cicero
325 3033 353 3079 et
382 3041 490 3098 ponere
519 3031 548 3078 et
575 3021 612 3078 ad
635 3021 827 3078 Aristotelem
856 3030 1005 3077 auctorem
1032 3017 1143 3075 referre

73 3119 181 3181 posset,
203 3109 318 3165 etiamsi
341 3108 403 3184 ipse
427 3127 462 3164 ea
484 3127 521 3164 ex
544 3107 607 3164 eius
630 3107 712 3163 libris
736 3125 794 3163 nou
807 3114 942 3166 sumeret.
966 3105 1046 3161 velut
1058 3104 1141 3174 illud,

73 3194 153 3266 quod
173 3195 188 3252 I
210 3195 245 3250 de
268 3193 306 3251 N.
324 3195 362 3250 D.
382 3194 439 3253 107
464 3193 571 3268 legitur
593 3193 629 3248 de
652 3191 771 3268 Orpheo
793 3199 882 3268 poeta
909 3191 958 3270 (ac
981 3203 1077 3248 tamen
1101 3199 1143 3246 te-

74 3279 136 3336 neri
160 3279 255 3341 velim,
279 3299 324 3336 me
347 3299 405 3335 nou
428 3277 584 3348 affirmare,
607 3279 637 3334 in
661 3277 716 3334 hoc
738 3278 802 3352 ipso
819 3277 955 3352 exemplo
978 3275 1142 3334 italactum

72 3361 162 3442 esse),
183 3384 278 3439 neque
301 3373 393 3422 tenet.
428 3364 478 3439 qui
503 3363 654 3423 Ciceronis
677 3382 740 3420 mos
762 3363 792 3420 in
815 3362 981 3420 huiusmodi
1003 3362 1091 3418 rebus
1114 3369 1144 3416 et

74 3461 205 3508 veterum
227 3450 451 3507 auetoritatibus
474 3449 736 3506 commemorandis
758 3447 856 3505 fuerit.
890 3449 983 3508 ,Nam
1007 3466 1071 3504 cum
1095 3445 1145 3504 Ci-

72 3553 141 3592 cero
163 3535 223 3594 fere
245 3537 275 3592 iu
298 3535 421 3612 singulis
443 3535 526 3593 libris
537 3535 738 3608 librorumque
761 3534 894 3610 partibus
917 3533 1144 3606 unamaliquam

72 3620 176 3678 ducem
198 3633 377 3696 sequeretur,
401 3640 445 3692 ea,
468 3639 543 3695 quae
565 3620 643 3695 apud
666 3620 802 3677 bunede
825 3630 956 3676 veterum
979 3619 1063 3675 libris
1080 3637 1145 3674 sen·

73 3707 231 3782 tentiisque
254 3715 433 3782 reppererat,
457 3706 628 3782 saepissime
651 3705 725 3763 fidus
737 3706 882 3781 interpres
905 3705 965 3762 suis
988 3722 1144 3762 suarumre

71 3811 263 3865 personarum
286 3792 384 3850 verbis
406 3792 498 3868 pouit.
532 3792 642 3849 Notavi
655 3792 711 3849 hoc
726 3792 756 3848 iu
768 3810 827 3848 uuo
840 3791 976 3866 exemplo
987 3791 1024 3846 ad
1036 3791 1050 3848 l
1055 3791 1091 3860 V,
1108 3791 1145 3846 14

71 3874 126 3948 (de
147 3879 330 3952 Polemone).
375 3877 433 3937 Sed
463 3878 537 3935 nibil
560 3877 702 3934 illustrius
726 3895 789 3934 esse
811 3885 924 3953 potest,
957 3895 1044 3950 quarn
1068 3873 1147 3950 quod

69 3983 110 4019 ex
136 3964 402 4022 Herculanensibus
426 3963 623 4021 voluminibus
646 3972 760 4020 erutum
784 3962 982 4019 testimonium
1005 3969 1073 4018 aute
1092 3960 1145 4016 ali·

71 4059 146 4122 quot
168 4069 260 4107 annos
288 4049 318 4106 in
346 4049 508 4107 Germania
524 4049 675 4124 evulgavit
697 4049 750 4107 Ch.
772 4048 962 4105 Petersenius
984 4044 1028 4127 (in
1051 4046 1147 4103 indice

69 4135 239 4194 scholarum
260 4153 357 4212 gymn.
380 4135 542 4210 Hamburg.
569 4133 672 4212 1833).
701 4135 748 4190 eui
771 4153 877 4210 magna
898 4133 993 4210 gratia
1013 4131 1149 4188 habenda
1174 4136 1178 4145 “

71 4231 121 4276 est
145 4233 174 4278 et
206 4222 249 4278 rei
277 4221 443 4278 intellectae
477 4230 506 4277 et
534 4220 572 4277 ad
599 4220 727 4295 plurium
756 4221 890 4277 notitiam
919 4217 1148 4276 commendatae.

70 4303 198 4364 Constat
219 4307 311 4376 euim,
334 4325 448 4364 omnem
473 4325 539 4362 eum
563 4325 740 4376 sermonem,
775 4305 824 4380 qui
852 4307 882 4364 in
912 4305 987 4361 libro
1009 4305 1025 4362 Ι
1048 4303 1086 4360 N.
1110 4304 1148 4360 D.

72 4391 191 4451 Velleio
203 4393 349 4463 tribuitur,
373 4411 411 4448 ex
422 4411 481 4449 uno
495 4391 621 4448 Phaedri
633 4392 772 4468 Epicurei
795 4390 860 4469 [aut
872 4391 979 4466 potius,
1002 4399 1035 4447 ut
1046 4400 1150 4465 postea
