2920 5012
277 437 318 502 22
667 455 711 500 os
732 435 863 502 uramus
886 453 956 501 sor.

616 519 637 606 ξι
670 545 813 604 'uarum

275 624 439 691 inciderint
459 623 490 689 in
513 623 627 688 inculta
638 529 801 706 iuuenem
824 633 855 688 et
876 623 1017 702 horrida,
1045 625 1085 688 de
1106 623 1194 688 mabs
1216 622 1352 688 Graecis

275 727 386 792 Latine
407 726 525 807 scripta
545 725 692 791 deteuus.
738 726 855 804 Quibus
878 745 935 808 ego
957 726 1126 805 assentior,
1159 727 1233 790 dum
1254 727 1352 790 modo

276 831 316 894 de
336 829 446 893 iisdem
467 827 560 892 rebus
583 845 622 893 ne
642 826 780 893 Graecos
802 829 926 910 quidem
952 829 1099 910 legendos
1120 837 1239 910 putent.
1284 829 1353 894 Res

277 930 484 1009 verobona,
516 929 619 995 verbis
641 929 746 994 electis
773 931 910 1012 gravim
937 937 1107 1012 ornateque
1128 930 1242 1009 dictes,
1275 930 1352 1011 quis

239 1031 260 1098 5
277 1050 338 1097 non
358 1031 462 1114 legat?
485 1031 543 1096 uisi
564 1031 619 1113 qui
640 1051 675 1098 se
695 1033 789 1113 plene
801 1033 954 1098 Graecum
975 1033 1035 1098 dici
1057 1033 1139 1111 velit,
1160 1039 1197 1097 ut
1218 1031 1353 1098 eSeae-

240 1191 242 1196 ,
277 1133 347 1199 vola
379 1141 427 1199 est
457 1141 602 1215 praetore
635 1135 787 1199 salutatus
822 1135 951 1200 Athenis
983 1135 1138 1200 Albucius.
1184 1137 1213 1199 9.
1247 1135 1353 1212 Quem

347 1309 367 1352 l.
396 1303 419 1354 in
445 1304 534 1354 emb
576 1303 637 1356 male
655 1304 700 1355 Or.
753 1309 775 1354 1.
801 1305 859 1370 prid
879 1323 920 1372 syo
942 1307 1049 1362 asserum
1076 1306 1098 1354 E
1141 1310 1164 1354 a.
1195 1303 1291 1372 [badan
1311 1304 1350 1373 A]

276 1381 300 1425 4.
319 1371 422 1423 dictatas
442 1371 488 1442 [A]
510 1371 602 1425 PMGR
640 1377 662 1424 6.
680 1381 778 1438 moeror
798 1373 838 1442 [A]
861 1373 979 1426 LPMCR

361 1534 387 1587 ia
410 1533 510 1588 irrculta
532 1533 712 1605 quaedamst
734 1530 858 1608 Aorm'du)
889 1531 1027 1590 Amafinii
1050 1541 1080 1588 et
1102 1530 1215 1590 Rabirii
1238 1531 1354 1607 (Aeaci.

275 1617 301 1686 I,
325 1617 353 1686 5,
377 1617 531 1686 Tusc.IV,
556 1615 588 1690 6)
611 1625 641 1674 et
652 1615 729 1676 Catii
751 1617 885 1675 Insubris
908 1618 959 1694 (ad
977 1617 1058 1674 Fam.
1071 1619 1141 1686 XV,
1168 1618 1204 1674 16
1228 1627 1258 1673 et
1285 1617 1353 1692 19),

275 1701 501 1778 Epicureorum,
535 1719 609 1776 quos
632 1701 736 1760 Cicero
768 1703 856 1760 etiam
879 1704 966 1760 Tusc.
990 1704 1019 1772 1,
1056 1704 1073 1760 0
1097 1711 1126 1760 et
1148 1703 1195 1772 Π,
1224 1703 1241 1760 7
1266 1711 1297 1759 et
1322 1703 1353 1759 b.

276 1807 356 1864 oper.
379 1787 444 1844 libr.
466 1788 524 1854 III,
549 1789 588 1844 40
611 1788 713 1864 tangit.
908 1781 910 1786 ’

361 1874 394 1930 de
415 1875 493 1930 moba
519 1871 644 1947 Graecr's)
667 1873 828 1930 Aberravit
851 1872 1003 1931 Ernestius
1026 1881 1055 1930 st
1088 1883 1155 1949 post
1188 1891 1253 1930 eum
1285 1872 1353 1942 ulii,

275 1959 399 2016 darnole
423 1957 536 2016 Graecis
557 1956 734 2025 scribentes,
769 1958 846 2032 quod
869 1959 1023 2016 Ernestius
1046 1959 1075 2015 in
1105 1958 1233 2015 editione
1266 1959 1355 2034 prin·

276 2046 341 2120 cipe
363 2043 537 2120 Moguntina
559 2061 623 2100 esse
645 2043 726 2114 dicit,
749 2037 898 2119 deceptus,
921 2044 945 2100 si
959 2043 1164 2102 Coloniensem
1188 2043 1352 2116 intellexit,

276 2129 449 2204 compendio
478 2129 595 2186 minime
619 2129 717 2187 dubio.
761 2129 857 2186 Nemo
880 2129 955 2187 dixit
976 2147 1031 2186 nee
1053 2133 1122 2186 ntae
1148 2128 1270 2187 &aecta
1293 2147 1356 2186 nec

276 2215 338 2272 bene
352 2214 485 2274 Graecus.
510 2215 579 2289 quia
602 2215 663 2272 bene
685 2225 709 2272 et
730 2217 799 2272 maa
820 2233 878 2272 uon
901 2215 1048 2272 adduntur
1070 2214 1223 2272 adiectivis
1245 2214 1356 2272 huius·

276 2300 355 2358 modi
377 2300 514 2358 definitae
537 2300 679 2370 notionis,
703 2319 778 2375 quae
799 2300 921 2376 gradum
944 2319 1002 2358 non
1025 2300 1142 2357 habent
1175 2300 1253 2358 Illud
1277 2300 1356 2358 dici-

276 2395 337 2454 tur,
370 2386 432 2442 berse
454 2387 553 2443 Latrim
574 2385 638 2463 (lib.
662 2386 709 2456 11,
736 2385 787 2461 10)
810 2395 840 2442 et
867 2407 916 2443 non
939 2389 1034 2461 opilare
1059 2385 1162 2443 Graece
1188 2389 1356 2461 respendere

276 2472 369 2546 (IIde
385 2470 469 2530 Orat
482 2469 546 2547 75),
569 2471 717 2529 adverbiis
739 2491 777 2528 ex
800 2489 894 2546 aequo
916 2471 1029 2548 positis.
1073 2471 1188 2529 Deinde
1205 2471 1356 2529 orationis

276 2555 409 2617 Graecae
432 2557 505 2614 vitia
526 2575 585 2614 non
607 2555 795 2614 offendebant
816 2576 881 2626 eos,
905 2557 955 2632 qui
977 2557 1006 2614 in
1030 2556 1150 2615 Latinas
1171 2557 1355 2632 interpreta-
1458 2593 1459 2622 1

275 2643 371 2701 tiones
397 2642 578 2706 incidebant:
608 2641 712 2701 Cicero
734 2642 878 2719 intellegit
901 2642 992 2700 melos
1014 2641 1147 2701 Graecos
1168 2643 1260 2700 libros
1283 2661 1356 2700 ver·

275 2727 373 2798 tendo,
395 2729 552 2785 accedente
564 2728 682 2786 horrido
694 2747 827 2786 sermone
840 2729 954 2795 Latino,
977 2727 1072 2785 factos
1084 2728 1253 2786 deteriores.
1288 2729 1355 2786 Ita·
1458 2797 1459 2800 Ἰ

276 2832 347 2887 quc,
381 2831 418 2870 ns
452 2813 487 2870 de
520 2812 583 2871 solo
606 2813 747 2871 orationis
769 2827 876 2890 genere
904 2814 961 2871 dici
994 2823 1079 2890 putes
1102 2814 1146 2890 (et
1167 2813 1217 2888 qui
1240 2811 1373 2889 potest,-
1458 2855 1459 2870 .

276 2897 414 2974 quoniam
437 2909 538 2974 aperte
560 2898 698 2974 Epicurei
721 2899 936 2976 significantur,
965 2899 1096 2974 quinon
1120 2900 1275 2956 verborum
1299 2917 1355 2975 ge·
1456 2923 1459 2978 j

276 3003 355 3054 nere,
378 2984 430 3041 sed
451 2985 539 3041 rebus
561 2985 699 3041 aceteris
716 2982 959 3061 abhorrebanti),
981 2984 1063 3042 addit
1090 2987 1123 3042 de
1144 2987 1237 3042 iisdem
1259 2985 1355 3042 rebus.

361 3071 459 3145 dictos)
483 3071 610 3135 Vereor,
644 3079 677 3126 nt
704 3069 734 3126 in
756 3069 818 3126 Eri.
847 3070 895 3127 hic
917 3070 1034 3128 silentio
1057 3089 1172 3138 eorum,
1208 3070 1259 3144 qui
1282 3089 1356 3128 cum

276 3155 347 3212 mihi
369 3154 564 3226 contulerunt,
587 3155 732 3212 confidere
755 3155 864 3231 possim
887 3154 953 3233 [sed
976 3156 1064 3213 etiarn
1082 3156 1118 3213 de
1136 3156 1182 3213 Eb
1206 3154 1356 3234 tacetur];

275 3257 330 3297 nec
341 3241 377 3298 de
389 3240 456 3298 Per.
469 3240 611 3298 [Davisii
623 3259 669 3297 res
682 3251 769 3297 certe.
792 3241 916 3298 Restant
927 3243 1022 3298 Parti
1035 3252 1064 3298 et
1074 3242 1167 3307 Leid,
1180 3241 1249 3298 muli
1261 3260 1357 3316 spon-
1457 3295 1458 3306 ,

276 3344 357 3383 sores
379 3327 541 3403 scripturae
558 3327 750 3394 necessariae,
775 3327 947 3384 aLambiuo
959 3337 1102 3404 repertae.
1136 3327 1234 3387 Ceteri
1247 3345 1357 3386 omnes

276 3413 401 3480 disertos,
419 3412 476 3469 duo
488 3410 557 3470 Gzii
574 3413 683 3468 ditatos.
717 3412 776 3469 Res
794 3413 885 3470 bonas
903 3413 976 3470 bene
999 3412 1124 3489 scriptas
1141 3413 1245 3473 Cicero
1268 3412 1356 3471 dicit.

362 3507 401 3554 est
417 3497 556 3572 praetore)
578 3498 614 3555 In
636 3497 671 3564 E,
694 3497 730 3553 de
753 3516 811 3571 quo
834 3507 962 3568 tacetur,
994 3497 1120 3556 fortasse
1143 3498 1356 3573 compendium

275 3581 334 3640 fuit
355 3581 451 3660 (PR);
485 3591 648 3640 ceterorum
677 3583 813 3640 mendum
840 3583 992 3640 Manutius
1025 3584 1162 3641 correxit.
1213 3585 1272 3640 Res
1306 3584 1357 3642 in·
1456 3591 1457 3594 ’

276 3667 425 3744 tellegitnr
451 3686 488 3724 ex
512 3667 619 3724 Lucilii
644 3667 779 3725 versibus
807 3679 896 3726 etex
918 3688 968 3740 eo,
991 3669 1070 3744 quod
1091 3669 1237 3727 Albucius
1264 3687 1357 3744 prae·

277 3763 373 3811 turam
406 3753 436 3810 in
470 3752 607 3812 Sardinia
646 3753 732 3830 longe
772 3763 838 3828 poet
877 3755 976 3830 gessit.
1031 3755 1066 3812 T.
1100 3753 1245 3812 Albucius
1284 3773 1357 3813 cum

276 3837 404 3896 Athenis
425 3838 597 3896 adulescens
620 3847 711 3907 esset,
739 3838 887 3914 perfectus
909 3840 1072 3917 Epicureus
1095 3851 1229 3898 evaserat
1251 3839 1357 3916 (Brut.

279 3921 363 3999 131).
418 3923 454 3998 Q.
477 3923 650 3982 Scaevolam
682 3943 821 4000 augurem
855 3923 1082 4001 repetundarum
1115 3926 1263 3983 accusavit
1297 3945 1359 3985 nec

277 4009 429 4066 damnavit
450 4009 547 4086 (Brut.
573 4009 642 4080 102,
665 4010 701 4066 de
724 4009 807 4069 Orat
830 4011 876 4079 Π,
902 4010 991 4087 281);
1025 4021 1128 4087 postea
1150 4031 1188 4068 ex
1210 4021 1359 4088 praetura

278 4093 460 4154 Sardiniensi
496 4095 560 4170 ipse
598 4095 823 4170 repetundarum
863 4096 1017 4155 damnatus
1051 4099 1119 4173 (pro
1153 4097 1264 4157 Scauro
1300 4101 1357 4170 40,

277 4179 308 4236 in
330 4178 431 4237 Pison.
455 4181 507 4254 91)
529 4181 656 4238 Athenis
678 4181 811 4238 exulavit
833 4182 935 4257 (Tusc.
958 4185 996 4253 V,
1025 4183 1112 4257 108),
1136 4184 1239 4240 doctus
1261 4182 1357 4242 homo
1455 4177 1456 4212 ³

278 4263 402 4324 Graecis
430 4260 536 4322 litteris
558 4266 605 4322 vel
622 4267 721 4344 potius
739 4267 978 4342 paensGraecns
1001 4269 1096 4343 (Brut.
1123 4269 1196 4346 131)
1219 4287 1254 4326 ac
1276 4270 1358 4328 levis
1435 4283 1456 4344 ᾖ

277 4351 326 4424 (de
364 4369 447 4426 prov.
485 4369 564 4408 cons.
602 4352 668 4426 15),
713 4369 799 4424 quern
839 4351 926 4410 etiam
966 4355 1004 4410 ob
1042 4355 1169 4430 ineptias
1207 4355 1358 4414 credonis

279 4435 409 4494 Lucilius
431 4436 562 4493 irriserat
585 4437 634 4514 (de
657 4436 740 4496 Orat.
762 4438 825 4504 ΠΙ,
853 4440 926 4507 171,
950 4439 1032 4498 Orat.
1059 4440 1141 4515 149).
1185 4438 1293 4500 Cetera
1317 4442 1358 4500 de
1454 4471 1455 4476 κ
