2944 5040
322 385 384 450 786
747 399 921 448 axoumus
942 399 963 446 1.

322 574 528 632 commodioris
539 572 652 630 fornice
676 573 756 629 varie
779 572 934 629 tentandae
958 572 1201 646 quaerendaeque
1230 570 1382 628 molestiam

322 661 473 730 detrectet,
497 659 630 734 quamvis
653 658 691 714 sit
713 658 859 715 scribendi
880 658 911 714 in
933 657 993 714 alio
1015 677 1121 734 genere
1143 655 1266 726 artifex,
1294 665 1382 713 tamen

322 745 386 802 fieri
407 765 465 802 non
488 744 605 820 poterit,
628 753 662 801 nt
683 743 867 819 neglegentia
894 761 952 799 non
975 753 1125 819 appareat.
1169 741 1273 800 Cicero
1295 752 1382 798 entem

322 849 410 906 quam
433 830 567 887 celeriter
588 831 661 886 haec
684 829 843 904 scripserit,
865 829 895 885 in
913 827 1096 904 praefatione
1118 827 1195 897 dixi3
1218 828 1248 884 in
1271 827 1384 902 singulis

322 917 396 973 locis
418 935 505 990 quarn
528 934 584 972 non
597 914 803 984 elaboraverit,
826 915 1019 984 ntmntando,
1043 933 1118 988 qnae
1130 912 1305 988 scripsisset,
1326 931 1382 968 sen-

323 1002 444 1059 tentiam
467 1011 496 1058 et
518 1001 680 1058 orationem
704 999 850 1075 expoliret
878 1007 906 1056 et
928 999 1085 1075 levigaret,
1120 999 1237 1074 saepius
1265 997 1384 1054 innotis

323 1086 559 1156 commemoravi,
582 1086 664 1142 velut
685 1085 721 1142 ad
734 1086 771 1154 V,
786 1085 825 1141 22
838 1105 866 1160 p.
881 1086 939 1142 641
953 1085 1031 1141 etad
1044 1085 1082 1151 V,
1096 1086 1135 1141 54
1147 1104 1175 1160 p.
1189 1085 1260 1142 701.
1283 1085 1381 1140 Vemm

323 1173 395 1229 haec
418 1171 563 1241 efficiunt,
591 1181 624 1228 nt
645 1171 675 1227 in
698 1171 754 1228 lroc
775 1189 882 1246 genere
904 1171 1045 1228 librorum
1068 1171 1123 1226 hae
1146 1169 1288 1227 orationis
1309 1167 1383 1242 qnasi

324 1258 524 1314 aberrationes
545 1257 645 1332 plures
668 1265 698 1312 et
719 1256 852 1312 duriores
874 1255 949 1324 sint3
981 1255 1148 1312 libertatem
1175 1255 1256 1311 illam
1283 1251 1383 1328 aliquid

324 1344 365 1400 ita
386 1342 524 1418 ponendi,
548 1351 579 1398 ut
601 1341 742 1399 orationis
759 1340 953 1398 conformatio
976 1351 1005 1398 et
1021 1339 1188 1417 progressio
1210 1359 1269 1397 aon
1290 1339 1325 1396 ad
1343 1357 1382 1394 se-

326 1447 426 1485 veram
449 1446 581 1484 normam
605 1427 794 1502 exigeretur,
828 1427 916 1482 etiam
951 1425 981 1482 in
1011 1427 1069 1483 illis
1097 1425 1202 1484 Cicero
1231 1425 1380 1501 usurpavit.

324 1533 399 1588 quae
422 1513 532 1570 maiore
554 1530 620 1570 cum
643 1529 713 1570 cura
741 1521 770 1568 et
799 1512 860 1568 otio
882 1511 1006 1569 docendi
1029 1529 1117 1568 causa
1140 1511 1272 1586 scripsit3
1303 1529 1380 1567 unum

325 1611 355 1656 et
376 1599 499 1656 alterum
523 1597 704 1670 huiusmodi,
738 1597 789 1654 sed
817 1608 847 1655 et
874 1595 961 1654 facile
983 1607 1175 1672 apertumque
1198 1605 1229 1654 et
1249 1596 1327 1666 lene,
1356 1594 1380 1650 in

324 1683 505 1741 orationibus
527 1702 586 1740 aon
607 1681 818 1740 reformidavit.
864 1683 922 1742 Sed
944 1681 1073 1739 universi
1095 1681 1182 1739 huius
1204 1668 1317 1758 generis
1326 1699 1380 1736 eam

325 1769 451 1846 speciem
479 1769 684 1835 tractabimus,
719 1787 794 1844 quae
822 1777 927 1824 natura
955 1767 1097 1825 sermonis
1124 1767 1266 1824 facillime
1292 1766 1380 1824 oritur.

325 1855 390 1931 ipsa
411 1855 510 1930 plnres
534 1855 739 1930 complectens.
784 1853 941 1912 Latissime
969 1854 1046 1910 enirn
1075 1872 1109 1910 ea
1132 1861 1213 1928 patet
1240 1853 1326 1918 ratio,
1346 1863 1380 1906 nt.

325 1959 391 1998 cum
413 1959 472 1996 uno
495 1949 627 2015 tempore
650 1948 701 1996 aut
722 1939 798 1996 duae
820 1950 872 1996 aut
893 1939 992 2014 plures
1004 1939 1142 2014 aequales
1154 1939 1314 1994 sententiae
1325 1955 1379 2012 par·

326 2035 369 2083 tes
392 2035 550 2100 conceptae
573 2025 640 2096 sint,
663 2025 790 2100 primum
813 2025 855 2082 sic
877 2025 1018 2096 dieamus,
1041 2035 1073 2082 ut
1095 2024 1243 2100 inprime
1266 2023 1380 2080 membro

326 2110 468 2169 orationis
490 2119 647 2186 appareat,
671 2111 795 2167 alterum
818 2111 900 2184 sequi
924 2110 1030 2167 debere
1053 2119 1082 2167 et
1104 2109 1207 2166 eadem
1229 2108 1321 2166 forma
1340 2105 1380 2162 ed·

325 2196 408 2272 iungi
429 2196 466 2252 ad
489 2197 605 2271 plenam
629 2196 802 2252 sententiam
826 2193 1023 2266 efficiendam,
1058 2195 1162 2252 deinde
1190 2204 1302 2266 autem,
1338 2209 1381 2247 nos

326 2282 444 2356 quidem
465 2279 528 2338 fere
555 2282 585 2338 in
612 2280 758 2355 loquendo
782 2289 909 2351 tantum,
943 2291 1057 2338 veteres
1086 2289 1183 2337 autem
1212 2279 1380 2350 maximeque

327 2365 431 2426 Cicero
454 2366 542 2422 ctiam
564 2366 593 2422 in
617 2367 787 2434 scribendo,
822 2365 864 2422 sic
891 2365 921 2421 in
950 2365 1001 2422 illo
1030 2366 1125 2444 primo
1149 2367 1279 2422 nrembro
1301 2361 1380 2438 expli·

327 2453 420 2509 cando
442 2452 625 2527 implicemur
647 2463 677 2508 et
695 2451 901 2516 subsistamus,
925 2460 970 2508 ut.
1000 2470 1066 2508 cum
1088 2451 1126 2508 ad
1148 2451 1272 2508 alterum
1293 2466 1381 2525 pervc-

327 2539 433 2606 niatur,
457 2537 514 2593 iam
538 2537 694 2594 obscurata
716 2537 755 2593 sit
776 2537 813 2593 ad
835 2536 926 2593 animi
949 2555 1064 2594 sensum
1088 2536 1271 2612 illapartitio
1288 2545 1381 2591 etron-

328 2623 424 2680 nexi0.
468 2623 572 2696 ltaque
595 2622 729 2692 alterum,
753 2622 831 2697 quod
854 2640 1018 2680 connexum
1041 2621 1138 2679 efferri
1156 2621 1289 2692 debebat,
1310 2617 1382 2695 poni·

268 2721 271 2726 '
327 2717 376 2764 tnr
397 2707 523 2764 solutum
547 2717 695 2781 tamquam
718 2727 735 2764 a
758 2727 834 2765 novo
856 2708 950 2775 initio,
974 2708 1010 2764 ad
1023 2708 1158 2782 superius
1174 2702 1380 2764 autemrefeni,

327 2793 385 2850 elio
408 2794 534 2867 quodam
557 2793 698 2850 orationis
721 2793 829 2850 indicio
853 2793 1041 2868 significatur.
1079 2797 1179 2866 Atque
1202 2793 1288 2848 hnins
1307 2807 1382 2866 genc-

327 2879 367 2936 ris
390 2879 485 2954 prima
507 2887 537 2935 et
559 2877 698 2935 facillima
721 2877 815 2936 forme
843 2879 873 2935 in
896 2878 1079 2935 connexione
1106 2878 1287 2953 copulative,
1318 2893 1381 2949 qnae

327 2965 360 3020 nt
382 2963 526 3039 particula
553 2975 577 3020 et
598 2964 754 3040 geminata
778 2963 892 3020 accidit..
926 2965 1031 3037 Itaque
1054 2963 1127 3019 nihil
1144 2963 1294 3033 hisannis,
1315 2969 1382 3036 post·

328 3067 414 3124 quam
437 3052 590 3126 Augustus
613 3049 791 3106 Matthiaeus
814 3050 850 3106 de
877 3049 1061 3106 anacoluthis
1079 3049 1212 3124 scripsit,
1246 3067 1296 3123 per
1315 3063 1381 3102 com·

328 3135 486 3192 menterios
509 3135 716 3194 Ciceronianos
739 3135 1027 3210 magisdecantatnm
1051 3143 1104 3202 est,
1127 3153 1214 3208 qnam
1227 3133 1379 3193 Ciceronem

328 3239 415 3296 saepe
444 3221 486 3278 sic
502 3222 641 3296 incipere,
659 3230 807 3294 tamquam
830 3230 855 3276 et
882 3253 912 3260 ψ
939 3231 964 3276 ct
981 3219 1171 3288 dicturussit,
1195 3219 1305 3288 deinde,
1325 3232 1379 3271 rum

327 3307 410 3381 prius
433 3307 593 3363 membrum
606 3304 843 3382 longinsfactnm
866 3305 912 3375 sit,
936 3324 989 3380 pro
1012 3305 1104 3362 altero
1126 3315 1151 3362 et
1173 3305 1232 3362 alia
1247 3304 1380 3360 utinovae

329 3392 491 3448 sententiae
519 3391 719 3447 annectendae
742 3388 845 3447 forma.
884 3391 1044 3447 Nominum
1067 3391 1154 3448 turba
1176 3391 1318 3458 abstine03
1338 3383 1380 3442 ad·

329 3477 491 3552 iungendos
519 3485 617 3532 tamen
641 3475 802 3533 Matthiaeo
831 3485 876 3533 est
897 3475 1020 3534 Beierus
1048 3477 1085 3533 ad
1113 3487 1187 3533 orat
1210 3495 1263 3551 pro
1285 3474 1381 3533 Scauro

329 3583 356 3637 p.
374 3563 476 3632 144¹)
517 3563 617 3635 Atque
645 3561 674 3617 in
699 3580 757 3618 nno
787 3562 932 3618 etaltera
954 3561 1019 3618 loco
1041 3560 1167 3618 fortasse
1190 3561 1318 3620 homines
1337 3557 1381 3614 in-

328 3647 415 3722 periti
437 3646 492 3702 boo
514 3665 620 3722 genere
643 3646 810 3721 explicandi
833 3665 923 3722 prave
945 3647 992 3704 nsi
1014 3656 1095 3714 stram
1123 3648 1176 3704 sed
1197 3666 1289 3722 nuper
1308 3639 1381 3700 l'erd.

328 3731 479 3800 Handius,
515 3750 579 3790 cum
609 3732 644 3788 de
667 3743 691 3788 et
712 3751 766 3807 pro
789 3737 867 3790 etiam
890 3732 986 3808 posito
1009 3741 1110 3808 ageret
1138 3733 1166 3789 in
1190 3731 1312 3789 Tursell.
1331 3723 1379 3780 vol·

327 3819 400 3892 IIp.
414 3817 473 3873 499
487 3816 595 3894 εᾳᾳ.“’),
618 3825 712 3873 totum
735 3817 764 3873 id
786 3819 933 3875 sublatum
955 3817 1050 3875 voluit
1072 3818 1114 3894 (p.
1127 3818 1188 3876 508
1201 3815 1286 3892 sqq).
1315 3813 1379 3870 Nam

359 4074 378 4128 't
400 4069 480 4131 Artigi
499 4072 552 4135 ipae
574 4083 598 4121 et
616 4072 720 4120 alteram
744 4087 843 4136 quoqne
866 4073 973 4138 speciem
997 4075 1050 4127 tubi
1073 4091 1114 4124 nec
1135 4101 1160 4110 -
1182 4091 1225 4124 nec
1242 4070 1380 4124 dissolvitur]

396 4139 521 4188 declaravi
541 4141 566 4188 in
585 4149 743 4189 commentat.
764 4143 794 4189 de
815 4143 926 4191 Asconio
944 4159 967 4207 p.
981 4146 1011 4191 79
1030 4151 1082 4191 not.

356 4207 377 4263 ²)
397 4207 435 4255 De
454 4209 569 4258 universa
587 4209 632 4258 illa
651 4210 822 4273 disputatione
840 4211 888 4259 hoe
905 4225 982 4260 unium
1003 4213 1096 4270 dicam,
1115 4226 1171 4260 curn
1182 4213 1329 4260 multaret-te
1345 4218 1380 4252 cx·

396 4277 479 4340 posita
497 4277 547 4325 sint
564 4277 704 4342 meliusque
722 4287 829 4326 tractata
848 4293 923 4342 quem
943 4283 973 4328 nb
993 4280 1031 4338 iis,
1050 4282 1091 4344 qni
1111 4283 1255 4336 corradum,
1274 4271 1379 4342 quidquid

397 4345 513 4402 occurrit,
531 4353 615 4394 tamen
633 4355 733 4410 praeter
749 4347 784 4406 id,
805 4349 836 4396 de
853 4361 903 4411 qno
921 4347 961 4397 hic
980 4363 1088 4413 expono,
1107 4349 1133 4399 in
1151 4339 1237 4398 multia
1255 4347 1313 4396 locis
1325 4341 1379 4392 malr
