2948 5024
316 395 379 460 754
708 415 752 462 nn
774 415 904 462 smnus
927 415 999 462 sou.

314 583 396 648 Dato
408 585 474 664 hoo,
497 585 635 649 dandum
656 592 705 650 ast
725 584 810 650 illud.
834 584 924 662 Quod
935 585 1032 650 vestri
1043 604 1104 650 non
1122 585 1203 650 item
1227 587 1280 651 84.
1297 585 1387 657 ..Tria

314 703 430 767 genera
451 686 639 767 bonomm“;
666 687 796 768 proclivi
823 687 921 752 currit
947 688 1055 754 oratio.
1100 689 1195 753 Venit
1221 689 1265 754 ad
1288 695 1387 754 extre

377 877 398 922 1.
416 873 472 924 doto
489 873 553 925 1le
588 875 633 925 orit
650 873 710 924 illud
725 871 859 924 LPCROr.
903 879 925 925 2.
942 875 1073 940 procliuius
1091 876 1163 926 ana
1181 876 1223 943 (P)
1238 875 1355 941 procliuia
1367 893 1384 925 c.

315 941 337 994 C
352 945 472 1008 procurrit
489 943 511 992 1.
552 941 621 994 Venit
639 971 670 981 —
688 941 765 992 diem
784 943 881 993 Nonius
895 959 920 1008 p.
933 946 979 993 177

400 1135 449 1192 84.
467 1133 595 1211 proclino)
620 1133 670 1194 Sic
680 1133 757 1192 Pall.
774 1144 803 1191 st
820 1132 888 1192 G-zii
906 1153 1017 1207 omnes,
1030 1136 1109 1212 apud
1126 1135 1202 1194 Dav.
1220 1137 1331 1194 Parr.l
1348 1133 1386 1212 (i)

314 1229 344 1278 et
367 1220 395 1292 3,
417 1220 524 1292 Mead,
547 1220 605 1280 Ox.
627 1240 654 1296 χ,
676 1237 731 1277 nec
752 1219 833 1277 aliud
855 1219 1021 1297 significant
1042 1217 1124 1292 Eua,
1147 1221 1177 1278 in
1200 1223 1309 1296 quibus
1327 1231 1385 1279 erat
1468 1263 1469 1278 .

309 1307 427 1383 providi,
450 1306 482 1363 in
503 1319 530 1382 ψ
548 1307 660 1383 providi
679 1307 715 1363 ol.
734 1308 857 1381 procliui.
879 1305 971 1364 Recte
993 1307 1084 1384 igitur
1100 1307 1157 1364 boo
1172 1326 1227 1384 pro
1240 1310 1385 1384 proclr'orm
1468 1325 1469 1368 t

312 1392 506 1450 restituamnt
527 1393 603 1450 Dav.
626 1401 656 1448 at
678 1389 780 1450 Gaius.
824 1388 940 1470 (Lamb.
960 1395 986 1448 in
1006 1394 1129 1468 proclivi,
1159 1411 1251 1469 prava
1275 1411 1383 1451 correc-

312 1473 417 1556 tione.)
460 1478 594 1535 Eandem
615 1476 739 1534 formam
763 1476 871 1534 habent
893 1477 997 1552 optimi
1015 1479 1132 1536 codices
1149 1477 1242 1556 (Par,
1265 1478 1346 1538 Gud.
1359 1483 1382 1536 1.

313 1560 398 1642 cett.)
407 1565 495 1622 Tusc.
506 1564 562 1634 IV,
575 1564 625 1625 42,
637 1563 688 1620 ubi
699 1563 833 1620 nonnulli
844 1561 998 1620 edidemnt
1004 1567 1132 1639 procliue,
1144 1573 1178 1622 ut
1188 1565 1267 1640 apud
1278 1566 1384 1622 Lucra-

313 1649 386 1706 tium
408 1649 449 1720 II,
463 1649 523 1706 455
547 1649 689 1724 scripturn
711 1657 764 1706 est.
797 1647 914 1707 Gellius
936 1649 977 1721 X,
996 1651 1035 1706 24
1053 1659 1083 1707 at
1106 1668 1196 1707 exeo
1218 1649 1384 1708 Macrobius

314 1733 520 1804 Saturn.1,4
544 1743 573 1792 et
600 1735 761 1810 praeficias
788 1742 818 1790 et
842 1736 998 1809 praefiscini
1023 1745 1053 1792 et
1075 1737 1192 1811 proclivi
1217 1745 1248 1792 et
1270 1737 1383 1811 proclino

313 1821 424 1878 dictum
447 1839 511 1878 esse
533 1829 687 1878 testantur.
721 1820 797 1880 Utro
809 1819 887 1876 enim
899 1820 985 1878 modo
998 1821 1213 1897 scripserimus,
1236 1841 1294 1879 non
1306 1821 1382 1878 abla-

247 1938 263 1964 .
313 1906 392 1964 tivus
414 1906 480 1978 erit,
504 1907 587 1964 cuius
610 1915 715 1963 natura
742 1906 779 1962 ob
802 1905 858 1962 boc
880 1923 936 1963 usn
958 1906 1096 1964 abhorret
1119 1907 1221 1984 (aliter
1243 1907 1320 1964 enim
1342 1907 1381 1963 di·

313 1992 389 2050 citnr
410 2001 483 2050 recto
505 1996 552 2062 ire,
575 2001 609 2050 ut
631 1993 690 2062 boc,
713 2011 744 2048 aa
767 1991 803 2047 da
825 1990 892 2048 visa
914 1990 1045 2066 tenore),
1068 1991 1134 2060 sad,
1158 1993 1238 2066 quod
1259 1993 1381 2050 etiams

313 2078 514 2154 comparativo
532 2080 680 2153 proclivius
701 2076 892 2153 perspicitur,
925 2077 1098 2134 adverbium
1121 2078 1253 2135 eiusdem
1273 2077 1381 2136 formae
1468 2087 1469 2090 ’

313 2171 401 2238 atquo
416 2166 511 2237 focile,
533 2165 643 2220 sublime
665 2162 757 2240 (quod
778 2171 857 2220 recte
880 2162 998 2237 quidam
1011 2175 1192 2240 comparant,
1216 2163 1380 2222 sadirustra

312 2249 380 2306 inde
393 2247 524 2306 efficiunt
530 2251 649 2324 proclivo
661 2247 832 2307 Ciceronem
845 2247 1022 2324 scripsisse),
1034 2249 1091 2306 hoc
1101 2259 1156 2318 est,
1179 2250 1268 2324 quod,
1286 2269 1379 2324 qnem-

313 2333 470 2392 admodum
493 2343 627 2391 neutrum
651 2352 743 2410 genus
765 2333 987 2404 adiectivorum,
1011 2335 1092 2390 nulla
1114 2335 1235 2410 propria
1249 2335 1380 2392 termina·

313 2419 402 2476 tionis
425 2427 495 2476 nota
516 2419 701 2496 insigniatur,
724 2419 775 2477 ssd
798 2419 893 2476 levam
905 2430 935 2477 et
948 2438 1132 2477 communem
1144 2420 1261 2478 litterae
1275 2420 1378 2478 vocalis

314 2523 417 2562 sonum
439 2505 649 2581 pronuntiandi
670 2505 766 2582 gratia
787 2505 912 2562 asciscat
934 2503 999 2582 (qui
1015 2505 1093 2563 idom
1109 2506 1139 2563 in
1156 2507 1271 2576 abunde,
1289 2525 1380 2582 paene,

309 2609 409 2668 prope.
432 2611 525 2666 saepe.
548 2591 653 2648 ceteris
676 2601 740 2657 est,
774 2609 850 2666 qnae
871 2611 885 2648 e
907 2591 996 2648 breve
1018 2588 1160 2670 babent),
1194 2592 1295 2650 eadem
1317 2610 1378 2667 pro-
1467 2611 1468 2670 j

314 2675 468 2733 nuntiandi
490 2676 681 2753 ambiguitate
702 2676 733 2732 in
755 2679 766 2733 i
777 2676 907 2733 vocalem
921 2685 1136 2749 transeuntem,
1160 2696 1219 2751 qua
1240 2678 1379 2751 antiquio·

313 2780 360 2819 res
383 2763 441 2820 aeri
460 2781 515 2839 pm
537 2763 598 2820 bere
619 2762 756 2819 dicebant
778 2769 807 2818 ct
829 2762 997 2846 scribebant
1019 2761 1157 2840 (Quintil.
1175 2764 1200 2834 I,
1222 2765 1251 2834 4,
1270 2763 1338 2832 8,1,
1352 2763 1376 2830 7,

315 2847 378 2921 22).
422 2845 548 2926 (Eadem
570 2847 666 2905 vocali
689 2847 885 2921 antiquissimi
908 2849 1063 2922 diequarte
1085 2857 1115 2905 at
1136 2851 1180 2906 dia
1195 2851 1288 2924 quarti
1306 2849 1378 2905 dica-

313 2932 394 3002 bant,
418 2933 527 2990 extrita
549 2933 668 3009 propria
690 2932 895 2990 declinationis
912 2931 1006 3012 nota.)
1050 2934 1113 2991 Iam
1137 2943 1204 2991 utra
1226 2934 1321 2992 littera
1332 2931 1378 2992 Ci-

314 3037 382 3076 cero
404 3018 435 3076 in
457 3019 611 3076 scribendo
635 3037 704 3076 usus
728 3019 774 3085 sit,
798 3037 857 3076 non
880 3019 1003 3076 multum
1015 3019 1147 3090 interest,
1170 3030 1377 3095 postquamres

312 3103 463 3161 intellecta
485 3113 543 3174 est3
562 3107 678 3179 procum·
698 3113 797 3161 tamen
820 3104 888 3160 libri
911 3105 1078 3176 ostendunt,
1102 3114 1132 3161 at
1154 3106 1212 3162 beri
1232 3109 1377 3182 Augustus

313 3189 480 3247 etiamtum
504 3190 652 3247 scribebat
677 3187 992 3268 (quartanam),
1016 3190 1068 3248 sod
1095 3190 1172 3248 idem
1201 3191 1318 3266 antique
1337 3191 1377 3246 die
1466 3267 1467 3276 ἵ

312 3279 410 3350 quinto.
454 3275 518 3333 Nec
540 3275 647 3346 obstat,
670 3275 749 3350 qnod
772 3276 882 3332 sobb'me
904 3293 1020 3351 semper
1030 3285 1085 3346 est,
1108 3295 1252 3351 nusquam
1265 3277 1375 3340 sublimo)

312 3378 380 3417 nam
401 3360 568 3418 huiusmodi
590 3361 698 3418 veteris
720 3361 967 3436 pronuntiationis
978 3361 1121 3437 reliquias
1132 3361 1215 3418 nulla
1226 3371 1304 3420 certa
1317 3362 1375 3434 lega

313 3445 342 3502 in
365 3445 431 3502 aliis
453 3447 551 3504 verbis
574 3447 632 3505 cito
660 3447 828 3516 abolentur,
862 3447 891 3503 in
920 3446 986 3504 aliis
1015 3448 1065 3504 din
1093 3457 1227 3518 manent,
1260 3449 1289 3505 in
1315 3445 1374 3504 aliis

313 3549 441 3606 semper,
470 3533 549 3606 quod
577 3530 687 3590 factum
716 3540 760 3589 est
781 3532 811 3588 in
835 3533 914 3588 bovi.
963 3533 1068 3607 Neque
1096 3533 1173 3590 enim
1207 3534 1238 3590 id
1265 3534 1300 3590 ab
1325 3531 1377 3587 boc

312 3634 418 3692 genere
430 3616 636 3676 adverbiorum
648 3618 715 3675 ideo
726 3627 888 3693 separatur,
913 3618 992 3692 quod
1014 3622 1025 3675 i
1045 3619 1164 3694 longum
1182 3619 1269 3676 babet
1291 3615 1373 3694 (apud

314 3700 454 3760 Ovidium
478 3721 516 3759 ex
537 3704 624 3761 Pont.
637 3703 695 3774 ΠΙ,
710 3705 738 3774 4,
753 3699 816 3783 99),
840 3703 892 3761 illa
913 3711 1011 3760 antem
1035 3705 1122 3762 exilis
1146 3705 1308 3762 etobacnra
1327 3720 1373 3758 vo·

313 3787 394 3856 calis,
418 3787 454 3844 de
476 3807 535 3864 qna
556 3789 628 3858 dixi,
651 3789 760 3864 corripi
782 3789 888 3846 debere
911 3789 1036 3846 videtur.
1079 3790 1157 3847 Nam
1180 3790 1267 3847 etiarn
1279 3790 1306 3847 in
1322 3789 1374 3844 lori
1465 3822 1466 3868 3

313 3872 470 3930 Terentius
492 3874 567 3934 Eun.
578 3875 603 3944 I,
618 3875 646 3946 2,
660 3875 698 3932 89
722 3875 878 3932 secundam
902 3875 1044 3952 syllabam
1057 3875 1212 3950 produxit,
1236 3875 1372 3951 etplnres,

313 3958 427 4034 opinor,
451 3960 532 4018 locos
554 3960 710 4036 reperiant,
734 3959 784 4034 qui
808 3979 884 4018 nunc
906 3961 1049 4018 admoniti
1071 3961 1145 4018 haec
1161 3963 1373 4024 scrutabuntur;

313 4044 489 4119 quicumque
512 4045 590 4102 enim
611 4049 623 4102 ί
642 4047 775 4103 vocalem
806 4046 836 4103 in
864 4047 921 4103 fine
949 4047 1032 4103 verbi
1054 4046 1152 4104 Latini
1176 4047 1263 4124 plane
1284 4041 1371 4122 expri-

313 4130 412 4186 mebat
434 4131 620 4206 (plerumque
642 4141 740 4188 autern
762 4131 792 4187 in
804 4131 850 4190 his
872 4132 1024 4189 vocabulis
1048 4149 1100 4188 nac
1123 4134 1134 4188 i
1154 4151 1208 4190 nec
1230 4154 1244 4190 e
1263 4145 1370 4209 pmrsus

313 4214 514 4292 audiebatur),
543 4218 709 4274 necessario
737 4216 926 4294 producebat
977 4219 1058 4292 (Non
1081 4218 1213 4294 ignotum
1237 4218 1304 4276 mibi
1324 4223 1369 4270 ssi·

313 4318 371 4373 qno
393 4302 517 4360 artificio
539 4322 633 4377 nuper
643 4303 787 4360 Benarius
804 4303 834 4359 in
846 4302 914 4359 libri
926 4302 961 4360 da
974 4303 1052 4361 sonis
1064 4304 1180 4362 Latinis
1197 4299 1369 4382 (Roemisrhc
1464 4339 1465 4346 .

313 4385 485 4465 Lautlebra)
502 4389 560 4445 vol.
572 4391 587 4447 I
599 4408 627 4465 p.
646 4389 684 4446 37
698 4407 761 4463 sqq.
773 4398 802 4445 et
813 4389 886 4446 haec
902 4389 1052 4461 adverbia,
1075 4399 1104 4448 ct
1126 4391 1204 4464 quod
1226 4389 1311 4447 multo
1329 4391 1370 4440 est
