2956 5028
414 341 456 386 nr
481 339 676 386 usnemu
699 339 772 386 car.
791 343 834 387 ar.
1106 321 1169 386 293

109 525 210 570 urano
232 509 318 572 bono
337 507 459 586 friatur,
481 507 513 573 id
535 517 593 587 est,
616 507 784 588 voluptate.
821 507 984 576 ..atenim
1006 506 1055 572 hic
1077 507 1170 572 etiam
1235 571 1240 581 ,

39 620 41 661 ³
108 607 230 671 dolorel·
283 613 328 674 At
357 628 428 674 enm
467 609 553 674 nihili
590 608 676 686 facit3
715 597 759 672 ait
791 609 887 686 enim,
920 627 968 686 se,
996 609 1023 674 si
1051 617 1170 689 uranu,

109 717 212 786 ,Quam
233 709 297 776 hoe
318 714 445 777 svarei*
469 713 633 776 dicturum.
668 713 718 775 89.
742 711 812 787 Qua
833 711 927 792 igitur
949 711 1084 776 readeo
1101 711 1169 776 vin·

106 810 184 889 titur,
215 813 243 875 si
271 815 458 878 aeternitate
484 832 547 878 non
574 813 729 876 vincitur?
773 813 810 876 ln
837 831 900 894 qua
926 813 1001 894 quid
1028 827 1077 877 est
1098 813 1170 877 boni

106 925 216 989 praeter
245 933 399 980 summanr
426 915 617 995 voluptatem
644 923 675 978 et
703 931 772 977 earn
800 914 1043 994 sempiternam?
1087 914 1208 991 Quidt')

106 1030 167 1093 ergo
187 1015 303 1080 attinet
323 1016 458 1096 gloriose
479 1015 573 1096 loqui,
596 1014 655 1078 nisi
676 1023 856 1080 constanter
871 1015 1022 1096 loquare?
1055 1016 1091 1080 In
1115 1035 1169 1080 vo·

32 1169 33 1174 ,
105 1112 209 1193 luptate
235 1118 379 1198 corporis
408 1117 550 1194 (addam,
574 1116 600 1180 si
628 1116 685 1194 viS,
712 1117 822 1194 animi,
856 1117 930 1180 dum
960 1135 998 1180 ea
1025 1117 1108 1198 ipsa,
1135 1127 1170 1180 ut

166 1340 183 1380 l.
198 1337 299 1400 fluitur
314 1338 412 1388 bertolt
453 1343 476 1384 2.
496 1337 555 1386 enim
579 1337 635 1400 (pro
653 1346 714 1392 mm)
738 1337 782 1386 Lc
821 1355 872 1386 cum
892 1338 914 1386 R
949 1335 1007 1386 sitit
1027 1335 1171 1404 [A]ELMR

109 1397 135 1466 lec
144 1417 215 1467 snpra
226 1420 327 1453 versum
339 1411 371 1462 Α,
390 1405 447 1454 sort.
458 1421 492 1470 pr.
512 1405 557 1470 m]
576 1421 659 1454 arom.
672 1405 693 1452 E
711 1423 762 1454 case
773 1414 829 1468 (pro
839 1423 873 1456 ae.
883 1406 913 1462 erl
925 1405 1022 1456 Luca
1033 1405 1087 1472 [acl.
1096 1405 1120 1454 εἰ
1127 1407 1170 1453 (lr.

107 1469 179 1518 iuna
197 1485 253 1536 ipro
272 1483 364 1526 arctari
385 1475 436 1522 titt
454 1473 488 1522 ita
502 1483 549 1522 tum
570 1477 586 1521 Ι.
604 1473 705 1522 iuratam
724 1473 745 1524 C
790 1479 813 1522 ³.
836 1473 877 1540 [ab
894 1473 938 1521 deo
957 1473 991 1540 A]
1039 1481 1062 1522 ⁴.
1085 1475 1110 1522 la
1124 1491 1170 1538 quo

106 1541 141 1586 tir.
167 1543 189 1589 s,
208 1540 277 1604 loqui
293 1557 350 1606 pro
368 1541 518 1605 heronii]
555 1542 645 1591 ianm.
666 1542 684 1590 l’
739 1544 763 1590 7.
786 1540 838 1607 [cett
856 1557 902 1607 pro
921 1551 947 1591 ut
964 1540 1014 1609 En]

31 1805 32 1809 Ἰ
179 1731 216 1786 At
237 1737 306 1788 erum
328 1733 371 1790 laic
392 1736 470 1788 etiam
493 1730 597 1810 dolore)
629 1731 697 1788 Non
721 1731 829 1788 dicitur
850 1735 914 1804 frui
934 1735 1038 1800 dolorm
1067 1732 1171 1790 sedin

108 1815 250 1872 aurariis
273 1817 412 1873 membris
435 1836 471 1872 ex
494 1817 592 1892 priore
615 1817 706 1873 verbo
718 1816 839 1892 speciali
863 1817 955 1892 (quod
977 1817 1007 1872 in
1021 1817 1171 1874 meliorem

107 1909 205 1967 partem
229 1901 340 1977 vergit)
363 1902 393 1958 in
416 1901 541 1958 alterum
565 1901 727 1958 membrum
751 1902 876 1958 latenter
893 1898 1018 1959 infertur
1035 1901 1171 1978 essigni-

108 1979 201 2052 ticatio,
225 2005 302 2060 qnae
325 1987 354 2042 in
379 1987 556 2043 contrariam
574 1983 710 2064 (malam)
733 1995 845 2062 partem
870 1987 924 2043 snb
947 1985 1069 2042 eandem
1092 2005 1171 2044 com·

110 2083 210 2125 munem
246 2072 395 2129 notionem
413 2070 578 2147 (capiendi)
605 2071 698 2140 cadit,
728 2082 798 2128 nota
825 2072 933 2147 figura,
968 2090 1043 2146 quae
1072 2067 1171 2128 tamen

110 2149 266 2229 plerumque
289 2157 385 2213 minus
407 2157 562 2232 perspicue
585 2156 769 2213 describitur.
814 2157 905 2212 Recte
927 2157 1004 2213 Dav.
1021 2167 1173 2233 comparat

110 2233 187 2293 Xad
208 2241 301 2298 Attic.
325 2245 354 2312 4,
379 2243 416 2298 4:
432 2245 557 2316 J'ortoao,
580 2261 637 2316 quo
659 2243 902 2315 illiflorentiaaima.
926 2261 973 2297 noa
991 2243 1100 2298 duriore
1110 2261 1171 2298 con·

105 2320 191 2390 ‚dictati
217 2329 345 2383 nidernar.
395 2327 465 2384 Vid.
493 2327 669 2384 Ramshorn.
692 2345 720 2401 p.
747 2327 825 2383 1021
856 2335 885 2383 et
912 2345 986 2399 quos
1014 2326 1064 2383 ille
1092 2327 1171 2383 citat

111 2403 258 2468 imneeune
280 2411 386 2468 Livius
413 2411 443 2468 in
466 2411 686 2488 comparatione
709 2420 776 2487 post
803 2430 883 2484 quam
913 2429 951 2468 ex
978 2412 1172 2486 praecedente

110 2489 184 2549 vltra
203 2497 299 2553 audiri
322 2496 417 2553 voluit
435 2499 565 2572 prodesse
586 2497 683 2566 XLV,
708 2498 758 2566 20,
783 2497 800 2552 9
824 2495 855 2552 et'
878 2497 927 2564 24,
952 2499 980 2552 8.

182 2585 218 2635 ait
239 2586 322 2650 enine,
345 2601 382 2643 se,
410 2584 435 2638 si
462 2581 572 2657 uratur)
616 2581 646 2638 in
675 2581 843 2638 Phalaridis
871 2591 970 2650 tauro;
1011 2581 1067 2637 hoc
1094 2583 1172 2638 enim

110 2658 213 2720 additur
223 2667 255 2723 Il
266 2668 357 2724 Tuae.
373 2667 409 2723 17
430 2665 548 2736 (Senec.
560 2667 616 2742 Ep.
630 2667 679 2733 66,
697 2667 743 2734 18,
756 2667 891 2723 Lactant.
903 2667 977 2723 Inst.
989 2667 1048 2736 ΠΙ,
1062 2667 1112 2733 27,
1126 2667 1171 2742 5).

110 2740 211 2805 Graece
234 2752 289 2810 hoc
312 2753 423 2808 dictum
447 2771 504 2808 non
528 2761 619 2820 extat,
643 2751 698 2808 etsi
721 2769 835 2808 summa
846 2751 1009 2808 sententiae
1032 2762 1076 2808 est
1093 2751 1172 2828 apud

112 2827 220 2908 Diogen.
242 2838 283 2908 X,
311 2839 386 2906 118;
421 2835 473 2894 cfr.
497 2837 574 2894 infra
596 2838 634 2899 V,
659 2837 708 2894 80.
752 2837 788 2892 In
812 2836 925 2893 verbis:
958 2857 999 2892 ee.
1029 2841 1054 2892 ai
1075 2848 1173 2894 uratur

32 2992 33 2996 ἵ
111 2913 229 2978 similiter
251 2941 285 2978 ao
307 2923 366 2978 mci
388 2923 527 2978 aberrant
548 2921 599 2978 alii
622 2921 706 2978 codd.
729 2915 769 3001 (E
791 2941 848 2978 sese
870 2925 1030 2991 iuratorum,
1053 2937 1097 2998 χψ
1116 2941 1173 2979 sese

112 2999 219 3081 inmari).
264 3008 337 3065 Inde
360 3005 441 3066 crac
464 3017 494 3062 et
518 3007 595 3064 Vict.
623 3010 649 3063 ei
669 3017 774 3076 rtrotor,
798 3027 834 3063 ae.
879 3005 999 3065 Omittit
1025 3027 1054 3064 ae
1082 3008 1171 3064 etiam

112 3081 176 3158 Spir·
197 3088 267 3169 [B];
300 3092 360 3149 vid.
387 3093 425 3147 ad
448 3093 491 3162 V,
516 3093 571 3160 313
605 3091 653 3148 hic
680 3091 821 3148 facillime
844 3092 980 3148 excidere
1010 3111 1172 3166 pronomen

113 3175 201 3241 potnit.

31 3275 32 3280 ’
183 3261 231 3317 89.
264 3263 297 3318 Ia
319 3281 376 3336 qua
398 3263 466 3336 quid
488 3272 526 3318 eat
549 3259 622 3335 boat)
653 3261 817 3331 Conclusa,
841 3271 874 3318 ut
897 3261 974 3329 dixi,
997 3261 1172 3319 aeternitate

32 3421 33 3424 Ἴ
111 3336 255 3403 beatiorem
278 3346 365 3404 deum
389 3346 477 3418 effici,
500 3346 630 3404 ostendit
650 3347 855 3403 aeternitatem
878 3347 972 3422 ipsam
995 3347 1069 3405 nihil
1091 3347 1173 3405 aliud

112 3423 208 3502 afferre,
234 3432 289 3490 nisi
311 3441 346 3488 ut
368 3432 547 3508 sempiterna
569 3432 608 3488 sit
629 3432 777 3507 voluptas,
800 3433 921 3502 hocest,
945 3432 1087 3508 longioris
1099 3442 1172 3489 tem·

111 3513 190 3583 potia
224 3516 264 3574 ita
292 3517 392 3591 sequi,
426 3527 460 3573 ut
481 3517 623 3593 temporis
645 3536 783 3592 magnum
806 3517 845 3573 sit
863 3517 893 3574 in
915 3519 1003 3574 beata
1025 3518 1088 3574 vita
1110 3537 1172 3574 nro·

113 3608 233 3658 mentum.
275 3603 373 3659 Paulo
396 3603 492 3659 minus
516 3601 674 3677 diligenter
696 3602 786 3672 dixit,
820 3603 851 3659 in
879 3603 1053 3660 aeternitate
1075 3603 1172 3661 inesse

112 3697 225 3744 warum
246 3690 408 3764 voluptatem
431 3697 455 3744 et
477 3707 533 3744 eaor
557 3691 757 3762 senpiternam
785 3707 880 3761 neque
902 3688 980 3745 enim
1003 3688 1097 3764 ipsam
1119 3708 1172 3745 vo·

112 3760 236 3840 luptatem
258 3771 419 3830 aeternitas
440 3770 593 3840 afferebat,
617 3773 669 3830 sed
691 3772 763 3844 eius,
787 3773 811 3830 si
834 3774 964 3838 adesset,
988 3773 1173 3849 sempiterni·

112 3857 197 3926 litem3
222 3859 272 3914 sed
295 3877 361 3915 cnm
384 3857 440 3914 hoc
463 3858 637 3914 vocabulum
661 3859 690 3914 in
714 3877 768 3915 usu
796 3877 854 3916 non
878 3869 970 3930 esset,
1004 3859 1056 3916 illo
1078 3859 1172 3916 altero

111 3939 181 3998 nodo
201 3944 318 4000 locutus
346 3953 399 4000 eat.
450 3945 600 4019 Apparet,
636 3961 726 4019 prave
755 3963 856 4001 omnes
883 3944 951 4002 inde
968 3945 1006 4000 ab
1024 3944 1171 4015 Ernestio,

32 4069 33 4082 .
112 4017 234 4085 ll'allero
257 4039 378 4085 anctore
400 4037 431 4085 et
452 4028 578 4085 Davisio
600 4047 735 4093 suasore,
760 4028 927 4105 scripsisse:
956 4032 983 4086 io
1010 4048 1079 4104 qno,
1113 4047 1173 4104 qna

31 4123 32 4128 ¹
111 4115 254 4170 nuatione
276 4113 374 4170 inanis
397 4112 525 4170 efficitur
546 4114 685 4189 repetitio
708 4114 786 4185 eius,
810 4115 889 4188 quod
913 4115 1023 4171 dictum
1046 4113 1105 4170 iam
1128 4123 1174 4172 est

111 4187 227 4274 (Dempta
248 4197 330 4276 cet).
374 4198 542 4256 Videndum
566 4199 655 4256 etiam
684 4209 763 4268 erat,
796 4199 827 4256 id
855 4201 979 4269 bonum,
1014 4217 1072 4274 qno
1100 4200 1173 4257 dens

111 4272 249 4351 fineretur,
272 4292 390 4340 rectene
408 4287 435 4340 in
458 4285 506 4340 deo
528 4303 585 4342 ease
607 4284 762 4342 diceretur.
