2956 5028
334 381 397 444 272
727 401 771 446 na
794 397 925 445 sturnus
948 397 1019 443 sos.

332 563 527 647 profitendae
546 567 617 646 sint,
634 585 673 632 ue
691 567 723 631 id
735 585 796 631 nou
807 567 926 646 pudeat
936 565 1062 644 sentire,
1079 566 1162 648 quod
1172 567 1290 647 pudeat
1300 566 1431 632 dicere.

335 669 384 731 78.
402 667 564 733 Amicitiae
580 686 654 733 vero
671 668 757 732 locus
775 667 827 732 ubi
844 685 915 732 esse
930 674 1035 748 potest
1051 674 1106 733 aut
1122 667 1193 748 quis
1209 667 1326 733 amicus
1348 685 1433 732 esse

334 769 486 851 cuiquam,
508 788 602 851 quem
620 789 681 835 uon
699 769 803 851 ipsum
819 776 902 834 amet
917 777 1049 850 propter
1065 769 1188 850 ipsum?
1211 770 1293 847 Quid
1309 778 1431 834 autem

334 879 383 934 est
399 888 514 950 amare,
536 891 627 954 equo
639 889 750 936 nomeu
762 873 888 936 ductum
899 871 1052 936 amicitiae
1063 877 1120 950 est,
1142 871 1202 936 nisi
1224 871 1303 935 velle
1323 870 1432 934 bonis

294 970 467 1052 baliquem
494 971 576 1038 affici
605 991 697 1054 quum
725 973 881 1052 maximis
925 973 1047 1038 etiamsi
1081 973 1122 1037 sd
1152 991 1186 1037 se
1213 991 1250 1038 ex
1278 973 1316 1036 iis
1342 971 1431 1036 nihil

333 1073 508 1138 redundet?
552 1075 695 1154 Prodest7
716 1073 827 1156 iuquit,
850 1074 924 1139 mihi
945 1093 982 1140 eo
1005 1091 1074 1139 esse
1091 1073 1202 1139 auimo.
1247 1075 1350 1138 Immo
1378 1075 1431 1136 vi-

405 1298 425 1342 l.
440 1295 601 1360 proferendae
619 1294 785 1346 LPMCROr.
824 1311 853 1344 ne
871 1293 931 1344 idern
948 1297 966 1344 C
1006 1311 1035 1343 ae
1052 1293 1078 1344 id
1093 1294 1183 1358 pudent
1200 1311 1230 1343 as
1245 1291 1335 1343 sentin
1357 1294 1433 1358 quod

333 1377 378 1410 nou
394 1361 522 1426 pudeutli
566 1369 588 1411 ἱ.
607 1363 648 1412 ubi
663 1361 728 1413 iocus
746 1364 769 1411 R
812 1379 863 1412 esse
881 1373 938 1426 post
956 1363 1046 1412 amicus
1064 1363 1154 1412 0th
1198 1369 1222 1414 4.
1241 1361 1310 1412 exC
1360 1362 1429 1410 ami-

333 1430 405 1478 citiae
423 1429 516 1480 ᾰυαυηι
534 1431 632 1480 LMCR
685 1437 706 1480 b.
727 1449 756 1480 ex
773 1431 810 1480 bis
831 1429 901 1498 [A]L
924 1429 983 1480 ndi!
999 1449 1029 1480 ex
1045 1431 1076 1480 ib
1093 1429 1162 1481 EOr.
1223 1435 1246 1478 6.
1268 1429 1385 1496 [raderetur
1406 1439 1430 1477 et

330 1497 430 1561 prodest
449 1498 524 1566 Aah]
544 1498 627 1549 redeat
644 1499 703 1562 quid
716 1498 814 1564 prodest
828 1500 896 1549 LMC
911 1499 994 1548 redeat
1003 1508 1025 1548 et
1036 1499 1105 1564 prod.
1117 1499 1230 1564 Pistum)
1252 1499 1346 1548 redeat.
1390 1497 1431 1546 Et

333 1565 424 1629 quidem
439 1567 511 1631 prod.
530 1567 571 1618 Or.
609 1568 685 1631 inquis
704 1567 769 1628 (PJR
787 1583 837 1618 ont.
856 1567 907 1618 MC
960 1568 1026 1626 (neubi
1041 1567 1118 1630 inquis
1137 1567 1168 1630 R)
1208 1567 1232 1614 in
1251 1583 1278 1616 eo
1298 1566 1428 1617 LPMCR

414 1793 582 1865 prqitendoe
609 1790 675 1866 sr'ut)
698 1793 870 1865 Profiteudae
892 1791 981 1848 etiaur
999 1791 1064 1850 Pal.
1080 1795 1106 1862 1,
1129 1784 1305 1869 El1(‘.>?).
1328 1790 1425 1847 codd.

333 1875 409 1932 Mor.
422 1885 451 1931 et
464 1875 551 1937 Soal„
575 1894 629 1932 nec
641 1875 769 1933 dubitari
792 1877 879 1933 debet
901 1877 937 1934 de
951 1877 1038 1952 Spir.,
1062 1895 1241 1951 quamquam
1253 1873 1350 1933 Gzius
1376 1875 1426 1930 in-

332 1959 468 2016 credibili
490 1961 633 2018 socordia.
655 1958 816 2036 praelatus,
841 1961 997 2018 Davisium
1014 1961 1050 2018 de
1062 1961 1127 2018 Pal.
1143 1964 1157 2018 1
1171 1959 1235 2017 falli
1248 1958 1344 2016 videri
1363 1978 1424 2015 nec

332 2044 492 2119 quidquam
505 2043 667 2104 Gruterum
681 2065 798 2102 monere
811 2047 856 2122 (at
872 2045 897 2102 is
914 2047 1068 2122 perspicue
1080 2046 1154 2104 illud
1166 2043 1307 2120 scripsit).
1325 2057 1423 2119 negat

335 2147 423 2198 „suos
445 2129 512 2187 illos
535 2131 620 2188 binos
642 2131 983 2206 avulgatadiscedore“.
1006 2128 1046 2211 [B
1058 2127 1161 2210 recte]
1183 2127 1299 2188 Deinde
1311 2147 1423 2185 omnes

333 2231 403 2270 suos
426 2215 498 2272 dicit
518 2215 627 2272 habere
650 2226 712 2272 erent
733 2216 954 2291 itaqusedidit;
976 2215 1092 2273 fallitur
1103 2216 1138 2273 da
1151 2215 1211 2273 Erl.
1235 2223 1273 2272 et.
1297 2213 1421 2288 opinor.

332 2298 369 2354 de
391 2299 541 2368 onrnibus;
564 2300 768 2358 coniunctivus
790 2311 835 2358 est
857 2319 894 2357 ex
917 2320 953 2358 eo
969 2319 1087 2377 genere.
1110 2300 1222 2376 dequo
1240 2299 1354 2356 dietum
1375 2308 1422 2354 est

331 2383 369 2438 ad
392 2387 407 2454 ς
434 2384 481 2440 15.
525 2385 571 2442 Da
598 2385 754 2461 gerundivi
781 2404 836 2442 usu
858 2386 888 2442 in
910 2387 967 2444 hoc
989 2386 1054 2443 loco
1077 2385 1139 2444 dixi
1162 2385 1200 2442 ud
1222 2385 1252 2455 Ι,
1276 2385 1305 2440 6.
1340 2383 1420 2440 Mox

332 2487 364 2524 ne
386 2469 416 2525 ul
436 2487 487 2526 noa
505 2472 610 2546 pudeat
633 2480 688 2527 eet.
710 2471 752 2528 sic
773 2470 982 2547 adiunguntur,
1005 2479 1037 2528 ut
1050 2489 1116 2528 eum
1128 2470 1272 2528 brevitate
1284 2467 1421 2542 quadam

332 2562 361 2609 et
384 2553 480 2629 ellipsi
503 2553 608 2614 Cicero
631 2555 785 2631 significet
808 2575 867 2631 quo
889 2555 1013 2614 consilio
1036 2575 1152 2631 quaque
1175 2555 1211 2612 de
1233 2572 1323 2610 eausa
1340 2554 1419 2609 haec

332 2638 425 2708 dicat3
448 2635 518 2717 (hoc
540 2640 606 2698 ideo
629 2649 727 2698 statuo
750 2649 779 2697 et
802 2640 877 2712 dieo,
900 2661 937 2698 ne
960 2651 1025 2703 eet..
1049 2640 1161 2698 idest:
1189 2657 1267 2709 uam,
1291 2637 1350 2695 nisi
1375 2638 1419 2694 ita

332 2723 531 2795 statuerimus,
555 2743 613 2782 non
636 2724 759 2800 pudebit
781 2724 865 2806 cet.);
889 2725 951 2795 cin,
976 2726 1000 2783 si
1013 2725 1087 2782 tanti
1110 2734 1164 2797 est,
1187 2725 1212 2794 Ι,
1236 2725 1276 2780 43
1300 2723 1348 2798 (ue
1372 2727 1414 2778 in·

332 2810 404 2864 sidia
428 2805 510 2887 cet).
554 2809 693 2867 Erratuur
715 2819 759 2867 est
782 2809 812 2867 in
835 2811 881 2868 bis
904 2830 921 2867 a
944 2811 1087 2886 pluribus.

419 2893 468 2950 78.
502 2896 571 2969 quid
596 2905 683 2950 autem
711 2905 750 2952 est
778 2895 884 2968 errrore)
923 2895 1065 2953 Davisius
1095 2894 1222 2952 malebat
1243 2895 1313 2968 quid
1333 2895 1415 2955 muira,

331 2977 411 3050 quod
433 2988 625 3053 praeceperat
643 2979 677 3050 is,
702 2979 785 3036 euius
797 2981 994 3038 correctiones
1006 2979 1090 3038 codd.
1102 2975 1145 3048 Εξ
1158 2979 1276 3036 habent.
1300 2977 1418 3034 Putant

332 3062 409 3118 enim
433 3081 469 3119 ex
493 3064 610 3120 aarandi
632 3065 762 3134 notione,
786 3084 801 3121 e
824 3084 883 3139 quo
906 3084 1013 3123 nomen
1035 3064 1183 3122 amicitiae
1194 3063 1316 3120 ductum
1333 3061 1417 3119 diea-

323 3155 389 3210 rtur,
413 3147 588 3218 confirmari,
612 3148 692 3223 quod
713 3148 749 3205 de
772 3149 903 3207 amicitia
925 3149 1035 3207 dietum
1057 3150 1105 3207 sit.
1150 3147 1210 3208 Sed
1221 3146 1336 3214 Cicero,
1362 3165 1416 3222 po·

331 3231 389 3288 sito
411 3231 470 3288 iam
492 3231 522 3288 iu
545 3233 643 3307 priore
666 3233 811 3290 sententia
832 3237 920 3310 rpqrun
937 3245 1053 3310 propter
1068 3237 1166 3310 ipsum,
1188 3233 1244 3290 boc
1261 3241 1416 3306 tamquam

282 3325 286 3333 '
331 3335 440 3373 novum
463 3315 604 3392 adiungit.
632 3317 709 3376 Tum
732 3320 840 3376 ductum
862 3322 994 3376 aruicltr'ue
1016 3318 1164 3378 Gruterus
1180 3317 1269 3374 tacite
1286 3313 1339 3396 [ex
1352 3311 1415 3394 A];

330 3398 497 3475 superiores
520 3410 550 3458 et
571 3401 712 3460 Davisius
733 3421 749 3458 e
772 3403 833 3460 suis
855 3404 949 3467 codd..
977 3413 1010 3460 ut
1031 3404 1124 3461 nostri
1152 3402 1323 3460 deteriores.
1368 3401 1415 3458 De

331 3503 376 3551 eo,
399 3485 478 3557 quod
500 3485 646 3560 seqnitur,
675 3489 714 3544 od
740 3507 782 3558 se,
806 3489 916 3546 dictum
939 3489 1028 3560 adl,
1054 3490 1102 3546 67.
1136 3488 1216 3546 Nib'l
1228 3507 1262 3545 ea·
1277 3485 1413 3544 iisetiam

330 3568 409 3644 Spir.
432 3567 472 3646 [B
494 3571 561 3628 nibil
581 3589 614 3628 er
636 3568 713 3648 irps]
1465 3569 1466 3585 ³

417 3657 555 3712 redundet.
589 3657 719 3728 Prodest)
742 3653 833 3733 [Cum
845 3657 982 3714 ederetur
992 3659 1093 3714 redeat.
1127 3658 1169 3714 Et
1180 3659 1305 3733 prodeat,
1317 3657 1413 3730 iuquit.

331 3743 388 3814 (-
410 3748 435 3795 et
452 3741 565 3814 prodest
587 3740 617 3796 in
641 3741 800 3800 Palatinis.
830 3742 855 3798 si
878 3741 1009 3800 Grutero
1032 3742 1149 3813 credas,
1178 3743 1331 3813 omnibus,
1361 3733 1412 3806 Εξ,

332 3821 411 3880 Gud.
436 3824 453 3880 2
479 3821 545 3902 -),
569 3825 730 3882 Lambinus
747 3825 832 3883 fecit:
855 3828 897 3882 Et
915 3829 1020 3901 quidem
1040 3829 1162 3902 prodest,
1186 3835 1413 3900 tenueruntque,
1464 3815 1465 3857 ¹

331 3916 455 3982 excepto
477 3909 612 3979 Dormio,
635 3911 735 3966 ceteri.
779 3910 888 3986 (Gaius
910 3911 999 3968 etiam
1022 3911 1084 3969 Erl.
1112 3921 1142 3969 et
1171 3911 1249 3987 Spir.
1274 3927 1412 3982 „servare

330 3990 456 4066 simplex
473 3995 599 4067 qur'dem“
624 3995 765 4060 narravit,
789 4013 854 4051 curn
866 3995 987 4053 deberet
997 4005 1022 4053 et
1033 3995 1154 4072 dicere.)
1176 3997 1241 4054 Alii
1252 3997 1414 4054 deteriores

331 4075 391 4150 (El.
403 4083 535 4151 uterque,
558 4078 666 4148 Maad„
690 4077 776 4149 CCC,
799 4077 947 4156 Omex,
970 4080 1050 4139 Gud.
1066 4081 1097 4155 1)
1115 4101 1152 4138 ex
1163 4080 1276 4139 infelici
1300 4095 1411 4139 conec·
1463 4043 1464 4129 i

331 4159 411 4215 tione
429 4163 497 4234 quid
508 4163 630 4236 prodest,
653 4173 687 4219 ut
697 4163 765 4221 LM.
798 4165 848 4221 Ad
861 4166 954 4222 redeat
965 4184 1050 4224 nemo
1067 4167 1230 4241 quidquam
1246 4171 1411 4227 annotarat,
1462 4231 1463 4236 χ

331 4260 368 4298 ne
396 4242 422 4300 is
449 4245 582 4318 quidem,
612 4247 661 4321 qui
685 4247 756 4304 mihi
779 4248 840 4304 Erl.
864 4249 997 4307 eontulit.
1040 4253 1147 4325 Itaque
1169 4259 1257 4308 antea
1278 4250 1409 4308 dixeram

331 4327 372 4382 Et
389 4329 503 4400 prodest
524 4328 650 4388 fortasse
678 4330 797 4388 defendi
824 4351 925 4408 posse,
960 4333 1012 4391 sed
1039 4335 1135 4393 videri
1165 4329 1355 4393 scribendum
1377 4334 1411 4390 m

1448 4679 1461 5003 l
