3034 5030
336 429 399 494 354
729 448 773 493 ne
795 447 928 494 rmmus
950 447 1023 494 aon.

336 615 419 679 omni
441 615 601 680 voluntate
629 615 844 697 sententiaque
871 615 1064 680 coniunctus.
1108 619 1138 680 9.
1167 615 1349 694 Praeclare,
1371 615 1425 680 in-

336 718 411 798 quit,
434 717 519 794 facie,
541 735 611 780 cum
633 725 665 782 et
686 736 794 782 eomuu
806 718 986 783 memoriam
1008 723 1108 796 teneo,
1130 737 1263 798 quorum
1285 724 1427 799 uterque

336 819 390 884 tibi
412 825 598 884 testamento
620 818 734 884 liberos
757 838 831 884 suos
854 821 1089 893 commendavit,
1112 831 1145 884 et
1160 838 1294 901 puerum
1306 819 1425 902 diligis,

336 921 427 998 Quod
449 931 553 986 autem
574 939 677 985 meum
699 939 812 986 munus
834 922 920 997 dieis,
944 941 1006 986 nou
1028 922 1172 1002 equidem
1201 940 1327 1000 recuso,
1363 923 1427 986 sed

247 1051 250 1056 ·
297 1029 366 1090 5oe
389 1023 526 1104 adiungo
548 1023 674 1087 socium.
708 1023 799 1088 addo
822 1024 916 1088 etiam
938 1023 1023 1103 illud,
1046 1023 1145 1088 multa
1166 1025 1227 1087 iam
1250 1023 1326 1088 mihi
1342 1023 1426 1088 dare

336 1125 425 1206 signa
451 1144 584 1206 puerum
617 1135 649 1190 et
681 1125 812 1206 pudoris
840 1135 872 1190 et
897 1125 1029 1206 mgenii;
1062 1127 1119 1192 sed
1152 1133 1287 1190 aetatem
1320 1125 1426 1190 vides

336 1227 435 1292 Video
468 1227 626 1308 equidem,
664 1229 804 1308 inquam3
839 1229 895 1292 sed
928 1235 1033 1292 mmeu
1065 1229 1127 1292 iem
1155 1227 1238 1292 infici
1265 1228 1362 1292 debet
1383 1228 1426 1291 iis

335 1328 465 1406 artibus
487 1347 567 1410 quas
589 1331 625 1407 si,
647 1331 722 1394 dum
734 1337 783 1393 est
793 1337 891 1408 tener,
913 1329 1103 1406 combiberit,
1125 1331 1167 1393 ad
1182 1329 1303 1394 maiora
1313 1329 1427 1394 veniet

335 1432 485 1511 paratior.
519 1467 559 1476 -
594 1431 657 1510 Sic3
696 1439 727 1495 et
767 1431 891 1512 quidem
923 1431 1101 1511 diligentius
1135 1431 1324 1512 saepiusque
1359 1432 1427 1496 ista

404 1667 626 1735 2.[morieA]
674 1665 1381 1733 e.eotmnsp.pomm1oleouuoemen.
1402 1671 1426 1718 1,

337 1742 359 1788 e.
376 1755 475 1803 puerum
492 1747 514 1788 et
532 1737 619 1790 omli
661 1738 743 1788 [iem
761 1752 801 1786 om
830 1737 851 1786 E
887 1737 1038 1800 elficitaucea
1057 1738 1143 1788 1an
1178 1737 1217 1788 lis
1236 1737 1278 1787 LC
1313 1741 1340 1791 9.
1363 1736 1427 1806 [pa-

337 1805 414 1856 ratior
430 1807 461 1856 ric
480 1815 502 1856 et
524 1805 615 1869 quiden
633 1804 707 1873 All]
725 1803 839 1870 paratior
855 1805 891 1854 sic
908 1805 1014 1869 equidem
1033 1805 1155 1858 LPMCP.

336 2024 515 2092 exaggerate
537 2014 635 2090 placet
656 2013 824 2089 (omrriduc
845 2015 990 2084 arcellare,
1012 2031 1072 2070 non
1095 2013 1151 2070 hec
1173 2013 1263 2070 illave
1284 2031 1332 2081 re,
1368 2016 1425 2072 sed

336 2101 497 2173 universe),
520 2117 615 2174 neque
638 2099 711 2155 heec
733 2107 802 2174 apte
824 2099 902 2156 inter
923 2117 955 2156 sa
978 2097 1083 2156 referri
1104 2098 1258 2156 videntur:
1280 2119 1341 2156 mon
1364 2120 1425 2157 om·

337 2187 414 2243 uidete
435 2187 573 2249 eccelleru,
603 2195 657 2241 uem
685 2203 786 2241 macrum
812 2189 981 2256 coniunctus,
1004 2185 1035 2241 in
1063 2202 1123 2257 qua
1151 2185 1294 2242 orationis
1320 2183 1426 2243 forma

337 2271 517 2346 comper-atio
540 2269 641 2344 aliqua
664 2289 728 2327 esse
752 2270 867 2327 ridetur
889 2271 1019 2327 omnium
1037 2279 1067 2326 et
1084 2269 1186 2345 ipsius
1220 2271 1256 2328 In
1284 2272 1424 2348 margine

336 2356 419 2413 editt.
435 2355 697 2413 Lambiniauarum
711 2365 884 2412 annotatur:
914 2355 1087 2424 „Fortaseez
1109 2375 1168 2413 cum
1191 2357 1271 2412 rebus
1298 2358 1426 2415 merulus

336 2443 494 2498 crcedors.“
540 2440 708 2519 [Praestatz
731 2461 789 2498 mem
813 2443 955 2498 cirtulibue
977 2441 1112 2507 ominium
1134 2441 1274 2498 Baiterus
1296 2442 1328 2499 in
1348 2443 1424 2501 edit.

336 2527 421 2583 mim:
442 2547 502 2584 cum
524 2547 592 2584 omn.
607 2529 755 2584 cicladibus.
789 2529 950 2584 Praeterea
966 2527 1162 2602 probabiliter
1171 2528 1310 2586 Halmius
1327 2529 1425 2586 scribi

336 2612 445 2670 voluit:
467 2623 492 2669 et
514 2614 551 2668 L.
574 2609 732 2692 Lucullum]
781 2613 877 2670 Paulo
905 2622 974 2688 post
995 2607 1045 2692 (9)
1068 2611 1162 2670 Gaius
1184 2614 1228 2670 eit
1248 2613 1279 2670 in
1302 2613 1367 2670 Erl.
1392 2626 1426 2672 et

338 2697 416 2774 Spir.
429 2717 508 2755 esse:
530 2719 593 2754 suos
611 2708 764 2754 uelorucuto
776 2700 880 2770 liberos,
903 2716 1005 2755 errans
1018 2698 1053 2754 de
1066 2698 1128 2755 Est.
1156 2697 1200 2776 [L
1203 2709 1214 2755 t
1225 2699 1252 2756 is
1264 2699 1356 2756 etiam
1368 2699 1424 2778 Β.]

424 2787 451 2840 9.
477 2784 538 2852 Sic3
561 2781 732 2862 etquidem)
767 2783 955 2842 Deteriorum
984 2783 1118 2840 codicum
1146 2785 1294 2860 scriptura
1316 2785 1425 2860 (Pell,

337 2868 428 2940 01¹,
452 2867 522 2927 Gzii
544 2877 663 2944 praeter
685 2869 745 2926 Erl.
769 2879 799 2926 et
821 2869 915 2945 Spir.)
943 2868 1129 2926 defensorem
1151 2879 1239 2926 necta
1267 2879 1313 2927 est
1334 2871 1425 2929 Han-

336 2955 432 3016 dium.
456 2955 506 3030 qui
529 2955 616 3012 Ture.
639 2956 671 3013 11
688 2974 717 3030 p.
736 2956 798 3012 428
821 2975 858 3011 ex
886 2955 1030 3012 hocloco
1053 2966 1084 3012 et
1104 2955 1172 3013 aliie
1199 2974 1258 3012 non
1287 2956 1424 3026 meliori-

337 3041 392 3098 bus
409 3039 476 3118 (οὐ.
494 3039 605 3116 Opuse.
622 3042 805 3098 nostrised.
822 3043 838 3098 1
856 3061 885 3116 p.
904 3036 980 3117 497)
1004 3040 1141 3099 Ciceroni
1153 3041 1283 3098 vindicet
1295 3045 1425 3115 cqra'dem

336 3125 445 3203 plurali
468 3126 616 3189 iunctum:
640 3144 818 3202 quamquam
841 3126 913 3200 quid
934 3135 1027 3183 esset:
1060 3130 1099 3183 eic
1120 3129 1242 3201 aperitione
1265 3129 1426 3201 did'qentiue

337 3216 389 3269 isto
418 3213 570 3286 loquemur.
605 3211 712 3268 rellem
741 3211 935 3280 declarassel3
969 3230 1037 3268 nam
1066 3211 1138 3268 mihi
1166 3231 1261 3288 neque
1289 3215 1329 3269 sic
1353 3232 1423 3271 cum

337 3296 443 3355 ceteris
466 3297 624 3354 cohaerere
647 3297 765 3354 videtur
792 3315 886 3372 neque
915 3299 1036 3372 equidem
1059 3298 1220 3372 quidquam
1242 3298 1425 3375 significare.

336 3386 482 3459 Apparet.
505 3382 648 3441 Catonem
671 3383 799 3458 primum
826 3383 978 3445 assentiri,
1013 3392 1074 3440 tum
1102 3383 1217 3458 aliquid
1243 3384 1356 3441 addere
1383 3383 1426 3466 (et

336 3471 468 3544 quidem).
502 3469 607 3542 Itaque
632 3481 711 3526 recte
734 3467 882 3526 Gruterus
904 3487 921 3524 e
943 3467 1038 3525 Pell
1065 3469 1424 3547 (paratioreitetquidem)

336 3555 367 3612 id
390 3553 497 3614 effecit.
521 3554 601 3628 quod
624 3553 685 3611 Erl.
709 3563 738 3610 et
763 3553 841 3629 Spir.
864 3553 1049 3610 confirmant.
1083 3553 1158 3631 [Sed
1169 3555 1231 3612 Erl.
1250 3555 1318 3612 elB
1343 3575 1424 3614 nunc

337 3641 485 3698 indicatur
507 3657 574 3696 curu
596 3641 627 3696 A
650 3637 841 3716 consentire]
885 3640 997 3696 Verum
1021 3641 1191 3716 ambigitur.
1215 3659 1285 3697 num
1313 3640 1424 3700 Cicero

338 3727 368 3783 in
390 3745 512 3782 assensu
543 3724 721 3783 declarando
754 3743 820 3782 cum
854 3725 1023 3782 huiusmodi
1056 3726 1246 3783 adiunctione
1275 3726 1354 3784 uude
1382 3731 1424 3786 eie

338 3811 462 3873 dixerit.
498 3811 577 3886 quod
599 3812 679 3887 apud
702 3812 830 3868 corrricos
859 3811 888 3867 in
911 3809 1118 3886 respondendo
1140 3813 1262 3887 ponitur
1283 3813 1423 3891 (Terent.

338 3897 459 3954 Pborrn.
482 3897 524 3958 11.
549 3897 577 3957 2.
602 3898 636 3960 2:
659 3915 727 3954 narn
750 3897 779 3954 in
803 3897 911 3954 Heaut.
934 3897 1089 3959 111.2.12
1113 3901 1152 3955 sic
1168 3901 1236 3954 cotio
1254 3897 1315 3956 alio
1332 3899 1423 3956 modo

338 3983 455 4043 dicitur.
478 3994 511 4040 ut
533 3982 563 4040 in
587 3983 707 4040 Phorm.
729 3982 754 4040 I.
780 3983 808 4042 ⁸2.
834 3983 872 4038 95
896 3986 935 4039 sic
958 3978 1082 4062 teuniter)
1106 3993 1136 4040 et
1157 3984 1236 4059 apud
1259 3983 1357 4060 ipsum
1370 3983 1424 4043 Ci-

338 4085 473 4126 ceronem
498 4069 630 4144 Philipp.
652 4069 694 4130 11.
718 4071 773 4125 44:
804 4070 883 4124 l'imte
904 4071 1000 4140 opiner.
1030 4079 1054 4124 le
1081 4072 1257 4143 inspiciamus
1278 4090 1296 4126 o
1314 4077 1424 4145 puero!

340 4155 395 4216 Sic,
419 4159 528 4230 opinor.-
550 4175 568 4210 o
587 4159 722 4230 prirurpio
743 4157 892 4211 ordiamur.
927 4154 994 4230 (Sic
1010 4154 1089 4210 enim
1112 4155 1422 4232 recteHeusingerus,

339 4257 411 4294 non:
434 4243 473 4296 sic
495 4241 611 4315 opinor.)
639 4242 745 4315 Itaque
767 4239 944 4297 Lambinus:
968 4240 1014 4296 Sic
1036 4251 1085 4307 eet,
1108 4242 1252 4315 etquidem
1274 4251 1330 4298 cet
1360 4242 1422 4318 (De

339 4323 374 4380 R.
397 4325 432 4380 P.
454 4326 480 4382 1.
505 4327 559 4382 60:
590 4325 650 4387 Sic.
674 4329 773 4400 iuquit.
795 4337 849 4386 eet:
877 4326 947 4382 Ter.
970 4326 1065 4383 Andr.
1088 4326 1130 4391 Π,
1159 4329 1185 4394 1,
1213 4329 1238 4395 1,
1262 4325 1315 4400 al.)
1362 4327 1423 4387 Sed

339 4407 507 4466 defenditur
528 4415 566 4467 sic
589 4412 781 4468 similitudine
793 4412 875 4468 vocis
897 4415 934 4468 ito
952 4411 1087 4470 similiter
1109 4412 1238 4487 positae,
1262 4413 1353 4470 etiam
1371 4412 1422 4470 ubi
