3034 5030
328 367 393 430 414
724 383 769 428 nu
791 382 920 430 sursus
942 383 1014 428 nos.

417 551 505 615 XIII.
527 552 578 614 42.
612 553 661 615 An
684 568 759 614 vero
783 550 898 614 certius
909 549 1078 630 quidquam
1088 557 1193 630 potest
1215 569 1294 628 esse,
1315 569 1408 632 quarn

329 653 455 717 illorum
478 650 608 730 ratione,
630 652 684 732 qui
705 651 843 716 dolorem
866 651 897 715 in
919 650 1147 730 malisponuut,
1170 669 1232 715 non
1251 660 1407 732 possesa-

402 878 421 919 1.
440 888 520 920 annon
538 871 624 920 certata
643 871 664 920 C
708 876 730 918 2Δ
754 870 804 938 [ιἸἱο
823 869 915 919 ratione
933 870 967 936 A]
987 867 1030 918 itta
1043 871 1135 920 maone
1152 871 1174 918 E
1193 869 1237 920 illa
1254 873 1317 921 ratio
1334 882 1370 922 nt
1389 873 1408 920 Ρ

329 939 373 989 illo
390 941 453 989 ratio
472 957 550 989 eonem
568 940 621 987 MR
640 937 683 988 atta
700 939 763 988 rott'o
782 939 868 998 torano
887 939 915 997 L)
934 947 969 986 ert
986 955 1064 988 eonem
1083 938 1171 994 (lorsam
1192 939 1221 997 C)
1241 939 1283 988 Le

329 1114 444 1188 opinor,
468 1111 650 1182 Antiochus,
684 1130 743 1168 non
766 1131 854 1168 verus
876 1109 1116 1188 Peripateticus),
1144 1121 1244 1168 tamen
1271 1102 1408 1186 ποιητικὰ

328 1195 381 1272 τῆς
404 1189 594 1269 εὐδαιμονίας
623 1215 659 1252 ea
688 1196 826 1252 dicebant
853 1193 923 1274 (boc
945 1195 1049 1270 miror)
1078 1205 1108 1252 et
1129 1183 1361 1270 συμβάλλεσθαί
1379 1215 1407 1250 τι

328 1269 475 1356 παρόντα.
510 1279 605 1338 Stoici
616 1281 773 1356 negabant,
790 1281 949 1355 quidquam
962 1290 1080 1356 praeter
1090 1281 1229 1336 virtutem
1242 1281 1279 1337 ad
1292 1281 1407 1337 beatam

329 1365 421 1422 vitam
433 1365 637 1440 complendam
648 1366 811 1440 pertinere;
834 1365 886 1422 cfr.
909 1367 998 1422 Tuae.
1019 1367 1058 1434 V,
1072 1367 1122 1434 47,
1146 1363 1226 1422 Gall.
1239 1365 1357 1436 XVIII,
1382 1369 1407 1434 l,

330 1450 413 1509 Stob.
436 1450 499 1506 Ecl.
524 1449 592 1506 Eth.
619 1452 677 1507 142
700 1452 791 1508 Heer.
813 1442 914 1526 (ἀξίαν
933 1440 1093 1524 ἐκλεκτικὴν
1105 1442 1188 1524 ἔχειν,
1212 1441 1408 1525 supplantatis

330 1523 355 1591 δ’
379 1525 519 1606 οὐδαμῶς
540 1525 615 1609 πρὸς
636 1525 689 1591 τὸν
710 1525 872 1608 εὐδαίμονα
892 1527 970 1611 βίον)
993 1535 1106 1591 et156.
1139 1534 1302 1590 Videamus
1318 1552 1406 1602 nunc,

329 1619 394 1676 leve
417 1617 482 1674 cod.
505 1618 658 1695 archetypi
682 1619 818 1675 mendum
842 1637 915 1692 quas
938 1620 1040 1675 turbas
1067 1619 1216 1695 genuerit,
1251 1618 1408 1674 accedente

328 1703 565 1778 interpolatione.
611 1704 676 1761 Pal.
700 1705 728 1772 4,
751 1705 836 1761 Parr.
863 1706 888 1773 l,
913 1705 947 1772 2,
971 1702 1050 1762 Gud.
1074 1706 1091 1760 2
1116 1704 1300 1761 retinuerunt
1321 1707 1409 1759 nostri

329 1808 394 1858 notu
417 1788 446 1844 in
471 1789 576 1846 ceteris
599 1788 750 1846 codicibus
772 1789 887 1846 adiecta
908 1789 1097 1846 adversativa
1118 1787 1264 1864 particula
1275 1789 1406 1864 negatio-

329 1892 396 1930 nem
419 1873 548 1948 expulit:
571 1878 657 1930 nostri
677 1893 747 1938 nera
790 1873 906 1930 Deinde
930 1893 984 1948 pro
1007 1874 1067 1931 his:
1090 1877 1164 1948 quod
1185 1893 1218 1930 ea
1240 1876 1311 1929 omm
1324 1879 1405 1929 uesti-

328 1961 443 2014 matr'onc
469 1961 562 2033 olt'qaa
590 1961 699 2032 dt'qnum
733 1958 873 2033 scriptum
902 1968 962 2014 est:
996 1961 1070 2032 quod
1095 1961 1277 2015 aestimatione
1303 1963 1407 2014 ormino

329 2045 423 2117 aliqua
446 2045 556 2116 dipnam
579 2040 671 2123 (Pall.
694 2052 772 2113 cett,
796 2043 858 2100 sine
881 2043 1068 2114 dubioDav.,
1098 2043 1192 2112 Oxxs,
1216 2042 1310 2101 Gzius
1331 2043 1406 2099 nihil

328 2128 483 2204 perspicue
506 2127 647 2204 scripsit).
696 2129 773 2184 Tum
801 2137 914 2198 autern,
948 2129 1036 2203 quod,
1060 2129 1176 2185 sublato
1198 2127 1249 2184 illo
1272 2148 1305 2184 ar
1327 2132 1405 2198 marai,

328 2213 401 2269 nihil
424 2221 497 2282 erat,
520 2232 579 2287 quo
601 2213 761 2270 referretur
783 2216 921 2288 coaptat,
945 2213 1084 2289 seriptum
1115 2214 1145 2270 in
1168 2213 1353 2288 paucissimis
1375 2225 1405 2268 et

328 2297 464 2373 pessimis
486 2298 580 2366 codd,
603 2308 636 2355 ut
657 2299 688 2354 in
700 2307 801 2355 nostro
813 2297 847 2368 L,
870 2301 1020 2372 conplecti)
1039 2299 1178 2374 (compleri
1187 2299 1317 2354 retinent
1327 2299 1403 2354 Pell.

329 2400 439 2450 omnes,
463 2383 547 2438 Parr.
562 2385 588 2442 1.
603 2383 631 2452 3,
655 2382 762 2452 Mead,
785 2383 842 2450 El,
866 2381 945 2440 Oxx.
964 2377 1033 2459 Εξχ,
1057 2381 1174 2454 Gaiani,
1198 2391 1231 2439 ut
1242 2383 1404 2458 videntur).

328 2467 433 2540 Itaque
450 2477 565 2524 veteres
582 2467 624 2524 sie
643 2467 783 2524 edebant:
806 2471 891 2524 nostri
901 2487 975 2524 vero.
998 2470 1072 2541 quod
1083 2501 1124 2508 —
1136 2470 1246 2541 clipeum.
1267 2472 1311 2538 eit,
1334 2487 1404 2524 omre-

322 2554 396 2627 pleri
405 2555 485 2608 uitam
499 2554 601 2608 beatam
609 2563 714 2627 pateat,
725 2553 905 2610 recentiores
916 2552 984 2608 inde
995 2571 1012 2608 a
1023 2553 1168 2620 Victor-io,
1186 2563 1311 2629 excepto
1322 2553 1405 2618 Ena,

326 2639 553 2710 complorantem
566 2639 779 2712 deotompntart.
809 2637 867 2696 Sed
879 2637 1057 2694 contrarium
1080 2638 1136 2694 boe
1159 2655 1223 2694 esse
1240 2638 1403 2696 sententiae

328 2721 494 2780 Stoicorum
506 2731 536 2778 et
547 2721 679 2792 Catonis,
701 2722 950 2778 animadverterat
971 2723 1028 2778 iam
1052 2723 1190 2780 librarius
1212 2722 1329 2795 aliquis,
1353 2723 1403 2795 qui

326 2807 357 2862 in
380 2806 426 2862 El.
451 2807 467 2861 2
492 2804 561 2884 (l?)
583 2807 714 2883 scripsit:
737 2810 875 2881 complecti
895 2809 999 2863 beatam
1015 2811 1263 2882 saturanonputeat
1284 2805 1404 2882 (beatoru-

326 2891 356 2947 in
380 2909 415 2947 eo
438 2891 538 2948 codice
561 2892 666 2962 omitti,
690 2890 784 2950 Gaius
806 2888 991 2972 somniavit),
1014 2893 1103 2965 idque
1126 2892 1218 2948 secuti
1240 2901 1309 2948 sunt
1330 2893 1404 2948 Bre-

327 2975 402 3032 ntius
424 2984 455 3032 et
477 2975 586 3046 Gaius3
615 2977 662 3033 hio
685 2977 774 3032 etiam
796 2980 922 3051 compleri
943 2977 1102 3034 revocavit.
1151 2977 1252 3033 Facile
1279 2987 1404 3052 apparet

326 3062 517 3141 (quamquam
536 3079 786 3136 supervacaneum
801 3071 846 3118 est
862 3061 1029 3119 huiusmodi
1052 3061 1310 3137 interpolationem
1338 3063 1405 3118 red-

325 3144 477 3223 arguere),
512 3147 698 3222 negationem
726 3146 757 3202 in
786 3146 841 3202 hac
869 3147 1014 3221 scriptura
1043 3165 1101 3203 nou
1130 3165 1165 3203 eo
1187 3145 1308 3216 referri,
1343 3165 1403 3220 quo

326 3231 441 3300 debeat,
464 3249 498 3286 ac
521 3231 619 3306 potius
641 3231 672 3288 id
694 3230 813 3288 omnino
836 3231 947 3300 omitti3
969 3232 1025 3287 boc
1047 3231 1124 3287 enim
1148 3231 1318 3288 dicidebet:
1341 3231 1405 3288 vita

325 3315 413 3371 beata
442 3333 500 3372 non
528 3316 630 3390 utique
658 3334 695 3371 ex
724 3315 813 3375 omni.
842 3316 1046 3390 quodcumque
1075 3316 1279 3373 aestimatione
1302 3316 1406 3390 aliqua

325 3399 444 3474 dignum
467 3409 521 3468 est,
545 3401 708 3475 completur
730 3401 797 3476 (sed
818 3409 932 3457 tantum
956 3419 993 3457 ex
1018 3401 1148 3476 virtute).
1192 3401 1271 3457 lllud
1295 3401 1402 3458 mirum
1476 3407 1482 3416 '

325 3503 389 3540 asse
411 3493 541 3559 poterat,
576 3486 633 3542 nisi
660 3485 801 3542 desissem
829 3485 987 3559 quidquam
1016 3486 1046 3542 in
1073 3485 1130 3542 hoc
1157 3504 1263 3561 genere
1291 3485 1404 3556 mirari,

325 3568 477 3627 Ciceronis
500 3570 627 3627 editores
650 3579 769 3645 putasse
792 3570 849 3626 dici
873 3589 974 3645 posse:
1002 3574 1057 3626 vita
1079 3574 1238 3644 catapletur,
1261 3571 1336 3644 quod
1357 3591 1404 3626 oe·

324 3657 473 3710 stt'ntoaone
494 3657 588 3728 aliqua
611 3657 720 3728 (libanam
742 3665 790 3724 est,
813 3674 867 3730 pro
890 3675 934 3721 eo,
958 3656 1036 3729 quod
1059 3665 1117 3711 est:
1140 3658 1285 3729 completur
1296 3675 1325 3710 eo
1337 3655 1403 3712 sive

324 3759 357 3796 ea
368 3758 405 3794 eo.
429 3738 525 3795 Docet
546 3758 600 3796 nos
612 3739 705 3798 Gzius
717 3741 979 3797 demonstrativum
992 3759 1080 3815 saepe
1093 3740 1197 3797 omitti.
1226 3739 1404 3797 Ablativum

324 3823 492 3880 huiusmodi
515 3834 583 3881 ante
605 3825 817 3882 nominativum
841 3825 958 3881 relativi
986 3844 1044 3881 non
1074 3825 1185 3890 omitti,
1219 3823 1306 3880 facile
1329 3825 1405 3882 mihi

324 3908 475 3976 credetur3
510 3909 675 3967 addendum
704 3929 767 3967 esse
790 3911 819 3966 in
849 3929 885 3966 aa
912 3909 1058 3984 scriptura
1080 3929 1110 3966 eo
1132 3909 1269 3985 Guyetus
1292 3919 1320 3965 et
1345 3910 1405 3967 Tb.

324 3993 476 4050 Bentleius
498 3994 715 4052 intellexerant.

411 4077 483 4154 Cap.
506 4080 597 4150 xm,
621 4081 671 4135 42.
704 4099 786 4154 qrtam
809 4082 913 4136 illorum
924 4077 1040 4153 ratione)
1064 4076 1406 4154 PeripateticosaStoi-

324 4162 366 4219 cis
389 4163 541 4234 dissidere,
565 4183 631 4220 oum
654 4183 691 4221 ex
714 4164 783 4222 boni
806 4164 925 4222 notione
948 4163 1140 4235 ostendisset,
1170 4182 1248 4220 nunc
1270 4182 1308 4219 ex
1329 4163 1408 4220 mali

323 4248 461 4320 ostendit,
484 4249 572 4322 quod,
595 4267 660 4306 cum
672 4249 717 4306 illi
739 4250 870 4306 dolorem
893 4249 923 4306 in
940 4249 1026 4306 malis
1042 4257 1243 4315 annumerent,
1267 4257 1299 4304 ut
1320 4248 1408 4303 vale-

324 4331 455 4390 tudinem
478 4333 508 4390 in
531 4334 626 4404 bonit,
649 4333 767 4392 illorum
795 4334 926 4404 ratione,
960 4334 991 4391 id
1018 4343 1076 4404 est,
1111 4333 1271 4391 secundum
1298 4350 1408 4391 eornm
