<?xml version="1.0" encoding="UTF-8"?>
<!DOCTYPE html PUBLIC "-//W3C//DTD XHTML 1.0 Transitional//EN"
    "http://www.w3.org/TR/xhtml1/DTD/xhtml1-transitional.dtd">
<html xmlns="http://www.w3.org/1999/xhtml" xml:lang="en" lang="en">
 <head>
  <title>
</title>
<meta http-equiv="Content-Type" content="text/html;charset=utf-8" />
  <meta name='ocr-system' content='tesseract 3.04.00' />
  <meta name='ocr-capabilities' content='ocr_page ocr_carea ocr_par ocr_line ocrx_word'/>
</head>
<body>
  <div class='ocr_page' id='page_1' title='image "./definibusbonoru04cicegoog_0690.png"; bbox 0 0 2998 5020; ppageno 0'>
   <div class='ocr_carea' id='block_1_1' title="bbox 346 408 1028 474">
    <p class='ocr_par' dir='ltr' id='par_1_1' title="bbox 346 408 1028 474">
     <span class='ocr_line' id='line_1_1' title="bbox 346 408 1028 474; baseline -0.001 -1"><span class='ocrx_word' id='word_1_1' title='bbox 346 408 410 474; x_wconf 83' lang='grc'><strong>614</strong></span> <span class='ocrx_word' id='word_1_2' title='bbox 737 427 782 472; x_wconf 86' lang='lat' dir='ltr'><strong>nn</strong></span> <span class='ocrx_word' id='word_1_3' title='bbox 805 427 935 474; x_wconf 72' lang='lat' dir='ltr'><strong>sturnus</strong></span> <span class='ocrx_word' id='word_1_4' title='bbox 959 428 1028 474; x_wconf 81' lang='lat' dir='ltr'><strong>sor.</strong></span> 
     </span>
    </p>
   </div>
   <div class='ocr_carea' id='block_1_2' title="bbox 288 594 1414 2120">
    <p class='ocr_par' dir='ltr' id='par_1_2' title="bbox 288 594 1414 2120">
     <span class='ocr_line' id='line_1_2' title="bbox 345 594 1413 678; baseline 0 -18"><span class='ocrx_word' id='word_1_5' title='bbox 345 595 465 676; x_wconf 81' lang='lat' dir='ltr'><strong>Rapior</strong></span> <span class='ocrx_word' id='word_1_6' title='bbox 486 594 570 674; x_wconf 87' lang='lat' dir='ltr'><strong>illuc;</strong></span> <span class='ocrx_word' id='word_1_7' title='bbox 598 605 725 660; x_wconf 86' lang='lat' dir='ltr'><strong>revocat</strong></span> <span class='ocrx_word' id='word_1_8' title='bbox 751 603 855 660; x_wconf 86' lang='lat' dir='ltr'><strong>autem</strong></span> <span class='ocrx_word' id='word_1_9' title='bbox 877 597 1061 676; x_wconf 64' lang='lat' dir='ltr'><strong>Antiochum</strong></span> <span class='ocrx_word' id='word_1_10' title='bbox 1095 615 1153 662; x_wconf 87' lang='lat' dir='ltr'><strong>nec</strong></span> <span class='ocrx_word' id='word_1_11' title='bbox 1179 605 1228 662; x_wconf 88' lang='lat' dir='ltr'><strong>est</strong></span> <span class='ocrx_word' id='word_1_12' title='bbox 1251 605 1413 678; x_wconf 78' lang='lat' dir='ltr'><strong>praetcrea</strong></span> 
     </span>
     <span class='ocr_line' id='line_1_3' title="bbox 345 697 630 779; baseline 0 -18"><span class='ocrx_word' id='word_1_13' title='bbox 345 715 438 779; x_wconf 90' lang='lat' dir='ltr'><strong>quem</strong></span> <span class='ocrx_word' id='word_1_14' title='bbox 459 697 630 762; x_wconf 80' lang='lat' dir='ltr'><strong>audiamus.</strong></span> 
     </span>
     <span class='ocr_line' id='line_1_4' title="bbox 432 797 1413 882; baseline -0.003 -18"><span class='ocrx_word' id='word_1_15' title='bbox 432 797 488 864; x_wconf 89' lang='lat'>111.</span> <span class='ocrx_word' id='word_1_16' title='bbox 523 799 551 864; x_wconf 81' lang='lat'><strong>7.</strong></span> <span class='ocrx_word' id='word_1_17' title='bbox 581 800 660 864; x_wconf 90' lang='lat' dir='ltr'><strong>Tum</strong></span> <span class='ocrx_word' id='word_1_18' title='bbox 683 799 771 864; x_wconf 88' lang='lat' dir='ltr'><strong>Piso:</strong></span> <span class='ocrx_word' id='word_1_19' title='bbox 794 800 863 864; x_wconf 86' lang='lat' dir='ltr'><strong>Etsi</strong></span> <span class='ocrx_word' id='word_1_20' title='bbox 885 801 952 878; x_wconf 89' lang='lat' dir='ltr'><strong>hoc,</strong></span> <span class='ocrx_word' id='word_1_21' title='bbox 985 801 1100 882; x_wconf 82' lang='lat' dir='ltr'><strong>inquit,</strong></span> <span class='ocrx_word' id='word_1_22' title='bbox 1123 799 1259 866; x_wconf 85' lang='lat' dir='ltr'><strong>fortasse</strong></span> <span class='ocrx_word' id='word_1_23' title='bbox 1283 819 1345 866; x_wconf 93' lang='lat' dir='ltr'><strong>non</strong></span> <span class='ocrx_word' id='word_1_24' title='bbox 1366 816 1413 879; x_wconf 87' lang='lat' dir='ltr'><strong>po</strong></span> 
     </span>
     <span class='ocr_line' id='line_1_5' title="bbox 346 900 1412 984; baseline -0.004 -17"><span class='ocrx_word' id='word_1_25' title='bbox 346 901 420 967; x_wconf 87' lang='lat' dir='ltr'><strong>terit</strong></span> <span class='ocrx_word' id='word_1_26' title='bbox 452 900 496 966; x_wconf 89' lang='lat' dir='ltr'><strong>sic</strong></span> <span class='ocrx_word' id='word_1_27' title='bbox 523 901 621 980; x_wconf 84' lang='lat' dir='ltr'><strong>abire,</strong></span> <span class='ocrx_word' id='word_1_28' title='bbox 654 919 724 966; x_wconf 91' lang='lat' dir='ltr'><strong>cum</strong></span> <span class='ocrx_word' id='word_1_29' title='bbox 751 902 800 967; x_wconf 91' lang='lat' dir='ltr'><strong>hic</strong></span> <span class='ocrx_word' id='word_1_30' title='bbox 822 903 899 968; x_wconf 86' lang='lat' dir='ltr'><strong>assit</strong></span> <span class='ocrx_word' id='word_1_31' title='bbox 922 906 984 984; x_wconf 89' lang='lat' dir='ltr'><strong>(me</strong></span> <span class='ocrx_word' id='word_1_32' title='bbox 1007 909 1110 968; x_wconf 84' lang='lat' dir='ltr'><strong>autem</strong></span> <span class='ocrx_word' id='word_1_33' title='bbox 1132 903 1287 984; x_wconf 82' lang='lat' dir='ltr'><strong>dicebat),</strong></span> <span class='ocrx_word' id='word_1_34' title='bbox 1321 911 1412 967; x_wconf 83' lang='lat' dir='ltr'><strong>tamen</strong></span> 
     </span>
     <span class='ocr_line' id='line_1_6' title="bbox 307 999 1413 1071; baseline 0.003 -7"><span class='ocrx_word' id='word_1_35' title='bbox 307 999 466 1069; x_wconf 73' lang='lat' dir='ltr'><strong>daudebo</strong></span> <span class='ocrx_word' id='word_1_36' title='bbox 488 1003 580 1068; x_wconf 78' lang='lat' dir='ltr'><strong>teob</strong></span> <span class='ocrx_word' id='word_1_37' title='bbox 603 1003 661 1068; x_wconf 81' lang='lat' dir='ltr'><strong>hac</strong></span> <span class='ocrx_word' id='word_1_38' title='bbox 682 1004 849 1068; x_wconf 78' lang='lat' dir='ltr'><strong>Academia</strong></span> <span class='ocrx_word' id='word_1_39' title='bbox 871 1024 953 1070; x_wconf 83' lang='lat' dir='ltr'><strong>nove</strong></span> <span class='ocrx_word' id='word_1_40' title='bbox 974 1006 1015 1070; x_wconf 94' lang='lat' dir='ltr'><strong>ad</strong></span> <span class='ocrx_word' id='word_1_41' title='bbox 1037 1005 1121 1070; x_wconf 88' lang='lat' dir='ltr'><strong>illam</strong></span> <span class='ocrx_word' id='word_1_42' title='bbox 1142 1013 1283 1071; x_wconf 86' lang='lat' dir='ltr'><strong>veterem</strong></span> <span class='ocrx_word' id='word_1_43' title='bbox 1305 1021 1413 1070; x_wconf 84' lang='lat' dir='ltr'><strong>vocare</strong></span> 
     </span>
     <span class='ocr_line' id='line_1_7' title="bbox 345 1105 1412 1187; baseline -0.003 -17"><span class='ocrx_word' id='word_1_44' title='bbox 345 1105 377 1170; x_wconf 95' lang='lat' dir='ltr'><strong>in</strong></span> <span class='ocrx_word' id='word_1_45' title='bbox 399 1123 469 1187; x_wconf 64' lang='lat' dir='ltr'><strong>qua„</strong></span> <span class='ocrx_word' id='word_1_46' title='bbox 492 1111 528 1170; x_wconf 90' lang='lat' dir='ltr'><strong>ut</strong></span> <span class='ocrx_word' id='word_1_47' title='bbox 548 1105 650 1171; x_wconf 81' lang='lat' dir='ltr'><strong>dicere</strong></span> <span class='ocrx_word' id='word_1_48' title='bbox 671 1106 857 1170; x_wconf 82' lang='lat' dir='ltr'>Antiochum</span> <span class='ocrx_word' id='word_1_49' title='bbox 878 1107 1035 1186; x_wconf 72' lang='lat' dir='ltr'><strong>audiebas</strong></span> <span class='ocrx_word' id='word_1_50' title='bbox 1057 1126 1120 1173; x_wconf 94' lang='lat' dir='ltr'><strong>non</strong></span> <span class='ocrx_word' id='word_1_51' title='bbox 1141 1107 1239 1172; x_wconf 90' lang='lat' dir='ltr'><strong>iisoli</strong></span> <span class='ocrx_word' id='word_1_52' title='bbox 1257 1124 1412 1172; x_wconf 86' lang='lat' dir='ltr'><strong>numerou-</strong></span> 
     </span>
     <span class='ocr_line' id='line_1_8' title="bbox 310 1206 1414 1290; baseline -0.001 -18"><span class='ocrx_word' id='word_1_53' title='bbox 310 1247 316 1262; x_wconf 87' lang='lat'><strong>·</strong></span> <span class='ocrx_word' id='word_1_54' title='bbox 345 1213 406 1286; x_wconf 88' lang='lat' dir='ltr'><strong>tur,</strong></span> <span class='ocrx_word' id='word_1_55' title='bbox 429 1206 482 1288; x_wconf 83' lang='lat' dir='ltr'><strong>qui</strong></span> <span class='ocrx_word' id='word_1_56' title='bbox 491 1207 667 1272; x_wconf 82' lang='lat' dir='ltr'><strong>Academici</strong></span> <span class='ocrx_word' id='word_1_57' title='bbox 677 1216 836 1286; x_wconf 82' lang='lat' dir='ltr'><strong>vocantur,</strong></span> <span class='ocrx_word' id='word_1_58' title='bbox 851 1209 1056 1290; x_wconf 84' lang='lat' dir='ltr'><strong>Speusippus,</strong></span> <span class='ocrx_word' id='word_1_59' title='bbox 1068 1209 1271 1287; x_wconf 82' lang='lat' dir='ltr'><strong>Xenocrates,</strong></span> <span class='ocrx_word' id='word_1_60' title='bbox 1288 1207 1414 1273; x_wconf 86' lang='lat' dir='ltr'><strong>Polemo.</strong></span> 
     </span>
     <span class='ocr_line' id='line_1_9' title="bbox 346 1309 1413 1392; baseline 0 -18"><span class='ocrx_word' id='word_1_61' title='bbox 346 1309 479 1374; x_wconf 80' lang='lat' dir='ltr'>Crantor</span> <span class='ocrx_word' id='word_1_62' title='bbox 501 1309 673 1391; x_wconf 86' lang='lat' dir='ltr'><strong>ceterique,</strong></span> <span class='ocrx_word' id='word_1_63' title='bbox 704 1311 760 1374; x_wconf 87' lang='lat' dir='ltr'><strong>sed</strong></span> <span class='ocrx_word' id='word_1_64' title='bbox 782 1311 874 1374; x_wconf 90' lang='lat' dir='ltr'><strong>ctiam</strong></span> <span class='ocrx_word' id='word_1_65' title='bbox 896 1310 1096 1392; x_wconf 80' lang='lat' dir='ltr'><strong>Peripatetici</strong></span> <span class='ocrx_word' id='word_1_66' title='bbox 1119 1321 1256 1389; x_wconf 78' lang='lat' dir='ltr'><strong>veteres,</strong></span> <span class='ocrx_word' id='word_1_67' title='bbox 1290 1327 1413 1392; x_wconf 85' lang='lat' dir='ltr'><strong>qucum</strong></span> 
     </span>
     <span class='ocr_line' id='line_1_10' title="bbox 345 1411 1412 1494; baseline -0.002 -18"><span class='ocrx_word' id='word_1_68' title='bbox 345 1411 491 1492; x_wconf 88' lang='lat' dir='ltr'><strong>princeps</strong></span> <span class='ocrx_word' id='word_1_69' title='bbox 523 1412 721 1491; x_wconf 65' lang='lat' dir='ltr'><strong>Aristoteles</strong></span> <span class='ocrx_word' id='word_1_70' title='bbox 759 1431 864 1494; x_wconf 84' lang='lat' dir='ltr'><strong>quem,</strong></span> <span class='ocrx_word' id='word_1_71' title='bbox 903 1421 1031 1494; x_wconf 82' lang='lat' dir='ltr'><strong>excepto</strong></span> <span class='ocrx_word' id='word_1_72' title='bbox 1063 1414 1206 1492; x_wconf 85' lang='lat' dir='ltr'><strong>Platone,</strong></span> <span class='ocrx_word' id='word_1_73' title='bbox 1239 1413 1326 1478; x_wconf 82' lang='lat' dir='ltr'><strong>hund</strong></span> <span class='ocrx_word' id='word_1_74' title='bbox 1357 1411 1412 1476; x_wconf 92' lang='lat' dir='ltr'><strong>scio</strong></span> 
     </span>
     <span class='ocr_line' id='line_1_11' title="bbox 288 1511 1413 1596; baseline 0 -20"><span class='ocrx_word' id='word_1_75' title='bbox 288 1511 330 1577; x_wconf 91' lang='grc'><strong>10</strong></span> <span class='ocrx_word' id='word_1_76' title='bbox 347 1531 388 1578; x_wconf 86' lang='lat' dir='ltr'><strong>an</strong></span> <span class='ocrx_word' id='word_1_77' title='bbox 410 1521 495 1579; x_wconf 92' lang='lat' dir='ltr'><strong>recte</strong></span> <span class='ocrx_word' id='word_1_78' title='bbox 516 1513 645 1578; x_wconf 75' lang='lat' dir='ltr'><strong>dixemm</strong></span> <span class='ocrx_word' id='word_1_79' title='bbox 666 1513 838 1596; x_wconf 87' lang='lat' dir='ltr'><strong>principem</strong></span> <span class='ocrx_word' id='word_1_80' title='bbox 865 1515 1129 1596; x_wconf 86' lang='lat' dir='ltr'><strong>philosophorum.</strong></span> <span class='ocrx_word' id='word_1_81' title='bbox 1173 1517 1225 1580; x_wconf 78' lang='lat' dir='ltr'><strong>Ad</strong></span> <span class='ocrx_word' id='word_1_82' title='bbox 1251 1535 1305 1580; x_wconf 90' lang='lat' dir='ltr'><strong>eos</strong></span> <span class='ocrx_word' id='word_1_83' title='bbox 1328 1515 1413 1596; x_wconf 76' lang='lat' dir='ltr'><strong>igitir</strong></span> 
     </span>
     <span class='ocr_line' id='line_1_12' title="bbox 345 1615 1412 1698; baseline -0.005 -17"><span class='ocrx_word' id='word_1_84' title='bbox 345 1622 492 1681; x_wconf 87' lang='lat' dir='ltr'><strong>converte</strong></span> <span class='ocrx_word' id='word_1_85' title='bbox 513 1623 554 1696; x_wconf 85' lang='lat' dir='ltr'><strong>te,</strong></span> <span class='ocrx_word' id='word_1_86' title='bbox 576 1635 701 1698; x_wconf 86' lang='lat' dir='ltr'><strong>quaeso.</strong></span> <span class='ocrx_word' id='word_1_87' title='bbox 746 1615 793 1680; x_wconf 85' lang='lat' dir='ltr'><strong>Ex</strong></span> <span class='ocrx_word' id='word_1_88' title='bbox 820 1636 928 1682; x_wconf 91' lang='lat' dir='ltr'><strong>eorum</strong></span> <span class='ocrx_word' id='word_1_89' title='bbox 956 1617 1038 1682; x_wconf 88' lang='lat' dir='ltr'><strong>eninr</strong></span> <span class='ocrx_word' id='word_1_90' title='bbox 1066 1618 1191 1698; x_wconf 87' lang='lat' dir='ltr'><strong>scriptis</strong></span> <span class='ocrx_word' id='word_1_91' title='bbox 1220 1627 1252 1682; x_wconf 91' lang='lat' dir='ltr'><strong>et</strong></span> <span class='ocrx_word' id='word_1_92' title='bbox 1273 1615 1412 1682; x_wconf 86' lang='lat' dir='ltr'><strong>institutis</strong></span> 
     </span>
     <span class='ocr_line' id='line_1_13' title="bbox 346 1718 1411 1796; baseline -0.005 -13"><span class='ocrx_word' id='word_1_93' title='bbox 346 1735 416 1783; x_wconf 89' lang='lat' dir='ltr'><strong>cum</strong></span> <span class='ocrx_word' id='word_1_94' title='bbox 437 1718 536 1783; x_wconf 92' lang='lat' dir='ltr'><strong>omnis</strong></span> <span class='ocrx_word' id='word_1_95' title='bbox 558 1719 700 1783; x_wconf 87' lang='lat' dir='ltr'><strong>doctrina</strong></span> <span class='ocrx_word' id='word_1_96' title='bbox 721 1718 866 1796; x_wconf 83' lang='lat' dir='ltr'><strong>liberalis,</strong></span> <span class='ocrx_word' id='word_1_97' title='bbox 889 1719 988 1784; x_wconf 89' lang='lat' dir='ltr'><strong>omnis</strong></span> <span class='ocrx_word' id='word_1_98' title='bbox 1011 1720 1155 1796; x_wconf 82' lang='lat' dir='ltr'><strong>historia,</strong></span> <span class='ocrx_word' id='word_1_99' title='bbox 1191 1719 1291 1784; x_wconf 85' lang='lat' dir='ltr'><strong>omnis</strong></span> <span class='ocrx_word' id='word_1_100' title='bbox 1318 1735 1411 1782; x_wconf 89' lang='lat' dir='ltr'><strong>sermo</strong></span> 
     </span>
     <span class='ocr_line' id='line_1_14' title="bbox 345 1819 1410 1902; baseline -0.004 -17"><span class='ocrx_word' id='word_1_101' title='bbox 345 1820 470 1902; x_wconf 84' lang='lat' dir='ltr'><strong>elegans</strong></span> <span class='ocrx_word' id='word_1_102' title='bbox 493 1819 571 1884; x_wconf 90' lang='lat' dir='ltr'><strong>sumi</strong></span> <span class='ocrx_word' id='word_1_103' title='bbox 593 1827 706 1900; x_wconf 77' lang='lat' dir='ltr'><strong>potest</strong></span> <span class='ocrx_word' id='word_1_104' title='bbox 729 1829 795 1885; x_wconf 90' lang='lat' dir='ltr'><strong>turn</strong></span> <span class='ocrx_word' id='word_1_105' title='bbox 816 1821 952 1886; x_wconf 81' lang='lat' dir='ltr'><strong>varietas</strong></span> <span class='ocrx_word' id='word_1_106' title='bbox 975 1821 1256 1900; x_wconf 80' lang='lat' dir='ltr'><strong>esttantaartium</strong></span> <span class='ocrx_word' id='word_1_107' title='bbox 1280 1829 1314 1885; x_wconf 91' lang='lat' dir='ltr'><strong>ut</strong></span> <span class='ocrx_word' id='word_1_108' title='bbox 1330 1835 1410 1884; x_wconf 88' lang='lat' dir='ltr'><strong>neno</strong></span> 
     </span>
     <span class='ocr_line' id='line_1_15' title="bbox 346 1921 1409 1988; baseline -0.002 -2"><span class='ocrx_word' id='word_1_109' title='bbox 346 1922 412 1987; x_wconf 90' lang='lat' dir='ltr'><strong>sine</strong></span> <span class='ocrx_word' id='word_1_110' title='bbox 434 1941 471 1986; x_wconf 88' lang='lat' dir='ltr'><strong>eo</strong></span> <span class='ocrx_word' id='word_1_111' title='bbox 494 1921 699 1987; x_wconf 89' lang='lat' dir='ltr'><strong>instrumento</strong></span> <span class='ocrx_word' id='word_1_112' title='bbox 722 1922 763 1986; x_wconf 92' lang='lat' dir='ltr'><strong>ad</strong></span> <span class='ocrx_word' id='word_1_113' title='bbox 784 1921 878 1988; x_wconf 88' lang='lat' dir='ltr'><strong>ullam</strong></span> <span class='ocrx_word' id='word_1_114' title='bbox 900 1943 966 1988; x_wconf 91' lang='lat' dir='ltr'><strong>rem</strong></span> <span class='ocrx_word' id='word_1_115' title='bbox 988 1923 1189 1988; x_wconf 83' lang='lat' dir='ltr'><strong>illustriorem</strong></span> <span class='ocrx_word' id='word_1_116' title='bbox 1202 1924 1280 1988; x_wconf 83' lang='lat' dir='ltr'><strong>setis</strong></span> <span class='ocrx_word' id='word_1_117' title='bbox 1292 1929 1409 1988; x_wconf 84' lang='lat' dir='ltr'><strong>ornatus</strong></span> 
     </span>
     <span class='ocr_line' id='line_1_16' title="bbox 289 2024 1409 2120; baseline -0.004 -31"><span class='ocrx_word' id='word_1_118' title='bbox 289 2024 329 2089; x_wconf 83' lang='lat'><strong>15</strong></span> <span class='ocrx_word' id='word_1_119' title='bbox 346 2024 447 2106; x_wconf 88' lang='lat' dir='ltr'><strong>possit</strong></span> <span class='ocrx_word' id='word_1_120' title='bbox 469 2024 625 2120; x_wconf 81' lang='lat' dir='ltr'><strong>accedere.</strong></span> <span class='ocrx_word' id='word_1_121' title='bbox 669 2024 717 2088; x_wconf 80' lang='lat' dir='ltr'><strong>Ab</strong></span> <span class='ocrx_word' id='word_1_122' title='bbox 744 2025 793 2089; x_wconf 91' lang='lat' dir='ltr'><strong>his</strong></span> <span class='ocrx_word' id='word_1_123' title='bbox 820 2030 976 2106; x_wconf 84' lang='lat' dir='ltr'><strong>oratores,</strong></span> <span class='ocrx_word' id='word_1_124' title='bbox 1009 2025 1124 2091; x_wconf 87' lang='lat' dir='ltr'><strong>abhis</strong></span> <span class='ocrx_word' id='word_1_125' title='bbox 1152 2026 1354 2107; x_wconf 85' lang='lat' dir='ltr'><strong>imperatores</strong></span> <span class='ocrx_word' id='word_1_126' title='bbox 1378 2038 1409 2084; x_wconf 85' lang='lat' dir='ltr'><strong>ec</strong></span> 
     </span>
    </p>
   </div>
   <div class='ocr_carea' id='block_1_3' title="bbox 345 2209 1407 2482">
    <p class='ocr_par' dir='ltr' id='par_1_3' title="bbox 345 2209 1407 2482">
     <span class='ocr_line' id='line_1_17' title="bbox 415 2209 1401 2277; baseline -0.002 -17"><span class='ocrx_word' id='word_1_127' title='bbox 415 2217 439 2264; x_wconf 81' lang='lat'><strong>8.</strong></span> <span class='ocrx_word' id='word_1_128' title='bbox 454 2211 546 2277; x_wconf 78' lang='lat' dir='ltr'><strong>poteris</strong></span> <span class='ocrx_word' id='word_1_129' title='bbox 564 2225 651 2260; x_wconf 80' lang='lat' dir='ltr'><strong>omnes</strong></span> <span class='ocrx_word' id='word_1_130' title='bbox 669 2215 723 2272; x_wconf 79' lang='lat' dir='ltr'><strong>(nou</strong></span> <span class='ocrx_word' id='word_1_131' title='bbox 738 2212 828 2276; x_wconf 79' lang='lat' dir='ltr'><strong>poteris</strong></span> <span class='ocrx_word' id='word_1_132' title='bbox 836 2213 948 2276; x_wconf 69' lang='lat' dir='ltr'><strong>sonasse</strong></span> <span class='ocrx_word' id='word_1_133' title='bbox 966 2213 995 2276; x_wconf 76' lang='grc' dir='ltr'><strong>Ρ)</strong></span> <span class='ocrx_word' id='word_1_134' title='bbox 1041 2218 1063 2260; x_wconf 78' lang='lat' dir='ltr'><strong>d.</strong></span> <span class='ocrx_word' id='word_1_135' title='bbox 1086 2222 1183 2262; x_wconf 67' lang='lat' dir='ltr'><strong>craterem</strong></span> <span class='ocrx_word' id='word_1_136' title='bbox 1202 2212 1269 2262; x_wconf 79' lang='lat' dir='ltr'><strong>illum</strong></span> <span class='ocrx_word' id='word_1_137' title='bbox 1286 2209 1401 2261; x_wconf 79' lang='lat' dir='ltr'><strong>LPcROr</strong></span> 
     </span>
     <span class='ocr_line' id='line_1_18' title="bbox 346 2279 1407 2344; baseline -0.006 -14"><span class='ocrx_word' id='word_1_138' title='bbox 346 2285 368 2330; x_wconf 80' lang='grc'><strong>6.</strong></span> <span class='ocrx_word' id='word_1_139' title='bbox 387 2279 458 2330; x_wconf 73' lang='lat' dir='ltr'><strong>licit</strong></span> <span class='ocrx_word' id='word_1_140' title='bbox 512 2284 534 2329; x_wconf 82' lang='grc'><strong>7.</strong></span> <span class='ocrx_word' id='word_1_141' title='bbox 553 2287 705 2328; x_wconf 64' lang='lat' dir='ltr'><strong>coornantur</strong></span> <span class='ocrx_word' id='word_1_142' title='bbox 722 2285 776 2344; x_wconf 74' lang='lat' dir='ltr'><strong>(pro</strong></span> <span class='ocrx_word' id='word_1_143' title='bbox 794 2281 954 2340; x_wconf 76' lang='lat' dir='ltr'><strong>cocuriturth</strong></span> <span class='ocrx_word' id='word_1_144' title='bbox 1008 2279 1169 2332; x_wconf 65' lang='lat' dir='ltr'><strong>etimne</strong></span> <span class='ocrx_word' id='word_1_145' title='bbox 1230 2285 1407 2332; x_wconf 73' lang='lat' dir='ltr'><strong>11.com·mm</strong></span> 
     </span>
     <span class='ocr_line' id='line_1_19' title="bbox 347 2346 1407 2415; baseline -0.004 -17"><span class='ocrx_word' id='word_1_146' title='bbox 347 2365 436 2412; x_wconf 71' lang='lat' dir='ltr'><strong>quomo</strong></span> <span class='ocrx_word' id='word_1_147' title='bbox 455 2349 501 2398; x_wconf 85' lang='lat' dir='ltr'><strong>Em</strong></span> <span class='ocrx_word' id='word_1_148' title='bbox 521 2346 663 2415; x_wconf 82' lang='lat' dir='ltr'><strong>[convertere</strong></span> <span class='ocrx_word' id='word_1_149' title='bbox 680 2355 734 2411; x_wconf 80' lang='lat' dir='ltr'><strong>req.</strong></span> <span class='ocrx_word' id='word_1_150' title='bbox 751 2349 801 2414; x_wconf 76' lang='lat' dir='ltr'><strong>En]</strong></span> <span class='ocrx_word' id='word_1_151' title='bbox 838 2350 991 2402; x_wconf 70' lang='lat' dir='ltr'><strong>enimomll</strong></span> <span class='ocrx_word' id='word_1_152' title='bbox 1030 2359 1051 2400; x_wconf 84' lang='lat' dir='ltr'><strong>ct</strong></span> <span class='ocrx_word' id='word_1_153' title='bbox 1069 2349 1180 2399; x_wconf 60' lang='lat' dir='ltr'><strong>rectitatis</strong></span> <span class='ocrx_word' id='word_1_154' title='bbox 1198 2349 1279 2400; x_wconf 82' lang='lat' dir='ltr'><strong>ornP</strong></span> <span class='ocrx_word' id='word_1_155' title='bbox 1318 2354 1407 2400; x_wconf 62' lang='lat' dir='ltr'><strong>tarem</strong></span> 
     </span>
     <span class='ocr_line' id='line_1_20' title="bbox 345 2418 614 2482; baseline 0 -16"><span class='ocrx_word' id='word_1_156' title='bbox 345 2427 370 2466; x_wconf 85' lang='lat' dir='ltr'><strong>ut</strong></span> <span class='ocrx_word' id='word_1_157' title='bbox 388 2429 442 2482; x_wconf 78' lang='lat' dir='ltr'><strong>tpro</strong></span> <span class='ocrx_word' id='word_1_158' title='bbox 460 2426 486 2466; x_wconf 83' lang='lat' dir='ltr'><strong>ut</strong></span> <span class='ocrx_word' id='word_1_159' title='bbox 503 2418 614 2478; x_wconf 68' lang='lat' dir='ltr'><strong>cartolL</strong></span> 
     </span>
    </p>
   </div>
   <div class='ocr_carea' id='block_1_4' title="bbox 265 2581 1471 4446">
    <p class='ocr_par' dir='ltr' id='par_1_4' title="bbox 342 2581 1406 3611">
     <span class='ocr_line' id='line_1_21' title="bbox 431 2581 1406 2669; baseline -0.008 -19"><span class='ocrx_word' id='word_1_160' title='bbox 431 2588 504 2666; x_wconf 86' lang='lat' dir='ltr'><strong>Cap.</strong></span> <span class='ocrx_word' id='word_1_161' title='bbox 526 2590 585 2662; x_wconf 86' lang='lat'>111,</span> <span class='ocrx_word' id='word_1_162' title='bbox 610 2590 638 2647; x_wconf 88' lang='grc'><strong>7.</strong></span> <span class='ocrx_word' id='word_1_163' title='bbox 671 2591 890 2664; x_wconf 71' lang='lat' dir='ltr'><strong>illicitatorem)</strong></span> <span class='ocrx_word' id='word_1_164' title='bbox 926 2591 975 2650; x_wconf 86' lang='lat' dir='ltr'><strong>Sic</strong></span> <span class='ocrx_word' id='word_1_165' title='bbox 1003 2592 1090 2648; x_wconf 87' lang='lat' dir='ltr'><strong>etiam</strong></span> <span class='ocrx_word' id='word_1_166' title='bbox 1115 2591 1193 2669; x_wconf 89' lang='lat' dir='ltr'><strong>Spir.</strong></span> <span class='ocrx_word' id='word_1_167' title='bbox 1216 2589 1282 2669; x_wconf 92' lang='lat' dir='ltr'><strong>[B]</strong></span> <span class='ocrx_word' id='word_1_168' title='bbox 1318 2581 1406 2648; x_wconf 71' lang='lat' dir='ltr'><strong>vPacilo</strong></span> 
     </span>
     <span class='ocr_line' id='line_1_22' title="bbox 345 2674 1404 2754; baseline -0.004 -22"><span class='ocrx_word' id='word_1_169' title='bbox 345 2683 414 2734; x_wconf 89' lang='lat' dir='ltr'><strong>ante</strong></span> <span class='ocrx_word' id='word_1_170' title='bbox 436 2677 466 2733; x_wconf 92' lang='lat' dir='ltr'><strong>in</strong></span> <span class='ocrx_word' id='word_1_171' title='bbox 489 2676 552 2733; x_wconf 92' lang='lat' dir='ltr'><strong>cod.</strong></span> <span class='ocrx_word' id='word_1_172' title='bbox 575 2675 655 2733; x_wconf 80' lang='lat' dir='ltr'><strong>arch.</strong></span> <span class='ocrx_word' id='word_1_173' title='bbox 677 2674 735 2732; x_wconf 88' lang='lat' dir='ltr'><strong>fuit</strong></span> <span class='ocrx_word' id='word_1_174' title='bbox 740 2679 843 2750; x_wconf 82' lang='lat' dir='ltr'><strong>poteris</strong></span> <span class='ocrx_word' id='word_1_175' title='bbox 860 2675 941 2754; x_wconf 83' lang='lat' dir='ltr'>([B‚]</span> <span class='ocrx_word' id='word_1_176' title='bbox 965 2677 1049 2742; x_wconf 70' lang='lat' dir='ltr'><strong>Pell..</strong></span> <span class='ocrx_word' id='word_1_177' title='bbox 1062 2677 1194 2753; x_wconf 64' lang='lat' dir='ltr'><strong>EUzto);</strong></span> <span class='ocrx_word' id='word_1_178' title='bbox 1217 2675 1404 2734; x_wconf 75' lang='lat' dir='ltr'><strong>emendarisse</strong></span> 
     </span>
     <span class='ocr_line' id='line_1_23' title="bbox 345 2761 1406 2820; baseline -0.004 -2"><span class='ocrx_word' id='word_1_179' title='bbox 345 2761 463 2818; x_wconf 82' lang='lat' dir='ltr'><strong>videtur</strong></span> <span class='ocrx_word' id='word_1_180' title='bbox 473 2761 579 2818; x_wconf 87' lang='lat' dir='ltr'><strong>Aldus.</strong></span> <span class='ocrx_word' id='word_1_181' title='bbox 602 2762 675 2818; x_wconf 87' lang='lat' dir='ltr'><strong>Mox</strong></span> <span class='ocrx_word' id='word_1_182' title='bbox 687 2762 777 2818; x_wconf 78' lang='lat' dir='ltr'><strong>diocli</strong></span> <span class='ocrx_word' id='word_1_183' title='bbox 786 2761 879 2820; x_wconf 80' lang='lat' dir='ltr'><strong>Gaius</strong></span> <span class='ocrx_word' id='word_1_184' title='bbox 902 2781 940 2819; x_wconf 80' lang='lat' dir='ltr'><strong>ex</strong></span> <span class='ocrx_word' id='word_1_185' title='bbox 962 2762 1098 2820; x_wconf 87' lang='lat' dir='ltr'><strong>omnibus</strong></span> <span class='ocrx_word' id='word_1_186' title='bbox 1110 2763 1179 2820; x_wconf 75' lang='lat' dir='ltr'><strong>suis·</strong></span> <span class='ocrx_word' id='word_1_187' title='bbox 1202 2762 1339 2820; x_wconf 82' lang='lat' dir='ltr'><strong>Antiochi</strong></span> <span class='ocrx_word' id='word_1_188' title='bbox 1351 2778 1406 2816; x_wconf 83' lang='lat' dir='ltr'><strong>sen·</strong></span> 
     </span>
     <span class='ocr_line' id='line_1_24' title="bbox 346 2847 1404 2924; baseline -0.007 -21"><span class='ocrx_word' id='word_1_189' title='bbox 346 2847 469 2904; x_wconf 81' lang='lat' dir='ltr'><strong>tentiam</strong></span> <span class='ocrx_word' id='word_1_190' title='bbox 480 2847 707 2904; x_wconf 83' lang='lat' dir='ltr'><strong>commemoravi</strong></span> <span class='ocrx_word' id='word_1_191' title='bbox 718 2847 756 2904; x_wconf 82' lang='lat' dir='ltr'><strong>ad</strong></span> <span class='ocrx_word' id='word_1_192' title='bbox 767 2848 822 2918; x_wconf 86' lang='lat' dir='ltr'><strong>IV,</strong></span> <span class='ocrx_word' id='word_1_193' title='bbox 836 2849 864 2904; x_wconf 85' lang='lat'><strong>5.</strong></span> <span class='ocrx_word' id='word_1_194' title='bbox 891 2847 987 2905; x_wconf 84' lang='lat' dir='ltr'><strong>Paulo</strong></span> <span class='ocrx_word' id='word_1_195' title='bbox 998 2857 1067 2924; x_wconf 84' lang='lat' dir='ltr'><strong>post</strong></span> <span class='ocrx_word' id='word_1_196' title='bbox 1078 2849 1108 2906; x_wconf 92' lang='lat' dir='ltr'><strong>in</strong></span> <span class='ocrx_word' id='word_1_197' title='bbox 1119 2848 1165 2906; x_wconf 84' lang='lat' dir='ltr'><strong>his</strong></span> <span class='ocrx_word' id='word_1_198' title='bbox 1176 2849 1290 2906; x_wconf 86' lang='lat' dir='ltr'><strong>verbis:</strong></span> <span class='ocrx_word' id='word_1_199' title='bbox 1306 2865 1404 2922; x_wconf 72' lang='lat' dir='ltr'><strong>quor-rem</strong></span> 
     </span>
     <span class='ocr_line' id='line_1_25' title="bbox 342 2931 1406 3008; baseline -0.005 -19"><span class='ocrx_word' id='word_1_200' title='bbox 342 2935 470 3008; x_wconf 73' lang='lat' dir='ltr'><strong>princepe</strong></span> <span class='ocrx_word' id='word_1_201' title='bbox 491 2931 648 2990; x_wconf 79' lang='lat' dir='ltr'><strong>Aristoteles</strong></span> <span class='ocrx_word' id='word_1_202' title='bbox 670 2932 742 2989; x_wconf 89' lang='lat' dir='ltr'><strong>dure</strong></span> <span class='ocrx_word' id='word_1_203' title='bbox 765 2932 835 2990; x_wconf 91' lang='lat' dir='ltr'><strong>mihi</strong></span> <span class='ocrx_word' id='word_1_204' title='bbox 859 2933 998 2991; x_wconf 89' lang='lat' dir='ltr'><strong>omissum</strong></span> <span class='ocrx_word' id='word_1_205' title='bbox 1021 2933 1406 2991; x_wconf 84' lang='lat' dir='ltr'><strong>videturverbumsubston·</strong></span> 
     </span>
     <span class='ocr_line' id='line_1_26' title="bbox 345 3013 1404 3098; baseline -0.003 -24"><span class='ocrx_word' id='word_1_206' title='bbox 345 3018 448 3075; x_wconf 79' lang='lat' dir='ltr'><strong>titum.</strong></span> <span class='ocrx_word' id='word_1_207' title='bbox 481 3013 542 3098; x_wconf 88' lang='lat' dir='ltr'><strong>(Ne</strong></span> <span class='ocrx_word' id='word_1_208' title='bbox 565 3018 630 3092; x_wconf 90' lang='lat' dir='ltr'><strong>quis</strong></span> <span class='ocrx_word' id='word_1_209' title='bbox 652 3017 695 3075; x_wconf 87' lang='lat' dir='ltr'><strong>ita</strong></span> <span class='ocrx_word' id='word_1_210' title='bbox 716 3017 851 3093; x_wconf 74' lang='lat' dir='ltr'><strong>accipiat,</strong></span> <span class='ocrx_word' id='word_1_211' title='bbox 874 3028 908 3075; x_wconf 88' lang='lat' dir='ltr'><strong>ut</strong></span> <span class='ocrx_word' id='word_1_212' title='bbox 924 3037 990 3076; x_wconf 89' lang='lat' dir='ltr'><strong>cum</strong></span> <span class='ocrx_word' id='word_1_213' title='bbox 1007 3019 1145 3076; x_wconf 85' lang='lat' dir='ltr'><strong>dicimus:</strong></span> <span class='ocrx_word' id='word_1_214' title='bbox 1167 3021 1306 3096; x_wconf 72' lang='lat' dir='ltr'><strong>deccpenut</strong></span> <span class='ocrx_word' id='word_1_215' title='bbox 1321 3035 1404 3076; x_wconf 69' lang='lat' dir='ltr'><strong>emices.</strong></span> 
     </span>
     <span class='ocr_line' id='line_1_27' title="bbox 345 3101 1404 3180; baseline -0.002 -21"><span class='ocrx_word' id='word_1_216' title='bbox 345 3109 373 3160; x_wconf 83' lang='lat' dir='ltr'><strong>iu</strong></span> <span class='ocrx_word' id='word_1_217' title='bbox 396 3103 493 3178; x_wconf 83' lang='lat' dir='ltr'><strong>quibus</strong></span> <span class='ocrx_word' id='word_1_218' title='bbox 504 3103 623 3175; x_wconf 77' lang='lat' dir='ltr'><strong>Alauna,</strong></span> <span class='ocrx_word' id='word_1_219' title='bbox 646 3113 711 3160; x_wconf 88' lang='lat' dir='ltr'><strong>aut:</strong></span> <span class='ocrx_word' id='word_1_220' title='bbox 738 3123 814 3177; x_wconf 76' lang='lat' dir='ltr'><strong>repes</strong></span> <span class='ocrx_word' id='word_1_221' title='bbox 835 3106 953 3160; x_wconf 81' lang='lat' dir='ltr'><strong>animum</strong></span> <span class='ocrx_word' id='word_1_222' title='bbox 974 3107 1155 3174; x_wconf 75' lang='lat' dir='ltr'><strong>intenderunt,</strong></span> <span class='ocrx_word' id='word_1_223' title='bbox 1179 3108 1206 3162; x_wconf 82' lang='lat' dir='ltr'><strong>iu</strong></span> <span class='ocrx_word' id='word_1_224' title='bbox 1233 3107 1328 3180; x_wconf 75' lang='lat' dir='ltr'><strong>quibua</strong></span> <span class='ocrx_word' id='word_1_225' title='bbox 1348 3101 1404 3160; x_wconf 76' lang='lat' dir='ltr'><strong>Pli-</strong></span> 
     </span>
     <span class='ocr_line' id='line_1_28' title="bbox 345 3188 1405 3266; baseline -0.008 -19"><span class='ocrx_word' id='word_1_226' title='bbox 345 3191 444 3265; x_wconf 72' lang='lat' dir='ltr'><strong>lc‘ppnn,</strong></span> <span class='ocrx_word' id='word_1_227' title='bbox 467 3189 623 3264; x_wconf 87' lang='lat' dir='ltr'><strong>prohibere</strong></span> <span class='ocrx_word' id='word_1_228' title='bbox 640 3189 758 3246; x_wconf 87' lang='lat' dir='ltr'><strong>videtur</strong></span> <span class='ocrx_word' id='word_1_229' title='bbox 779 3199 809 3246; x_wconf 87' lang='lat' dir='ltr'><strong>et</strong></span> <span class='ocrx_word' id='word_1_230' title='bbox 835 3189 989 3265; x_wconf 83' lang='lat' dir='ltr'><strong>genetivus</strong></span> <span class='ocrx_word' id='word_1_231' title='bbox 1011 3209 1029 3247; x_wconf 81' lang='lat' dir='ltr'><strong>a</strong></span> <span class='ocrx_word' id='word_1_232' title='bbox 1051 3209 1123 3248; x_wconf 82' lang='lat' dir='ltr'><strong>voce</strong></span> <span class='ocrx_word' id='word_1_233' title='bbox 1141 3194 1270 3266; x_wconf 75' lang='lat' dir='ltr'><strong>proccepc</strong></span> <span class='ocrx_word' id='word_1_234' title='bbox 1292 3188 1405 3266; x_wconf 85' lang='lat' dir='ltr'><strong>pendens</strong></span> 
     </span>
     <span class='ocr_line' id='line_1_29' title="bbox 346 3271 1404 3351; baseline -0.007 -20"><span class='ocrx_word' id='word_1_235' title='bbox 346 3283 376 3331; x_wconf 90' lang='lat' dir='ltr'><strong>et</strong></span> <span class='ocrx_word' id='word_1_236' title='bbox 392 3274 458 3350; x_wconf 82' lang='lat' dir='ltr'><strong>ipsa</strong></span> <span class='ocrx_word' id='word_1_237' title='bbox 471 3275 630 3345; x_wconf 81' lang='lat' dir='ltr'><strong>sententia3</strong></span> <span class='ocrx_word' id='word_1_238' title='bbox 653 3293 748 3349; x_wconf 90' lang='lat' dir='ltr'><strong>neque</strong></span> <span class='ocrx_word' id='word_1_239' title='bbox 770 3275 848 3332; x_wconf 88' lang='lat' dir='ltr'><strong>enirn</strong></span> <span class='ocrx_word' id='word_1_240' title='bbox 869 3275 1007 3351; x_wconf 87' lang='lat' dir='ltr'><strong>princeps</strong></span> <span class='ocrx_word' id='word_1_241' title='bbox 1030 3287 1059 3333; x_wconf 89' lang='lat' dir='ltr'><strong>et</strong></span> <span class='ocrx_word' id='word_1_242' title='bbox 1082 3275 1216 3334; x_wconf 87' lang='lat' dir='ltr'><strong>conditor</strong></span> <span class='ocrx_word' id='word_1_243' title='bbox 1238 3275 1350 3333; x_wconf 79' lang='lat' dir='ltr'><strong>scholae</strong></span> <span class='ocrx_word' id='word_1_244' title='bbox 1369 3271 1404 3328; x_wconf 87' lang='lat' dir='ltr'><strong>sic</strong></span> 
     </span>
     <span class='ocr_line' id='line_1_30' title="bbox 346 3355 1404 3439; baseline -0.005 -23"><span class='ocrx_word' id='word_1_245' title='bbox 346 3359 376 3416; x_wconf 92' lang='lat' dir='ltr'><strong>in</strong></span> <span class='ocrx_word' id='word_1_246' title='bbox 404 3368 531 3417; x_wconf 85' lang='lat' dir='ltr'><strong>ceteram</strong></span> <span class='ocrx_word' id='word_1_247' title='bbox 558 3361 675 3418; x_wconf 84' lang='lat' dir='ltr'><strong>turbem</strong></span> <span class='ocrx_word' id='word_1_248' title='bbox 702 3360 777 3418; x_wconf 84' lang='lat' dir='ltr'><strong>coici</strong></span> <span class='ocrx_word' id='word_1_249' title='bbox 799 3359 923 3439; x_wconf 79' lang='lat' dir='ltr'><strong>potest)</strong></span> <span class='ocrx_word' id='word_1_250' title='bbox 973 3360 1124 3438; x_wconf 86' lang='lat' dir='ltr'><strong>[Baiterus</strong></span> <span class='ocrx_word' id='word_1_251' title='bbox 1152 3372 1190 3418; x_wconf 81' lang='lat' dir='ltr'><strong>cst</strong></span> <span class='ocrx_word' id='word_1_252' title='bbox 1218 3361 1340 3421; x_wconf 82' lang='lat' dir='ltr'><strong>addidit:</strong></span> <span class='ocrx_word' id='word_1_253' title='bbox 1361 3355 1404 3413; x_wconf 81' lang='lat' dir='ltr'><strong>etr.</strong></span> 
     </span>
     <span class='ocr_line' id='line_1_31' title="bbox 345 3443 1403 3524; baseline 0 -22"><span class='ocrx_word' id='word_1_254' title='bbox 345 3455 444 3503; x_wconf 84' lang='lat' dir='ltr'><strong>tamen</strong></span> <span class='ocrx_word' id='word_1_255' title='bbox 456 3445 521 3502; x_wconf 84' lang='lat' dir='ltr'><strong>Liv.</strong></span> <span class='ocrx_word' id='word_1_256' title='bbox 534 3445 640 3516; x_wconf 76' lang='lat' dir='ltr'><strong>xxm,</strong></span> <span class='ocrx_word' id='word_1_257' title='bbox 654 3446 703 3516; x_wconf 79' lang='lat'><strong>53,</strong></span> <span class='ocrx_word' id='word_1_258' title='bbox 718 3447 750 3503; x_wconf 82' lang='lat'><strong>5:</strong></span> <span class='ocrx_word' id='word_1_259' title='bbox 762 3448 1016 3521; x_wconf 63' lang='lat' dir='ltr'><strong>incommomodum,</strong></span> <span class='ocrx_word' id='word_1_260' title='bbox 1029 3466 1141 3522; x_wconf 82' lang='lat' dir='ltr'><strong>quorum</strong></span> <span class='ocrx_word' id='word_1_261' title='bbox 1150 3451 1299 3524; x_wconf 74' lang='lat' dir='ltr'><strong>prirrcrpem</strong></span> <span class='ocrx_word' id='word_1_262' title='bbox 1311 3447 1343 3502; x_wconf 85' lang='lat' dir='ltr'><strong>L.</strong></span> <span class='ocrx_word' id='word_1_263' title='bbox 1356 3443 1403 3499; x_wconf 71' lang='lat' dir='ltr'><strong>lle·</strong></span> 
     </span>
     <span class='ocr_line' id='line_1_32' title="bbox 346 3528 1134 3611; baseline 0.003 -24"><span class='ocrx_word' id='word_1_264' title='bbox 346 3533 443 3596; x_wconf 63' lang='lat' dir='ltr'><strong>tellum„</strong></span> <span class='ocrx_word' id='word_1_265' title='bbox 466 3551 541 3588; x_wconf 84' lang='lat' dir='ltr'><strong>mare</strong></span> <span class='ocrx_word' id='word_1_266' title='bbox 561 3549 594 3587; x_wconf 87' lang='lat' dir='ltr'><strong>oc</strong></span> <span class='ocrx_word' id='word_1_267' title='bbox 616 3551 696 3588; x_wconf 59' lang='lat' dir='ltr'><strong>necnec</strong></span> <span class='ocrx_word' id='word_1_268' title='bbox 718 3528 862 3611; x_wconf 62' lang='lat' dir='ltr'><strong>motare]</strong></span> <span class='ocrx_word' id='word_1_269' title='bbox 1129 3543 1134 3554; x_wconf 91' lang='lat'>&#39;</span> 
     </span>
    </p>

    <p class='ocr_par' dir='ltr' id='par_1_5' title="bbox 346 3611 1403 4036">
     <span class='ocr_line' id='line_1_33' title="bbox 432 3611 1401 3693; baseline 0.001 -21"><span class='ocrx_word' id='word_1_270' title='bbox 432 3617 481 3673; x_wconf 83' lang='lat' dir='ltr'><strong>Ad</strong></span> <span class='ocrx_word' id='word_1_271' title='bbox 490 3636 534 3673; x_wconf 79' lang='lat' dir='ltr'><strong>eoa</strong></span> <span class='ocrx_word' id='word_1_272' title='bbox 544 3619 626 3690; x_wconf 74' lang='lat' dir='ltr'><strong>ipt&#39;tur</strong></span> <span class='ocrx_word' id='word_1_273' title='bbox 636 3627 756 3673; x_wconf 73' lang='lat' dir='ltr'><strong>corruente</strong></span> <span class='ocrx_word' id='word_1_274' title='bbox 767 3615 804 3693; x_wconf 88' lang='lat' dir='ltr'><strong>tc)</strong></span> <span class='ocrx_word' id='word_1_275' title='bbox 817 3616 935 3676; x_wconf 85' lang='lat' dir='ltr'><strong>Codicis</strong></span> <span class='ocrx_word' id='word_1_276' title='bbox 942 3617 1003 3674; x_wconf 90' lang='lat' dir='ltr'><strong>Erl.</strong></span> <span class='ocrx_word' id='word_1_277' title='bbox 1012 3617 1187 3693; x_wconf 78' lang='lat' dir='ltr'><strong>scripturum</strong></span> <span class='ocrx_word' id='word_1_278' title='bbox 1194 3612 1371 3692; x_wconf 72' lang='lat' dir='ltr'><strong>(conterrere),</strong></span> <span class='ocrx_word' id='word_1_279' title='bbox 1378 3611 1401 3666; x_wconf 80' lang='lat' dir='ltr'><strong>in</strong></span> 
     </span>
     <span class='ocr_line' id='line_1_34' title="bbox 347 3700 1402 3778; baseline -0.006 -20"><span class='ocrx_word' id='word_1_280' title='bbox 347 3719 435 3776; x_wconf 85' lang='lat' dir='ltr'><strong>quam</strong></span> <span class='ocrx_word' id='word_1_281' title='bbox 447 3700 594 3760; x_wconf 81' lang='lat' dir='ltr'><strong>Gruterus</strong></span> <span class='ocrx_word' id='word_1_282' title='bbox 605 3702 774 3760; x_wconf 84' lang='lat' dir='ltr'><strong>coniectura</strong></span> <span class='ocrx_word' id='word_1_283' title='bbox 784 3702 896 3772; x_wconf 77' lang='lat' dir='ltr'><strong>incidit,</strong></span> <span class='ocrx_word' id='word_1_284' title='bbox 909 3703 1095 3778; x_wconf 82' lang='lat' dir='ltr'><strong>recepissem,</strong></span> <span class='ocrx_word' id='word_1_285' title='bbox 1119 3703 1175 3760; x_wconf 87' lang='lat' dir='ltr'><strong>nisi</strong></span> <span class='ocrx_word' id='word_1_286' title='bbox 1187 3703 1299 3760; x_wconf 85' lang='lat' dir='ltr'><strong>veritus</strong></span> <span class='ocrx_word' id='word_1_287' title='bbox 1313 3715 1402 3757; x_wconf 79' lang='lat' dir='ltr'><strong>essem.</strong></span> 
     </span>
     <span class='ocr_line' id='line_1_35' title="bbox 347 3779 1403 3866; baseline 0.001 -24"><span class='ocrx_word' id='word_1_288' title='bbox 347 3805 384 3844; x_wconf 88' lang='lat' dir='ltr'><strong>ne</strong></span> <span class='ocrx_word' id='word_1_289' title='bbox 400 3787 432 3844; x_wconf 91' lang='lat' dir='ltr'><strong>in</strong></span> <span class='ocrx_word' id='word_1_290' title='bbox 447 3805 506 3845; x_wconf 89' lang='lat' dir='ltr'><strong>uno</strong></span> <span class='ocrx_word' id='word_1_291' title='bbox 529 3787 604 3846; x_wconf 89' lang='lat' dir='ltr'><strong>libro</strong></span> <span class='ocrx_word' id='word_1_292' title='bbox 617 3805 701 3846; x_wconf 86' lang='lat' dir='ltr'><strong>casus</strong></span> <span class='ocrx_word' id='word_1_293' title='bbox 713 3787 868 3845; x_wconf 77' lang='lat' dir='ltr'><strong>veritatem</strong></span> <span class='ocrx_word' id='word_1_294' title='bbox 879 3787 1012 3846; x_wconf 78' lang='lat' dir='ltr'><strong>imitatus</strong></span> <span class='ocrx_word' id='word_1_295' title='bbox 1035 3797 1121 3846; x_wconf 82' lang='lat' dir='ltr'><strong>esset.</strong></span> <span class='ocrx_word' id='word_1_296' title='bbox 1155 3787 1195 3866; x_wconf 86' lang='lat' dir='ltr'><strong>[E</strong></span> <span class='ocrx_word' id='word_1_297' title='bbox 1212 3789 1239 3846; x_wconf 92' lang='lat' dir='ltr'><strong>B</strong></span> <span class='ocrx_word' id='word_1_298' title='bbox 1254 3789 1328 3846; x_wconf 90' lang='lat' dir='ltr'><strong>idem</strong></span> <span class='ocrx_word' id='word_1_299' title='bbox 1339 3779 1403 3858; x_wconf 75' lang='lat' dir='ltr'><strong>qnod</strong></span> 
     </span>
     <span class='ocr_line' id='line_1_36' title="bbox 346 3869 1401 3953; baseline -0.006 -24"><span class='ocrx_word' id='word_1_300' title='bbox 346 3890 384 3929; x_wconf 88' lang='lat' dir='ltr'><strong>ex</strong></span> <span class='ocrx_word' id='word_1_301' title='bbox 407 3872 468 3930; x_wconf 89' lang='lat' dir='ltr'><strong>Erl.</strong></span> <span class='ocrx_word' id='word_1_302' title='bbox 490 3872 568 3930; x_wconf 87' lang='lat' dir='ltr'><strong>Bait.</strong></span> <span class='ocrx_word' id='word_1_303' title='bbox 591 3869 735 3953; x_wconf 78' lang='lat' dir='ltr'><strong>annotat]</strong></span> <span class='ocrx_word' id='word_1_304' title='bbox 780 3874 909 3930; x_wconf 79' lang='lat' dir='ltr'><strong>Instituta</strong></span> <span class='ocrx_word' id='word_1_305' title='bbox 930 3874 1182 3950; x_wconf 80' lang='lat' dir='ltr'><strong>philosophorum,</strong></span> <span class='ocrx_word' id='word_1_306' title='bbox 1206 3872 1401 3948; x_wconf 81' lang='lat' dir='ltr'><strong>quaehiceunr</strong></span> 
     </span>
     <span class='ocr_line' id='line_1_37' title="bbox 347 3957 1401 4036; baseline 0 -20"><span class='ocrx_word' id='word_1_307' title='bbox 347 3959 463 4034; x_wconf 65' lang='lat' dir='ltr'><strong>cupos,</strong></span> <span class='ocrx_word' id='word_1_308' title='bbox 486 3957 559 4015; x_wconf 88' lang='lat' dir='ltr'><strong>alibi</strong></span> <span class='ocrx_word' id='word_1_309' title='bbox 581 3959 675 4036; x_wconf 82' lang='lat' dir='ltr'><strong>(Lael.</strong></span> <span class='ocrx_word' id='word_1_310' title='bbox 692 3959 740 4030; x_wconf 77' lang='lat'><strong>13,</strong></span> <span class='ocrx_word' id='word_1_311' title='bbox 764 3957 821 4016; x_wconf 83' lang='lat' dir='ltr'><strong>Off.</strong></span> <span class='ocrx_word' id='word_1_312' title='bbox 834 3959 859 4028; x_wconf 82' lang='grc' dir='ltr'><strong>Ι,</strong></span> <span class='ocrx_word' id='word_1_313' title='bbox 881 3958 911 4032; x_wconf 82' lang='grc'><strong>1)</strong></span> <span class='ocrx_word' id='word_1_314' title='bbox 935 3977 1000 4016; x_wconf 89' lang='lat' dir='ltr'><strong>cum</strong></span> <span class='ocrx_word' id='word_1_315' title='bbox 1018 3964 1172 4035; x_wconf 77' lang='lat' dir='ltr'><strong>praeceptis</strong></span> <span class='ocrx_word' id='word_1_316' title='bbox 1194 3959 1401 4034; x_wconf 78' lang='lat' dir='ltr'><strong>coniunguntur·</strong></span> 
     </span>
    </p>

    <p class='ocr_par' dir='ltr' id='par_1_6' title="bbox 265 4036 1471 4446">
     <span class='ocr_line' id='line_1_38' title="bbox 265 4036 1471 4120; baseline -0.004 -20"><span class='ocrx_word' id='word_1_317' title='bbox 265 4091 267 4096; x_wconf 95' lang='lat'><em>.</em></span> <span class='ocrx_word' id='word_1_318' title='bbox 346 4043 430 4100; x_wconf 91' lang='lat' dir='ltr'><strong>Brut.</strong></span> <span class='ocrx_word' id='word_1_319' title='bbox 445 4045 503 4100; x_wconf 88' lang='grc'><strong>119</strong></span> <span class='ocrx_word' id='word_1_320' title='bbox 517 4044 788 4116; x_wconf 78' lang='lat' dir='ltr'><strong>solanominantnr‚</strong></span> <span class='ocrx_word' id='word_1_321' title='bbox 811 4044 989 4120; x_wconf 83' lang='lat' dir='ltr'><strong>interpretor</strong></span> <span class='ocrx_word' id='word_1_322' title='bbox 1010 4063 1108 4102; x_wconf 82' lang='lat' dir='ltr'><strong>rerum</strong></span> <span class='ocrx_word' id='word_1_323' title='bbox 1131 4046 1332 4103; x_wconf 80' lang='lat' dir='ltr'><strong>tractationem</strong></span> <span class='ocrx_word' id='word_1_324' title='bbox 1349 4055 1402 4096; x_wconf 82' lang='lat' dir='ltr'><strong>seo·</strong></span> <span class='ocrx_word' id='word_1_325' title='bbox 1470 4036 1471 4053; x_wconf 63' lang='lat'>¹</span> 
     </span>
     <span class='ocr_line' id='line_1_39' title="bbox 347 4129 1400 4206; baseline -0.002 -22"><span class='ocrx_word' id='word_1_326' title='bbox 347 4129 563 4204; x_wconf 84' lang='lat' dir='ltr'><strong>tentiammque</strong></span> <span class='ocrx_word' id='word_1_327' title='bbox 597 4129 823 4206; x_wconf 83' lang='lat' dir='ltr'><strong>explicationem</strong></span> <span class='ocrx_word' id='word_1_328' title='bbox 853 4139 933 4186; x_wconf 81' lang='lat' dir='ltr'><strong>certe</strong></span> <span class='ocrx_word' id='word_1_329' title='bbox 966 4130 1092 4205; x_wconf 81' lang='lat' dir='ltr'><strong>quadani</strong></span> <span class='ocrx_word' id='word_1_330' title='bbox 1120 4130 1216 4188; x_wconf 83' lang='lat' dir='ltr'><strong>forino</strong></span> <span class='ocrx_word' id='word_1_331' title='bbox 1243 4129 1400 4188; x_wconf 78' lang='lat' dir='ltr'><strong>institutam·</strong></span> 
     </span>
     <span class='ocr_line' id='line_1_40' title="bbox 347 4213 1403 4291; baseline -0.006 -21"><span class='ocrx_word' id='word_1_332' title='bbox 347 4231 434 4288; x_wconf 80' lang='lat' dir='ltr'><strong>quern</strong></span> <span class='ocrx_word' id='word_1_333' title='bbox 463 4215 632 4272; x_wconf 90' lang='lat' dir='ltr'><strong>methodum</strong></span> <span class='ocrx_word' id='word_1_334' title='bbox 660 4215 777 4273; x_wconf 82' lang='lat' dir='ltr'><strong>scholae</strong></span> <span class='ocrx_word' id='word_1_335' title='bbox 805 4233 958 4281; x_wconf 78' lang='lat' dir='ltr'><strong>vocamus,</strong></span> <span class='ocrx_word' id='word_1_336' title='bbox 992 4234 1051 4291; x_wconf 88' lang='lat' dir='ltr'><strong>qua</strong></span> <span class='ocrx_word' id='word_1_337' title='bbox 1078 4215 1166 4273; x_wconf 83' lang='lat' dir='ltr'><strong>etiarn</strong></span> <span class='ocrx_word' id='word_1_338' title='bbox 1194 4213 1403 4273; x_wconf 75' lang='lat' dir='ltr'><strong>exercitationes</strong></span> 
     </span>
     <span class='ocr_line' id='line_1_41' title="bbox 347 4294 1403 4377; baseline 0 -23"><span class='ocrx_word' id='word_1_339' title='bbox 347 4299 491 4372; x_wconf 83' lang='lat' dir='ltr'><strong>quaedem</strong></span> <span class='ocrx_word' id='word_1_340' title='bbox 503 4301 790 4377; x_wconf 87' lang='lat' dir='ltr'><strong>comprehenduntur</strong></span> <span class='ocrx_word' id='word_1_341' title='bbox 801 4299 984 4358; x_wconf 83' lang='lat' dir='ltr'><strong>discentium.</strong></span> <span class='ocrx_word' id='word_1_342' title='bbox 1013 4299 1075 4361; x_wconf 81' lang='lat' dir='ltr'><strong>cfr.</strong></span> <span class='ocrx_word' id='word_1_343' title='bbox 1086 4301 1210 4359; x_wconf 86' lang='lat' dir='ltr'><strong>Beierus</strong></span> <span class='ocrx_word' id='word_1_344' title='bbox 1221 4301 1260 4358; x_wconf 88' lang='lat' dir='ltr'><strong>ad</strong></span> <span class='ocrx_word' id='word_1_345' title='bbox 1272 4297 1327 4360; x_wconf 82' lang='lat' dir='ltr'><strong>Off.</strong></span> <span class='ocrx_word' id='word_1_346' title='bbox 1338 4298 1354 4354; x_wconf 94' lang='lat' dir='ltr'><strong>l.</strong></span> <span class='ocrx_word' id='word_1_347' title='bbox 1364 4294 1403 4352; x_wconf 74' lang='lat' dir='ltr'><strong>cit</strong></span> 
     </span>
     <span class='ocr_line' id='line_1_42' title="bbox 348 4383 1155 4446; baseline 0.006 -7"><span class='ocrx_word' id='word_1_348' title='bbox 348 4383 528 4442; x_wconf 85' lang='lat' dir='ltr'><strong>Exciderunt</strong></span> <span class='ocrx_word' id='word_1_349' title='bbox 550 4386 642 4444; x_wconf 87' lang='lat' dir='ltr'><strong>verba</strong></span> <span class='ocrx_word' id='word_1_350' title='bbox 663 4397 688 4444; x_wconf 87' lang='lat' dir='ltr'><strong>et</strong></span> <span class='ocrx_word' id='word_1_351' title='bbox 709 4389 836 4444; x_wconf 81' lang='lat' dir='ltr'><strong>institutis</strong></span> <span class='ocrx_word' id='word_1_352' title='bbox 858 4387 948 4443; x_wconf 85' lang='lat' dir='ltr'><strong>ctiam</strong></span> <span class='ocrx_word' id='word_1_353' title='bbox 969 4387 1000 4444; x_wconf 89' lang='lat' dir='ltr'><strong>in</strong></span> <span class='ocrx_word' id='word_1_354' title='bbox 1024 4386 1103 4446; x_wconf 89' lang='lat' dir='ltr'><strong>Gud.</strong></span> <span class='ocrx_word' id='word_1_355' title='bbox 1127 4389 1155 4444; x_wconf 78' lang='lat'><strong>2.</strong></span> 
     </span>
    </p>
   </div>
   <div class='ocr_carea' id='block_1_5' title="bbox 0 0 1504 5020">
    <p class='ocr_par' dir='ltr' id='par_1_7' title="bbox 0 0 1504 5020">
     <span class='ocr_line' id='line_1_43' title="bbox 0 0 1504 5020; baseline 0 2"><span class='ocrx_word' id='word_1_356' title='bbox 0 0 1504 5020; x_wconf 95' lang='lat' dir='ltr'><strong> </strong></span> 
     </span>
    </p>
   </div>
  </div>
 </body>
</html>
