2944 5040
359 347 421 411 832
777 364 948 412 axcuasus
967 365 1009 411 vs

360 536 502 612 adiungit,
524 531 582 590 τῶν
604 529 792 612 προηγμένων
811 537 963 608 divisione,
986 549 1038 595 aut
1059 539 1137 614 apud
1159 537 1307 609 Graecum,
1327 557 1394 613 quan

359 622 543 697 sequebatur,
567 639 630 678 eam
654 620 708 678 hoc
730 621 795 678 loco
817 624 1044 698 comparationis
1066 642 1155 682 causa
1172 635 1393 682 commemoratam

357 711 495 788 repperit.

358 1237 397 1296 ll.
436 1233 718 1312 OSTENDITUE‚
756 1233 1003 1312 PRONOMEN,
1038 1234 1154 1312 QUOD
1191 1233 1266 1299 EST
1303 1229 1397 1314 QUIS-

359 1351 463 1434 QUE,
485 1354 568 1420 PRO
593 1354 658 1434 EO,
681 1353 797 1431 QUOD
812 1353 888 1418 EST
908 1349 1194 1434 QUICUMQUE,
1215 1353 1300 1418 NON
1318 1350 1397 1416 Pons

358 1473 469 1539 APUD
500 1473 741 1540 CICERONEM
769 1473 852 1539 AUT
880 1471 1003 1538 Amos
1035 1473 1221 1539 EIUSDEM
1248 1467 1399 1536 sullus

763 1591 1025 1659 SCRIPTORES.

679 1851 688 1870 Β
721 1781 767 1828 ΔΙ)
784 1782 846 1828 ulss.
862 1781 928 1829 [IIc
958 1785 995 1834 lb.
1015 1785 1056 1828 51.

815 1955 964 1966 ..——

442 2073 619 2144 Pronomau,
649 2074 727 2148 quod
750 2084 794 2132 est
816 2078 938 2150 quisque,
966 2093 1019 2150 pro
1032 2092 1076 2142 eo,
1096 2072 1173 2147 quod
1190 2083 1236 2128 est
1257 2075 1399 2146 quernaque.

358 2159 436 2234 apud
459 2158 630 2218 Ciceronem
653 2168 683 2216 et
705 2160 768 2216 eius
790 2161 927 2235 aequales
950 2160 1035 2235 poni,
1069 2157 1187 2233 quidam
1221 2157 1250 2214 iu
1279 2156 1400 2230 scriptura

357 2244 470 2319 aliquot
492 2244 623 2302 locorum
646 2245 801 2303 iudicanda
823 2256 853 2303 et
874 2245 904 2302 in
927 2244 1090 2302 enarrando
1111 2243 1185 2300 adeo
1207 2242 1345 2300 incuriose
1356 2239 1400 2294 dis·

358 2339 471 2404 putant,
494 2341 528 2386 ut
549 2349 585 2386 ne
606 2330 700 2406 ipsius
723 2331 839 2406 quidem
862 2330 949 2388 huius
966 2330 1146 2406 pronominis
1168 2332 1324 2403 quicumque
1342 2340 1400 2399 quae

357 2415 395 2471 sit
418 2423 547 2490 potestas
570 2434 698 2490 ususque
720 2416 806 2488 fines,
837 2417 911 2474 scire
934 2426 963 2472 et
985 2416 1114 2492 cogitare
1136 2413 1299 2471 videantur.
1338 2411 1400 2483 Quo

356 2500 435 2556 niam
458 2501 534 2558 enim
558 2501 587 2557 id
610 2501 693 2558 initio
716 2511 745 2559 et
767 2502 885 2578 proprie
914 2521 971 2558 non
993 2501 1153 2564 infinitum,
1187 2499 1239 2556 sad
1266 2497 1399 2555 relativum

356 2585 500 2643 inlinitum
523 2595 576 2656 est,
599 2587 724 2662 primum
748 2589 931 2662 maximeque
959 2587 1123 2661 quaeritur,
1157 2585 1306 2641 dicaturus
1331 2581 1399 2638 uim

356 2674 469 2746 quisque
491 2689 544 2746 pro
565 2671 699 2730 relativo.
732 2673 804 2730 Eius
826 2691 910 2742 usus,
934 2672 984 2746 qui
1005 2671 1084 2748 apud
1100 2671 1238 2728 Plautum
1261 2678 1291 2726 et
1311 2669 1400 2725 Tereu-

356 2757 429 2814 tium
452 2756 557 2814 dubius
579 2776 637 2815 non
660 2769 717 2828 est,
741 2760 819 2834 apud
842 2758 1012 2834 Ciceronem
1035 2767 1152 2833 praeter
1178 2774 1245 2812 eum
1272 2754 1400 2812 loconut

357 2861 415 2916 quo
437 2840 510 2899 haec
528 2841 686 2918 disputatio
709 2853 774 2901 orta
796 2855 849 2913 est,
873 2852 902 2900 et
923 2823 1005 2901 illum
1029 2842 1116 2918 paulo
1133 2841 1259 2918 priorem
1272 2833 1394 2918 (ΙΠ,)
1351 2833 1400 2908 45)

357 2945 443 3000 quem
466 2947 503 2984 ex
526 2928 644 3003 optimis
667 2928 815 2987 codicibus
838 2927 990 2987 emendavi
1013 2928 1083 3004 (etsi
1105 2927 1145 2984 ibi
1168 2945 1290 3003 quaeque
1310 2943 1327 2981 a
1345 2937 1400 2998 pass·

357 3013 398 3070 cis
415 3013 525 3070 editum
538 3015 623 3088 erat),
647 3033 736 3070 uuum
759 3014 934 3088 relinquitur
956 3014 1132 3088 exemplum,
1155 3014 1190 3070 de
1208 3005 1400 3088 Legg.11,lb:

356 3099 504 3172 Liqneum,
537 3101 662 3174 quodque
694 3102 817 3166 volumt,
856 3120 907 3156 uno
940 3119 953 3156 c
986 3102 1055 3198 liquo
1088 3099 1223 3165 dedicate,
1268 3088 1401 3154 eiusmodi-

355 3184 441 3259 quale
469 3203 505 3240 ne
527 3185 651 3242 Plautus
673 3183 791 3259 quidem
813 3185 927 3261 posuit,
957 3185 1008 3258 qui
1030 3202 1188 3258 numquam
1209 3182 1239 3239 id
1261 3191 1401 3256 pronomen

355 3289 409 3345 pro
442 3273 628 3346 qualicumque
660 3270 743 3327 dixit.
798 3271 841 3328 Eo
874 3280 972 3328 autem
1000 3267 1181 3328 manifestius
1209 3267 1341 3324 mendum
1360 3267 1400 3317 cel

355 3355 433 3428 quod
456 3355 638 3413 desideratur
659 3356 820 3413 subiectum
843 3356 925 3413 verbi
948 3357 1069 3413 dedicate
1096 3364 1127 3412 et
1152 3352 1231 3430 quod
1253 3352 1328 3428 apud
1346 3345 1400 3405 Pla-

355 3448 463 3511 tonem,
487 3441 568 3498 cuius
591 3443 681 3498 verbu
704 3441 808 3500 Cicero
831 3441 928 3512 vertit,
950 3449 1009 3500 est:
1031 3427 1057 3508 ὅ,
1080 3458 1108 3496 τι
1134 3459 1187 3505 τις.
1216 3439 1318 3512 Itaque
1338 3439 1400 3491 recle

356 3525 444 3582 scribi
467 3525 581 3583 iubent:
615 3529 688 3601 qued
714 3530 785 3601 quis.
829 3526 911 3600 Quae
934 3525 1101 3587 Schellerus
1124 3534 1154 3582 et
1180 3525 1230 3582 elii
1254 3542 1270 3580 e
1291 3512 1400 3580 librofl

355 3610 391 3667 da
413 3611 503 3688 Legg
529 3613 568 3668 20
591 3621 620 3669 et
643 3613 680 3669 21
709 3620 737 3670 et
760 3631 775 3669 e
802 3611 878 3669 libro
900 3613 957 3678 ΙΠ,
982 3613 998 3668 9
1022 3610 1189 3687 proferunt,
1212 3610 1243 3667 in
1264 3608 1301 3666 iis
1326 3599 1400 3663 manl-

354 3695 544 3754 festissimum
568 3709 620 3768 est,
644 3717 695 3772 que
717 3697 890 3773 perticulam
913 3717 977 3755 asse
1000 3697 1205 3795 copulativam,
1229 3713 1303 3769 quae
1323 3693 1397 3764 legen

354 3782 413 3858 legi
436 3791 581 3856 annectat,
605 3783 755 3858 antiquam
779 3783 1138 3858 s1mphestatem1m1tuns
1162 3800 1217 3838 msi
1210 3779 1305 3838 forte
1321 3775 1397 3834 etiam

354 3867 404 3924 ubi
427 3867 469 3924 sic
491 3866 695 3947 scribitur(
697 3867 786 3947 ,20)
813 3869 923 3943 Quoque
945 3870 1009 3926 laec
1027 3871 1154 3944 privatum
1176 3877 1201 3924 et
1218 3867 1322 3941 publice
1341 3855 1399 3916 „edu

354 3956 460 4028 astuque
474 3955 554 4026 fiant,
577 3957 707 4021 dissueta
728 3973 787 4012 non
810 3965 834 4011 et
855 3975 908 4030 quo
930 3950 1342 4030 modoiutellegeredabemus
1360 3937 1398 3999 ill

354 4057 517 4138 quocumque
538 4042 623 4097 nudo.
668 4037 824 4120 (DeOrat
847 4041 872 4110 Ι,
893 4041 951 4096 119
975 4057 1054 4096 nune
1078 4047 1156 4096 recte
1185 4036 1397 4102 scribiturque

353 4123 396 4180 ibi
418 4125 489 4199 poni
510 4133 627 4200 poterat
648 4129 815 4200 quicumque,
838 4126 908 4199 quia
930 4113 1080 4182 definitum
1102 4141 1194 4200 genus
1217 4107 1397 4210 significaturi

355 4207 381 4265 E
403 4208 553 4268 Ciceronis
576 4211 762 4310 aequalibus
772 4229 847 4268 nnus
870 4211 997 4269 obicitur
1018 4209 1172 4270 Cornelius
1194 4209 1304 4284 Nepos,
1327 4211 1396 4278 q1¹¹1l

353 4293 514 4370 Pelopidae
541 4314 565 4353 c.
590 4297 608 4352 2
637 4297 679 4354 sic
706 4295 858 4372 scripsisse
886 4305 1021 4373 putatur:
1053 4297 1094 4353 Hi
1113 4316 1200 4354 ornnes
1221 4283 1395 4370 sere(ex¹110⁵
