2938 5020
412 416 456 462 ar
479 415 559 462 aran.
575 415 638 462 nm.
656 415 679 462 11
701 416 773 463 car.
794 420 817 462 e.
1089 401 1147 464 161

110 587 208 651 duabus
238 587 333 650 modis
372 585 438 650 sine
470 585 669 666 reprensione
700 583 749 663 fit,
786 585 812 650 si
845 592 899 650 aut
931 587 970 651 de
996 586 1151 651 industria

110 687 198 766 acus,
217 697 249 752 ut
269 688 458 767 Heraclitus,
492 693 742 769 cognomento
765 687 828 768 qui
850 681 1041 756 auocarent,-
1062 708 1149 770 per-

166 880 185 924 t.
201 876 239 940 qai
252 892 299 926 om.
318 875 339 925 L
373 875 477 926 :cormac
495 875 569 928 codd.
589 875 718 940 (amatim
736 875 757 925 P
774 876 875 927 scenos
895 875 925 940 C)
1010 905 1014 912 ·

108 1048 245 1126 Redarguit
266 1051 464 1107 testimonium
487 1049 547 1107 Erl.
571 1047 615 1127 [et
636 1046 693 1126 B];
715 1051 779 1126 ipse
799 1060 897 1108 autem
920 1047 1013 1109 Gaius
1036 1051 1073 1108 ad
1096 1053 1150 1123 lv,

107 1135 139 1189 67
166 1136 192 1192 in
223 1136 332 1205 „tribus
365 1135 504 1210 optimis“
538 1154 597 1192 non
630 1135 693 1205 hic,
723 1135 773 1192 sed
807 1136 895 1212 paulo
923 1146 991 1192 ante
1020 1132 1087 1215 (non
1111 1141 1150 1194 iu-

106 1222 218 1294 tellepanr,
248 1224 316 1296 quid
342 1222 482 1297 Epicurus
505 1219 644 1299 loquatur)
672 1223 790 1294 loquitur
822 1221 880 1297 legi
908 1231 1022 1291 narrat:
1056 1220 1100 1299 [et
1122 1223 1152 1279 id

106 1304 138 1360 ili
156 1325 170 1362 a
189 1307 212 1364 Β
232 1305 373 1383 notetur}
422 1304 506 1385 (Ipse
535 1305 654 1363 foedum
682 1306 886 1364 soloecismum
914 1307 1072 1383 probabat:
1106 1327 1169 1388 ar-¹

104 1389 179 1464 ripcit
197 1409 229 1448 ec
248 1412 302 1467 pro
325 1393 493 1449 testimonio
521 1390 619 1467 posuit
640 1391 852 1449 Ramahornius
870 1412 898 1467 p.
922 1393 998 1464 713,
1033 1393 1153 1470 dignum

104 1475 199 1550 reliquo
220 1478 389 1535 mendorum
411 1477 541 1552 acervo.)
585 1477 677 1534 Recte
694 1477 829 1535 Bromius
852 1478 970 1554 negavit
987 1478 1152 1536 indicativo

103 1560 143 1617 lric
159 1562 246 1620 locum
268 1581 347 1631 esse:
381 1581 476 1637 neque
509 1563 586 1618 anim
609 1562 830 1620 circumlocutio
852 1563 925 1620 hace
948 1571 1007 1636 ast,
1035 1565 1152 1622 absolu-

103 1655 151 1702 tam
170 1648 310 1705 notionem
335 1647 502 1719 continens,
526 1657 559 1704 ut
579 1666 645 1704 cum
668 1647 789 1705 dicitur:
810 1651 860 1722 'qui
880 1649 1006 1721 andiunt,
1030 1651 1079 1706 sed
1103 1669 1152 1707 nc·

102 1735 211 1789 maaria
236 1753 304 1810 pars
327 1734 490 1791 sententiae
517 1733 685 1809 pendentis,
719 1733 749 1790 in
778 1752 836 1808 qua
863 1753 881 1790 a
908 1743 988 1791 certo
1022 1735 1153 1794 subiecto

102 1813 240 1896 (Epicuro)
261 1819 404 1876 nancitor
425 1819 464 1876 ad
485 1819 600 1894 generis
622 1818 772 1876 notionem
800 1817 870 1896 (dau
893 1821 1018 1902 mnarum
1041 1825 1101 1894 qni,
1125 1832 1153 1877 nt

103 1903 152 1960 lu'u
169 1907 291 1978 asidam,
314 1909 353 1962 eic
376 1905 529 1979 Ιοᾳιιαιιιν).
570 1913 599 1961 et
632 1905 741 1962 causali
770 1905 858 1962 etiam
887 1923 966 1962 nexu
995 1906 1153 1981 implicata.

102 1987 190 2062 Neque
211 1991 287 2047 anim
309 2009 377 2047 raro
400 1990 429 2046 in
453 1989 619 2047 huiusmodi
641 1989 791 2048 notatione
814 1990 939 2048 subiecti
961 1991 1048 2048 simul
1065 1993 1153 2069 signi-

101 2073 189 2131 ficatur
199 2093 285 2133 cansa
302 2075 413 2144 iudicii,
437 2076 516 2150 quod
538 2076 574 2132 de
596 2094 631 2132 eo
648 2075 708 2146 fiat,
727 2075 908 2133 automnino
931 2075 994 2134 eius
1017 2078 1153 2152 qualitas,

100 2167 126 2213 et
144 2160 176 2216 ob
196 2179 257 2218 eam
285 2180 348 2218 rem
370 2161 574 2218 coniunctivae
595 2161 715 2236 ponitur
737 2160 806 2239 [Gr.
818 2161 883 2220 Lat.
902 2165 916 2232 ξ
941 2162 1012 2232 364,
1035 2173 1095 2220 not.
1112 2162 1152 2240 1]‚

100 2243 169 2302 relat
197 2243 286 2326 [infra
317 2247 391 2304 102:
418 2248 500 2321 idque
527 2257 678 2304 testamento
700 2248 801 2304 cavebit
826 2249 865 2316 ie,
899 2251 948 2322 qui
968 2249 1042 2305 :tobia
1075 2253 1157 2323 prensi

98 2333 218 2388 σναιιιίιιιιι
239 2335 352 2390 ediderit
373 2343 438 2402 cet„
455 2331 608 2389 utstatim:
631 2333 707 2390 Haec
723 2351 774 2388 aton
785 2335 936 2400 manicius,
960 2337 1008 2408 qui
1023 2367 1064 2376 -
1073 2353 1154 2409 pera·

95 2420 221 2490 praesset,
234 2418 390 2486 VerulII,
405 2419 480 2474 221:
502 2419 726 2488 Absolutum,
749 2421 834 2492 quise
849 2421 974 2492 foteanu
996 2429 1060 2488 cet,
1084 2419 1155 2477 Phi-

98 2499 159 2576 lipp.
181 2501 221 2575 Π,
244 2503 298 2561 39:
329 2505 368 2561 Et
396 2506 451 2560 eires
472 2506 525 2560 viri
544 2507 646 2560 nmrdne
667 2523 707 2560 me
728 2506 854 2560 insectari
881 2505 979 2572 aum,
1017 2508 1093 2562 cuitu
1115 2526 1155 2562 :rae

97 2590 210 2660 annana,
232 2600 256 2646 te
282 2601 409 2646 sectorem
431 2607 487 2646 ease
501 2587 643 2666 satecrat]
677 2589 753 2646 IN.
776 2589 814 2646 D.
838 2589 892 2646 55:
941 2589 1042 2658 Quanti
1067 2601 1155 2648 aretem

96 2673 154 2729 laec
175 2675 342 2750 philosophia
362 2677 529 2731 aestimanda
551 2683 599 2744 est,
627 2677 678 2732 eut
702 2685 838 2749 tanrqrnann
861 2677 974 2732 aniculis
995 2687 1020 2732 et
1041 2679 1074 2734 iis
1096 2680 1154 2751 qni-

96 2758 149 2812 dnn
171 2761 284 2830 ardanna,
301 2763 366 2834 ‚sato
380 2761 446 2833 fieri
465 2761 607 2818 uideantur
628 2763 735 2817 ornantia?
756 2756 847 2841 (Dav.
858 2761 982 2818 uidentur
998 2761 1125 2819 malebat
1133 2757 1155 2844 ς)

97 2843 150 2899 ibd.
175 2847 242 2902 116:
274 2847 320 2902 Au
338 2848 488 2920 quidquam
509 2848 632 2902 aninniunc
655 2855 744 2921 potest
770 2864 827 2903 esse
848 2849 875 2902 iu
897 2866 929 2903 ea
950 2857 1063 2914 natura,
1086 2867 1156 2922 praue
1188 2880 1192 2890 ι

96 2929 157 2984 nulrit
175 2949 219 2988 aec
238 2943 333 2988 actura
355 2935 390 2987 eit
412 2949 539 3005 :culquam
555 2949 639 3006 neque
660 2942 725 3005 aqut
755 2949 839 3006 neqrte
859 2935 959 3004 aperit?
990 2933 1156 2990 Insolenter

97 3012 276 3074 Cicerocum
299 3015 543 3092 significationem
566 3015 665 3074 omisit
687 3017 775 3092 paulo
798 3027 866 3092 post
891 3019 964 3074 117:
1013 3017 1087 3086 Quid
1118 3028 1156 3076 ert

95 3109 184 3168 arum,
206 3104 277 3175 qaod
297 3105 361 3159 deoc
383 3121 536 3160 crementur
553 3112 666 3178 propter
687 3104 889 3160 admirationem
910 3105 966 3160 eines
984 3114 1106 3162 natiuae.
1129 3107 1155 3158 ia

96 3204 146 3258 qua
167 3189 294 3260 epreqian:
316 3187 383 3244 nihil
403 3189 540 3245 aderunt?
562 3188 763 3263 Expectabam
787 3190 932 3244 audeamus.

172 3276 196 3328 ri
215 3267 275 3354 ortt)
309 3271 441 3332 Ostendit
462 3273 637 3340 Lambinus¹¹
672 3273 912 3349 diligentissimus
946 3274 1086 3331 orationis
1120 3275 1156 3330 ad

94 3357 215 3432 regulam
248 3359 426 3434 compositae
455 3371 589 3430 exactor,
623 3358 701 3433 quod
729 3377 787 3416 non
815 3377 853 3414 ex
881 3359 982 3416 eodem
1010 3363 1035 3416 ei
1056 3369 1155 3434 aptum

94 3443 218 3516 sequitur
243 3455 303 3509 aut,
333 3445 384 3500 sed
406 3455 453 3501 arnt
474 3463 548 3514 cr:n:;
581 3463 651 3520 ergo
674 3444 868 3520 transposuit,
901 3453 936 3501 ut
957 3455 1035 3502 assat
1055 3456 1103 3502 aru
1124 3449 1155 3501 si.

92 3525 190 3584 Cicero
211 3529 356 3586 interdum
380 3530 408 3586 in
432 3529 503 3587 talia
524 3529 641 3600 incidit:
664 3529 722 3586 vid.
745 3529 782 3586 ad
804 3531 834 3593 Ι,
865 3531 913 3587 33.
959 3529 1034 3608 [cfr.
1057 3551 1089 3591 ne
1110 3541 1157 3586 aru

95 3645 129 3654 -
151 3625 198 3670 aut
220 3635 264 3680 ne,
298 3635 351 3691 pro
374 3616 461 3674 Rosc.
484 3616 555 3673 Am.
579 3616 634 3684 823
667 3633 725 3672 cun
753 3625 777 3672 et
807 3650 848 3658 —-
870 3625 895 3672 et
915 3635 988 3686 cunin,
1023 3616 1059 3673 de
1088 3616 1156 3692 imp.

92 3698 190 3776 Pomp.
214 3702 268 3771 493
302 3701 367 3758 Liv.
380 3701 492 3770 XLIV,
517 3703 572 3770 22,
603 3702 636 3757 2:
670 3719 728 3758 crum
750 3711 798 3757 oret
821 3733 861 3742 --
883 3711 931 3757 out
952 3721 1005 3775 quo
1026 3699 1093 3779 die]

171 3797 335 3859 apparamento
357 3783 418 3864 qun)
441 3787 542 3844 Verba
564 3805 627 3844 esse
650 3786 759 3844 veteris
780 3794 885 3862 poetae
903 3783 1036 3866 (Lucilii,
1059 3798 1092 3844 ut
1114 3787 1154 3845 ri·

90 3869 200 3948 detur),
233 3871 442 3929 intellexerunt
474 3873 608 3930 aduretur
640 3872 678 3928 ad
705 3873 830 3929 Aristot.
858 3872 926 3929 Eth.
949 3873 996 3944 Π,
1032 3873 1049 3930 3
1073 3881 1102 3930 et
1124 3874 1157 3930 F.

90 3955 123 4012 V.
145 3955 274 4015 licinius.
317 3959 454 4034 Apparet
481 3958 522 4014 ite
550 3974 628 4029 esse,
663 3967 867 4033 praeterquam
891 3959 969 4032 quod
997 3958 1026 4015 in
1060 3958 1158 4016 verbis

90 4045 150 4115 praiz
181 4077 223 4085 --
249 4045 402 4100 memorauit
434 4061 536 4101 versus
570 4043 740 4100 hexameter
772 4043 835 4118 ipse
868 4044 988 4101 auribus
1021 4045 1158 4114 occurrit,

90 4132 150 4202 pria
172 4128 201 4186 in
226 4147 314 4185 unam
337 4128 480 4206 syllabam
502 4139 667 4200 contracto,
701 4147 738 4186 ex
771 4147 843 4186 voce
876 4133 1049 4204 copnrmnentu
1083 4149 1158 4204 quae

89 4215 265 4272 comicorum
288 4223 384 4272 estet
406 4233 506 4272 eorum
528 4214 717 4290 scriptorum,
751 4215 801 4288 qui
828 4214 950 4289 antiqua
971 4225 1023 4272 aut
1044 4215 1158 4273 obsole-

89 4301 197 4360 scentia
230 4299 416 4358 retinuerunt
447 4309 498 4358 aut
531 4301 664 4358 obsoleta
684 4311 874 4369 revocarunt,
909 4300 1056 4370 Sallustii,
1080 4303 1159 4360 Mes·

956 4419 985 4471 11
