3018 5052
271 408 335 473 432
666 426 710 471 us
733 425 863 472 rrumus
886 423 958 470 sort.
1003 392 1007 400 ’

272 595 324 660 51.
348 594 436 672 Quae
458 600 562 660 autem
584 596 778 660 aestimanda
799 603 913 672 essent,
936 612 1043 658 eorum
1066 594 1097 658 in
1115 593 1355 658 aliissatisesse

272 715 396 776 causae,
419 698 619 779 quamobrem
642 697 828 780 quibusdam
850 705 1129 778 anteponerentur,
1156 697 1245 760 utin
1268 695 1354 760 vale·

272 799 388 878 tudine,
412 808 447 865 ut
467 800 499 865 in
522 801 701 882 integritate
723 818 878 878 sensuum,
900 807 936 863 ut
957 799 988 864 in
1000 797 1117 865 doloris
1132 799 1296 877 vacuitate,
1319 807 1355 863 ut

344 1028 364 1074 1.
384 1040 428 1102 que
446 1040 507 1142 ppos
525 1023 548 1072 Ε
566 1039 673 1087 quaeque
691 1024 802 1088 (queque)
820 1021 961 1073 truces.
1003 1027 1028 1074 8.
1047 1031 1090 1070 out
1107 1020 1131 1070 ia
1149 1014 1281 1086 oblcyrrlote
1298 1039 1354 1071 sen-

271 1109 338 1142 suum
356 1102 399 1142 aut
416 1109 439 1142 aa
467 1129 476 1142 .

360 1319 409 1375 51.
438 1317 513 1387 Quor
534 1327 623 1374 11111111
644 1317 812 1374 aestirnoudo
835 1315 934 1390 erratu)
969 1314 1019 1374 Sic
1046 1316 1104 1372 iam
1129 1315 1209 1376 Crat.
1232 1325 1263 1372 et
1284 1316 1354 1374 inde

273 1423 291 1460 a
313 1404 448 1460 Manutio
472 1421 573 1461 omnes
595 1402 694 1470 tacite,
718 1402 811 1460 donec
832 1401 925 1460 Gaius
947 1401 1077 1459 restituit
1099 1421 1234 1476 quaeque.
1259 1397 1354 1481 [quod

272 1507 338 1546 cum
360 1487 503 1546 fueritin
526 1487 605 1548 Oxx.
629 1487 907 1559 ethii·omnibus,
931 1487 960 1544 in
983 1487 1144 1564 archetypo
1174 1487 1267 1544 fuisse
1290 1507 1353 1544 cre·

272 1575 418 1644 dideram,
441 1592 520 1631 nunc
547 1574 583 1631 de
605 1575 635 1631 Α
658 1583 761 1632 contra
782 1570 971 1650 affirmatur}
1031 1573 1090 1632 Sed
1113 1585 1218 1648 'neque
1247 1572 1354 1632 Cicero

273 1661 374 1718 eiusve
386 1660 525 1735 aequales
536 1663 651 1734 quisque
661 1679 715 1736 pro
728 1663 887 1734 pelleumque
898 1668 1061 1734 posuerunt
1077 1659 1127 1736 (de
1150 1678 1209 1734 quo
1227 1659 1353 1734 exposui

272 1747 302 1804 in
325 1765 452 1804 excursu
474 1747 511 1802 ad
534 1745 612 1803 hunc
629 1743 750 1828 locum),
774 1764 842 1813 nec,
866 1743 891 1802 si
921 1745 950 1802 id
978 1745 1049 1802 alibi
1072 1753 1210 1820 poneret,
1243 1745 1274 1801 in
1295 1744 1353 1801 hac

271 1833 398 1908 simplici
420 1831 537 1909 generis
560 1831 821 1907 comprehensione
850 1849 944 1887 novae
972 1829 1127 1888 divisionis
1156 1849 1245 1888 causa
1274 1830 1353 1887 ullus

273 1930 351 1975 esset
373 1919 455 1976 locus
477 1917 603 1975 relativo
625 1916 787 1974 indefinito.
831 1917 895 1974 Nec
918 1915 1012 1974 Aead.
1034 1916 1060 1987 1,
1086 1917 1124 1974 36
1149 1925 1179 1974 et
1202 1917 1240 1974 37
1261 1916 1353 1972 dixit:

271 2023 453 2078 quoccrooque
475 2013 564 2060 cotun
586 2005 731 2060 secumdum
755 2013 880 2059 nutttrom
902 2011 968 2059 aut:
990 2005 1041 2060 scd
1061 2021 1245 2078 quoecumque
1266 2013 1354 2059 esserrt

271 2092 411 2156 airnardo,
435 2089 485 2147 sed
509 2089 554 2146 bis
576 2108 653 2162 quoe.

358 2178 495 2232 cucumin
518 2177 579 2230 ollio
601 2177 669 2232 sotis
690 2193 747 2231 esec
768 2171 880 2251 consue)
913 2174 1019 2247 Itaque
1047 2191 1105 2230 non
1128 2173 1241 2242 omnio,
1276 2191 1353 2248 quae

271 2262 402 2335 aliquam
425 2260 545 2317 omnino
567 2249 654 2327 ἀξίαν
676 2251 1241 2356 1111111111νοὶ1111111111,προηγμένα
1258 2271 1353 2330 erant.¹

271 2355 332 2418 aut,
356 2364 473 2421 quae.
445 2337 583 2414 ἀπαξίαν
607 2334 849 2422 ἀποπροηγμένα.
884 2344 997 2402 Eodem
1009 2342 1146 2443 pertrnet,
1170 2343 1250 2418 quod
1268 2343 1353 2404 Sext.

272 2433 298 2489 F
287 2451 358 2508 mp
380 2423 551 2506 προηγμένα
574 2429 724 2505 appellata
746 2430 832 2500 dicit,
866 2449 941 2505 quae
975 2419 1076 2530 ἱκανην
1099 2419 1187 2496 ἀξίαν
1209 2429 1356 2488 haberent

273 2510 679 2595 (continuantium)
703 2525 733 2572 et
755 2516 901 2575 Stobaeus
923 2507 1094 2590 προηγμένα
1122 2513 1241 2576 definit
1276 2533 1355 2590 quae

271 2593 382 2676 πολλὴν
410 2591 497 2670 ἀξίαν
530 2601 671 2661 habeant
694 2591 939 2677 α’ποπροηγμένα,
973 2617 1049 2674 quae
1082 2587 1193 2674 πολλην
1221 2591 1355 2670 ἀπαξίαν

271 2685 314 2766 (p.
340 2689 400 2745 144
423 2695 452 2744 et
477 2687 561 2764 156).
595 2689 707 2744 Verum
731 2703 806 2760 quae
828 2705 888 2744 non
910 2693 1024 2743 tantam
1042 2683 1278 2742 aestimationem
1301 2697 1357 2744 aut

272 2771 602 2830 uon-aestimationem
626 2773 673 2848 (ut
694 2773 751 2828 boc
773 2769 896 2849 fingam)
919 2771 1082 2842 habebant,
1112 2779 1145 2826 ut
1172 2770 1203 2826 in
1225 2785 1357 2848 praepo·

271 2858 336 2917 sitis
359 2869 411 2916 aut
432 2857 549 2914 reiectis
571 2858 720 2914 numerari
743 2866 872 2932 possent,
896 2875 998 2914 eorum
1015 2855 1182 2913 aestimatio
1204 2865 1257 2914 ant
1279 2875 1356 2915 non-

272 2945 437 3002 aestimatio
466 2943 578 3000 nullum
607 2963 728 3019 prorsus
755 2952 934 3000 momentum
963 2941 1101 3010 faciebat,
1123 2941 1357 3018 recidebantque

271 3050 309 3088 ex
331 3029 559 3088 aestimabilium
582 3039 612 3086 et
633 3028 893 3086 inaestimabilium
915 3047 1023 3105 uenere
1034 3046 1065 3083 rn
1076 3045 1169 3104 genus
1195 3023 1254 3083 τῶν
1277 3030 1356 3084 καθ·

272 3101 354 3185 α’παξ
376 3103 559 3214 ἀδιαηέρων.
603 3117 708 3190 Itaque
731 3133 826 3188 nequo
849 3114 954 3173 Cicero
977 3131 1072 3187 neque
1097 3113 1172 3170 alius
1196 3111 1357 3187 quisquam

271 3200 358 3258 huius
380 3200 490 3276 speciei
513 3199 755 3276 (aestimabilium
778 3218 832 3256 nec
854 3209 953 3257 tamen
976 3200 1213 3275 praepositorum
1235 3207 1266 3255 et
1283 3217 1357 3256 con·

271 3285 332 3367 tra)
353 3286 445 3344 ullum
474 3285 641 3362 exemplum
670 3286 754 3362 ponit
776 3295 827 3342 eut
849 3285 1013 3362 appetitum
1042 3303 1077 3342 eo
1106 3285 1286 3342 commereri
1308 3285 1358 3342 111-

272 3373 325 3442 cit,
350 3372 500 3448 Diogenes
517 3381 615 3430 atatem
627 3373 764 3472 Laertips
797 3370 973 3446 (vn,105)
996 3370 1170 3446 simpliciter
1192 3370 1292 3426 omnia
1312 3387 1358 3426 τα

272 3449 359 3526 ἀξιον
381 3451 489 3532 ἔχοντα
510 3455 583 3514 facit
604 3450 788 3533 προηγμένα,
823 3458 873 3530 qui
902 3458 952 3514 vix
975 3456 1234 3532 reprehensionem
1257 3473 1359 3512 mere-

272 3552 320 3598 tur
331 3543 534 3600 Tennemanni
546 3544 627 3618 IVp
636 3544 674 3600 87
688 3551 759 3602 not..
772 3543 875 3600 saltem
888 3562 946 3600 non
959 3542 1091 3612 eandem,
1104 3560 1192 3616 quam
1199 3539 1358 3600 Ciceronis

272 3627 300 3684 in
324 3626 513 3685 Academicis
536 3647 626 3686 error
671 3609 819 3688 Stobeeus
841 3647 959 3703 quoque
982 3637 1067 3685 extra
1094 3627 1176 3684 illam
1206 3626 1358 3685 definitio·

271 3733 337 3770 nem
360 3715 417 3771 tria
440 3721 553 3770 tantum
566 3733 685 3810 genera
702 3713 775 3770 iacit
797 3704 1256 3791 (προηγμένα,ἀποπροηγμένα,
1282 3699 1358 3769 οὔτε

270 3792 441 3943 προηγμένα
465 3785 533 3854 οὔτε
555 3789 796 3876 ἀποπροηγμένα,
820 3819 848 3875 p.
865 3798 938 3873 146)
957 3797 1151 3872 similiterque
1170 3795 1253 3856 Sext.
1264 3797 1357 3873 Emp.

357 3971 434 4027 111111
462 3972 611 4043 intepritute
637 3967 779 4049 serranum)
814 3968 922 4028 Gaius:
961 3970 1112 4026 valetudiue
1144 3978 1170 4025 ci
1202 3971 1360 4041 iutepritute

271 4075 395 4111 aeteruum
418 4074 433 4112 e
457 4054 546 4130 Spin,
570 4055 648 4125 Bas,
673 4054 751 4113 Gud.
779 4058 805 4126 1,
829 4054 1074 4130 quemadmodum
1087 4061 1132 4112 est
1143 4054 1174 4111 in
1191 4053 1255 4110 edd.
1272 4053 1358 4112 lunt.

271 4150 301 4197 et
323 4139 403 4199 Crat.
448 4142 495 4198 De
518 4141 668 4198 codicibus
697 4141 788 4198 miror
814 4141 844 4197 in
874 4149 957 4198 tanto
980 4159 1112 4197 meorum
1142 4150 1171 4197 et
1199 4138 1360 4199 Oxonien-

271 4226 347 4282 sium
370 4245 523 4284 consensu.
569 4225 609 4303 [B
632 4237 665 4284 ut
687 4224 763 4303 Eri]
808 4226 1040 4303 Distinguuntur
1061 4227 1135 4283 haec
1157 4225 1247 4283 etiam
1270 4229 1285 4294 ς
1310 4225 1357 4284 56

271 4319 301 4368 et
322 4312 364 4382 11,
390 4313 439 4368 34.
483 4311 632 4370 Valetudo
662 4311 698 4369 ad
730 4321 824 4369 totum
853 4330 960 4389 corpus
988 4313 1131 4388 pertinet,
1165 4311 1290 4368 alterum
1314 4313 1362 4370 ad

271 4406 383 4473 partes3
408 4397 500 4454 Acad.
523 4399 548 4470 1,
575 4397 622 4454 19.
