2998 5020
425 435 468 481 er
492 435 572 481 usn
594 435 657 480 nin.
675 435 709 482 1v
732 433 804 481 car.
829 437 869 482 ar.
1116 417 1179 482 593

104 603 205 681 ribus,
237 603 263 667 si
292 603 376 667 nulle
405 619 511 668 earum
538 603 582 668 ita
609 609 754 668 contenta
779 603 881 668 nervis
910 603 963 682 sit,
992 610 1027 667 ut
1049 621 1179 668 concen-

176 796 197 838 1.
217 797 326 840 contentu
343 792 444 841 uulneris
464 789 554 843 citor.
598 789 770 842 comeatumC

105 981 198 1038 tinere
220 981 258 1036 ad
281 999 418 1038 sonorum
440 981 665 1057 productionem
691 992 743 1038 aut
765 981 954 1053 brevitatem,
989 982 1072 1039 euius
1099 991 1181 1041 recta

104 1067 257 1142 proportio
280 1077 470 1124 conservet-ur
492 1075 522 1124 et
543 1067 689 1125 efficiatur
710 1086 768 1126 non
781 1085 937 1125 nervorum
948 1067 1082 1125 tensione
1100 1070 1180 1144 (quis

105 1153 181 1209 enirn
206 1152 289 1209 novit
310 1155 365 1210 eine
387 1157 543 1227 tuctmusaip
570 1159 717 1228 qestirumte
739 1151 859 1232 Sattst),
887 1151 938 1210 sed
966 1153 1086 1210 artificis
1114 1155 1180 1211 dili-

104 1237 213 1313 gentia.
238 1231 241 1236 ’
263 1237 351 1294 Fides
379 1247 476 1295 autem
506 1239 541 1296 de
564 1238 688 1314 singulis
710 1238 809 1294 nervis
832 1239 904 1309 diei,
933 1239 1121 1309 recentiores,
1145 1241 1179 1312 si,

105 1332 138 1379 ut
160 1322 321 1393 debebant,
345 1323 441 1381 lexica
463 1324 676 1400 inspexissent,
710 1325 797 1382 unius
824 1323 979 1380 Prudentii
1009 1325 1179 1382 testimonio

105 1408 308 1466 confirmatum
331 1410 531 1484 repperissent¹
554 1406 640 1487 (quae
667 1410 729 1466 tubo
758 1429 879 1484 quaeque
901 1411 961 1483 ipra
984 1410 1112 1466 Flatibus
1139 1414 1180 1467 iu·

104 1497 168 1552 clito
190 1497 232 1551 vel
245 1492 378 1573 fidibus),
408 1496 485 1569 quod
509 1495 538 1551 in
562 1495 616 1551 hac
639 1505 740 1553 nostre
762 1513 850 1552 cause
872 1495 985 1551 nullum
1009 1514 1087 1567 esse,
1122 1493 1180 1572 ipsi

104 1579 327 1650 confiterentur3
351 1581 455 1638 addam
478 1581 609 1638 Nonium
625 1581 698 1654 fides
720 1580 908 1656 interpretari
929 1581 1061 1652 chordas,
1090 1582 1180 1640 ascri·

105 1667 222 1722 bentem
245 1664 396 1724 Ciceronis
419 1676 448 1722 et
470 1666 596 1742 Vergilii
619 1667 708 1738 locos,
732 1667 782 1722 ubi
804 1665 988 1741 apertissime
1010 1666 1046 1723 de
1069 1685 1180 1743 organo

105 1751 217 1807 musico
240 1750 355 1821 dicitur,
379 1769 416 1808 ne
437 1752 534 1828 ipsum
547 1751 663 1826 quidem
682 1750 807 1808 fortasse
818 1769 909 1826 preve
922 1751 1105 1824 sentientem,
1129 1753 1181 1810 sed

105 1836 184 1893 aliud
207 1837 344 1908 verbum,
379 1855 437 1910 quo
465 1844 596 1894 uteretur
618 1837 647 1893 in
671 1836 860 1912 explicando,
894 1855 951 1894 non
974 1837 1179 1912 reperientem.

106 1921 165 1982 Sed
187 1931 266 1978 recte
288 1922 394 1980 Festus
417 1922 489 1980 fides
512 1923 554 1979 ait
576 1941 640 1979 esse
652 1941 744 1999 genus
757 1923 895 1978 citharae.
919 1919 1072 1998 (Citharae
1085 1921 1179 1982 Gree-

105 2026 171 2064 cum
195 2026 300 2065 nomen
324 2007 429 2066 Cicero
451 2027 509 2064 nou
532 2009 634 2079 habet,
668 2009 750 2084 lyrae
772 2008 871 2083 posuit
893 2007 981 2065 Tusc.
1003 2008 1028 2066 Ι.
1053 2010 1072 2064 4
1094 2009 1124 2065 in
1147 2028 1178 2066 re

106 2090 247 2168 Graece.)
292 2091 446 2166 Quomodo
474 2101 571 2150 autem
602 2093 723 2164 Cicero,
758 2094 782 2172 si
811 2093 882 2149 lides
910 2111 1048 2168 umquam
1072 2113 1179 2152 nervos

105 2178 314 2254 significarent,
337 2177 509 2253 appellaret,
534 2189 566 2236 ut
587 2179 765 2253 aliquotiens
787 2177 873 2250 iacit,
907 2199 1001 2236 nerum
1031 2182 1058 2236 ia
1074 2181 1179 2252 fidibus

105 2263 156 2340 (de
179 2263 434 2334 Orat.1n,216,
458 2265 493 2320 de
519 2264 619 2321 Dirin.
643 2265 684 2334 II,
709 2265 758 2334 33,
783 2265 819 2321 de
840 2264 931 2340 Legg.
954 2265 995 2322 II.
1021 2263 1092 2340 39)?
1136 2267 1180 2323 At

105 2349 183 2406 enim
207 2349 344 2406 dicuntur
366 2357 462 2406 tamen
486 2349 528 2406 sic
543 2352 681 2423 fidimlae.
715 2350 762 2406 Ne
774 2349 829 2406 hoc
841 2350 958 2424 quidem
971 2369 1087 2420 verum3
1111 2369 1179 2409 narn

105 2436 141 2492 de
154 2435 192 2492 N.
205 2435 243 2491 D.
255 2436 297 2504 II,
311 2436 350 2492 22
371 2435 502 2508 fidiculas
524 2455 661 2492 numerose
681 2445 805 2492 sonoriter
827 2435 959 2513 intellegi
981 2455 1039 2493 non
1062 2455 1178 2508 nervos,

104 2521 157 2578 sed
180 2521 317 2586 citharas,
341 2529 370 2578 et
393 2540 529 2577 urerncroae
551 2521 697 2598 significat
719 2531 747 2577 et
769 2530 891 2597 apparet
922 2539 958 2578 ex
983 2539 1031 2592 eo,
1054 2522 1101 2578 eui
1123 2523 1179 2580 boc

102 2606 280 2681 respondet:
304 2607 437 2663 modulate
458 2617 581 2664 canentes
604 2608 689 2663 tibiae.
723 2605 758 2663 In
782 2606 875 2664 servis
897 2616 994 2662 autem
1007 2607 1179 2681 torquendis

103 2693 317 2768 imperatorum
340 2701 472 2767 tempore
494 2710 552 2748 non
571 2692 678 2768 singuli
700 2691 785 2748 funes
797 2691 931 2748 fidiculae
944 2691 1178 2768 appellabantur,

103 2777 156 2834 sed
169 2785 232 2833 tota
245 2777 388 2848 maehina,
413 2796 488 2852 quae
499 2776 619 2834 funibus
642 2787 790 2852 tamquam
802 2777 902 2835 nervis
919 2777 1063 2834 instructa
1073 2779 1178 2835 acerbe

101 2863 274 2920 ludentibus
296 2863 396 2920 fidium
421 2862 548 2938 speciem
571 2863 678 2919 habere
702 2863 765 2920 visa
787 2873 846 2932 est;
872 2865 1014 2936 ‚fidiculam
1037 2863 1179 2939 singulari

100 2966 228 3006 numero
250 2947 280 3004 in
300 2949 355 3004 hac
377 2967 408 3005 re
431 2967 517 3004 nemo
540 2948 661 3005 audivit.
705 2950 757 3020 At,
781 2949 837 3005 nisi
860 2948 932 3006 fides
954 2948 1072 3024 proprie
1095 2949 1178 3006 nervi

101 3044 182 3105 suut,
206 3033 283 3090 unde
305 3033 341 3090 de
364 3053 422 3090 uua
444 3034 557 3090 eithara
579 3034 685 3110 plurali
709 3053 830 3090 numero
853 3031 981 3090 utimur?
1020 3033 1176 3106 Nimirum,

100 3121 124 3178 si
149 3135 248 3195 pauca
270 3119 412 3193 quaedam
436 3119 580 3175 vocabula
608 3119 775 3194 exceperis,
821 3129 853 3175 ut
881 3120 1031 3175 tabularum
1061 3138 1177 3192 nomen,

100 3223 237 3275 cerarum,
261 3213 339 3276 cett,
362 3205 583 3281 perversissime
605 3204 757 3275 statuitur,
789 3213 860 3261 uota
887 3204 939 3260 illa
966 3205 1085 3261 nomina
1111 3205 1178 3262 idco

101 3291 260 3368 pluraliter
282 3299 394 3348 tanturn
418 3290 484 3360 dici,
508 3291 587 3365 quod
609 3291 693 3347 init-io
715 3308 773 3346 non
796 3299 887 3346 totam
911 3308 974 3346 eam
997 3309 1073 3360 rem,
1103 3309 1178 3364 quae

101 3375 215 3454 plurali
237 3393 314 3432 nunc
336 3376 524 3452 significetur,
549 3375 599 3433 sed
623 3375 767 3450 singulas,
791 3393 828 3431 ex
852 3375 958 3450 quibus
979 3375 1032 3432 ille
1055 3384 1177 3448 constet,

102 3461 313 3538 significarint3
336 3462 524 3536 quodquam
547 3461 678 3536 ineptum
702 3461 748 3530 sit,
772 3461 802 3517 in
826 3462 1001 3526 tenebrarum,
1025 3464 1178 3518 divitiarum

102 3547 270 3621 ceterisque
292 3546 541 3623 appellationibus
563 3545 650 3603 facile
661 3555 792 3624 apparet.
816 3542 885 3626 [Gr.
898 3547 962 3603 Lat.
975 3551 989 3617 ᾗ
1003 3545 1068 3624 bi]
1096 3547 1179 3604 Haec

102 3633 226 3689 nomina
253 3651 306 3689 sne
333 3633 363 3688 vi
391 3639 420 3688 et
447 3633 542 3708 primo
571 3642 637 3690 ortu
659 3640 752 3689 totum
775 3632 990 3708 significarunt,
1024 3643 1054 3689 et
1081 3643 1177 3690 tamen

103 3717 261 3793 pluraliter
283 3717 399 3793 prolata
421 3728 502 3788 sunt,
537 3718 616 3792 quod
643 3737 690 3774 res
719 3718 911 3793 compositam
935 3727 964 3774 et
986 3718 1178 3794 multiplicem

104 3803 233 3879 speciem
256 3803 354 3860 animo
377 3803 537 3873 obiciebat3
571 3803 670 3877 itaque
693 3803 769 3860 ratio
791 3804 917 3860 habetur
943 3804 1085 3878 partium,
1120 3822 1178 3860 non

103 3889 187 3964 ipsae
209 3897 309 3964 portes
332 3889 488 3964 seperatim
513 3889 555 3945 sic
577 3887 778 3964 appellantur;
800 3891 889 3945 sculuc
911 3889 1179 3964 dicunturpropter

105 3973 323 4050 multitudinem
345 3975 499 4050 graduum,
523 3993 576 4030 nec
598 3983 696 4031 tamen
720 3974 828 4050 singuli
839 3974 947 4050 gradus
969 3975 1066 4031 scalae
1083 3975 1179 4031 dictae

105 4069 182 4130 sunt,
201 4060 257 4116 uisi
281 4061 359 4134 quod
372 4059 526 4128 Martialis,
550 4060 636 4117 modo
648 4060 744 4116 locum
762 4069 840 4116 reete
852 4059 1065 4135 intellegamus,
1089 4060 1179 4116 semel

105 4145 148 4202 sie
169 4163 261 4220 prave
283 4145 398 4202 loeutus
421 4154 473 4203 est.
506 4145 570 4203 Nec
593 4145 630 4202 sd
644 4146 782 4202 Latinum
804 4153 918 4202 tantum
930 4163 1093 4202 sermonem
1106 4145 1180 4204 haec

105 4231 263 4305 pertinent.
309 4229 367 4290 Sed
391 4229 520 4288 offendet
541 4229 681 4302 fortasse,
716 4231 808 4305 quod,
843 4249 909 4287 eum
931 4230 1003 4287 fides
1025 4231 1180 4306 pluraliter

107 4315 250 4388 dicautur,
275 4319 348 4373 uallr
371 4326 468 4374 tamen
492 4335 592 4374 earum
605 4317 724 4386 diuitum
748 4334 814 4372 nam
828 4319 916 4372 naillac
933 4317 1073 4373 dicendae
1087 4315 1178 4374 fuisse

107 4401 258 4472 videntum
281 4402 380 4476 itaque
403 4402 482 4460 dicat
503 4403 625 4476 aliquis,
649 4402 716 4459 hinc
733 4402 864 4478 intellegi
877 4421 998 4459 nervum
1011 4402 1179 4480 significari.

942 4517 975 4572 38
