2944 5040
332 381 395 446 790
759 397 932 446 excussus
955 399 974 444 1.

331 571 366 628 de
389 571 568 641 Denseletis,
591 571 627 627 de
649 569 718 628 inno
741 571 822 628 Iovis
844 571 910 630 Urii
933 589 1063 628 seorsum
1087 570 1230 647 adiungit.
1275 569 1394 648 [Obscu-

329 657 391 714 rins
403 657 563 713 involvitur
574 657 698 714 alterum
712 658 872 713 membrum
897 657 990 714 Aoad.
1008 657 1049 721 11,
1070 657 1123 727 99,
1149 656 1198 713 ubi
1221 655 1283 712 bis:
1307 657 1393 728 Itnqn

330 753 355 798 et
377 743 497 798 ominbus
520 743 665 816 probando
692 745 774 799 multa
803 751 864 798 sunt
892 743 970 815 quod
997 741 1164 816 respondet,
1193 743 1271 799 inest
1289 741 1317 797 iu
1339 741 1393 796 his:

331 828 687 902 supermundanorum
715 837 784 898 oet,
813 826 982 884 adiunctum
1005 827 1051 898 iis,
1075 845 1149 902 quse
1172 827 1393 883 intervenemnt

330 911 392 972 Ctr.
399 913 487 969 Tusc.
495 913 552 982 111,
566 913 605 978 63
618 913 728 989 (Itaque
749 923 774 969 ct
795 913 939 970 Aeschines
956 947 1001 968 -·.
1015 913 1063 969 En
1085 913 1133 968 boc
1144 917 1237 981 euenit,
1252 923 1280 968 nt
1292 911 1357 978 cet)
1369 925 1392 964 et

329 998 389 1055 ibd.
401 998 458 1068 111,
473 999 512 1054 28
524 993 589 1078 (ubi
612 997 722 1055 Bakius
734 1009 759 1055 et
770 999 844 1054 mele
856 999 988 1066 tollebat,
1000 997 1138 1055 Baiterus
1149 1017 1207 1055 non
1221 998 1294 1054 bene
1303 995 1392 1052 deien-

330 1083 386 1154 dit;
409 1084 533 1140 alterum
550 1083 623 1140 lutet¹
634 1084 664 1140 in
676 1083 749 1140 illis:
770 1085 864 1158 Itaque
873 1086 950 1159 aprici
961 1085 1136 1162 Ennpidsm)
1154 1093 1184 1140 et
1196 1084 1286 1158 Legg.
1298 1082 1322 1140 1.
1334 1077 1392 1156 tn]

330 1170 376 1228 Ne
388 1169 483 1226 solum
495 1169 667 1228 Ciceronem
678 1179 782 1226 testem
796 1169 929 1238 habeam,
952 1169 1067 1238 eddom,
1079 1169 1157 1244 apud
1175 1169 1390 1242 Quintilianum.

329 1255 378 1330 qui
402 1254 564 1312 orationem
587 1254 810 1330 diligentissime
828 1253 1010 1312 conformare
1024 1255 1107 1324 solet,
1131 1255 1207 1310 hene
1219 1264 1314 1310 temen
1327 1253 1391 1327 figu-

329 1359 392 1397 ram
413 1341 444 1397 in
467 1340 517 1396 lib.
546 1341 620 1410 XII,
648 1342 695 1410 10,
718 1341 754 1396 12
778 1347 808 1396 et
834 1341 870 1396 13
893 1339 952 1397 iem
974 1358 993 1396 e
1014 1340 1195 1398 Buttmeuno
1217 1339 1390 1396 animadver-

329 1445 391 1482 sum
414 1443 486 1482 esse.
532 1425 664 1483 Eundem
692 1425 780 1482 etiem
808 1425 974 1502 negativum
1002 1424 1217 1500 copulationem
1242 1425 1335 1500 (neque
1355 1455 1390 1462 —

329 1509 427 1591 neque)
451 1510 621 1569 dissolvisse
643 1511 822 1580 videbimus;
844 1511 976 1585 reliquis,
999 1530 1074 1584 quoe
1096 1510 1163 1586 plus
1187 1511 1294 1566 hebent
1312 1509 1389 1566 lieen-

329 1597 397 1667 tiee,
426 1595 576 1653 abstinuit.
621 1597 758 1654 Poteram
787 1596 846 1653 alie
873 1596 1041 1653 testimonie
1068 1595 1124 1672 ipsi
1154 1595 1274 1652 Handio
1302 1607 1389 1650 extor-

329 1701 427 1756 quere.
451 1679 568 1759 [Livius
580 1700 696 1756 quoque
708 1682 750 1738 sin
761 1681 880 1757 scripsit
890 1683 1028 1750 XXXII,
1042 1683 1070 1750 5,
1084 1683 1113 1750 4,
1125 1681 1282 1750 XXXIII,
1295 1681 1339 1747 39,
1351 1672 1389 1755 t]

415 1768 441 1825 Β
464 1768 669 1843 (praecedente
687 1767 775 1844 nans).
800 1768 845 1824 De
867 1766 999 1824 Divinnt.
1011 1769 1036 1838 Ι,
1053 1770 1109 1824 lll
1124 1766 1263 1823 universe
1274 1764 1388 1839 Quintus

329 1852 434 1912 Cicero
456 1871 506 1910 eos
529 1863 747 1924 commemoret,
771 1853 821 1927 qui
844 1853 966 1910 seientia
989 1863 1017 1909 et
1039 1852 1174 1910 doctrine
1195 1850 1295 1908 future
1316 1867 1389 1926 pree·

329 1938 462 1996 videant:
485 1939 590 1995 Horum
612 1949 673 1996 sunt
694 1942 810 2012 onant'a
832 1959 882 1996 non
905 1941 988 1995 ἀὶυίηὶ
1008 1942 1128 2014 impetres.
1152 1938 1201 1994 scd
1220 1939 1327 1994 muneris
1346 1936 1387 1990 lm·

330 2045 433 2082 monne.
477 2024 571 2080 Addit
593 2024 742 2099 exempla:
771 2045 833 2080 ncne
855 2034 885 2080 et
906 2035 1032 2090 notura
1048 2026 1149 2097 ficturo
1156 2025 1343 2098 praesentiunt.
1364 2030 1388 2074 nt

328 2129 463 2184 uquarum
485 2111 613 2166 eluviones
636 2121 660 2166 et
681 2112 896 2184 deflnprntionem
917 2113 1043 2184 suturam
1065 2111 1213 2182 aliqrtando
1234 2110 1388 2178 coenatque

329 2206 471 2252 temanum.
504 2195 603 2253 Unum
627 2194 681 2252 hoc
703 2205 748 2252 est
770 2194 956 2270 physicorum
979 2213 1085 2270 genus,
1109 2213 1156 2251 res
1175 2194 1262 2269 pluro
1272 2191 1388 2268 postulet

329 2280 533 2355 promittitque
556 2280 701 2356 particule
722 2291 755 2350 ct,
780 2280 827 2338 oui
844 2280 917 2336 haec
933 2281 1125 2354 respondent:
1148 2281 1222 2335 Alii
1242 2289 1346 2334 auten
1365 2279 1386 2330 in

329 2385 358 2421 rc
375 2366 486 2440 publica
507 2368 658 2436 ccncitnti,
682 2376 711 2422 nt
733 2368 766 2424 de
787 2367 944 2422 Atheniensi
964 2365 1061 2422 Solone
1083 2369 1249 2439 accepimns,
1278 2366 1386 2420 orientem

330 2452 495 2526 tyrannidem
518 2453 598 2507 mulo
619 2461 681 2508 unte
698 2455 874 2526 promisisset.
920 2451 965 2508 De
988 2469 1023 2508 eo
1046 2450 1125 2514 loco,
1159 2450 1210 2525 qui
1232 2448 1336 2525 legitur
1356 2445 1386 2502 de

329 2533 415 2594 Offro.
438 2536 479 2606 Π,
500 2537 549 2604 33,
573 2537 645 2593 mire
669 2537 802 2594 Hendins
825 2536 956 2612 disputet
977 2555 1005 2612 p.
1030 2537 1101 2606 509,
1123 2535 1154 2592 in
1177 2535 1261 2592 cuius
1282 2549 1386 2590 enerra-

329 2621 409 2678 tione
431 2621 504 2678 nihil
526 2622 587 2697 egit
609 2632 634 2678 et
656 2622 784 2696 dicitque
807 2621 911 2680 Cicero
934 2639 1074 2692 seorsum,
1098 2621 1176 2696 quod
1194 2620 1311 2677 minime
1326 2617 1386 2674 vult.

328 2707 502 2782 prudentiae
524 2725 577 2782 per
599 2725 630 2764 se
652 2707 708 2764 soli
729 2708 815 2765 fidem
839 2707 948 2763 heberi.
992 2707 1028 2764 Iu
1051 2715 1152 2763 nostre
1173 2706 1296 2776 ratione,
1318 2715 1386 2779 post·

329 2811 416 2866 quem
440 2792 549 2850 dictum
573 2801 626 2864 est,
649 2793 762 2850 duobus
784 2793 872 2850 rebus
894 2791 986 2860 efflei,
1010 2800 1043 2848 ut
1064 2792 1136 2848 fides
1158 2791 1313 2858 habentur.
1344 2806 1387 2844 ex·

329 2877 478 2953 positurus
501 2877 619 2950 Cicero,
648 2879 717 2952 quid
741 2890 864 2952 utruque
887 2877 1028 2946 conferet,
1062 2877 1104 2934 sic
1131 2877 1249 2952 incipit:
1277 2875 1344 2933 stum
1364 2881 1388 2926 et

328 2966 339 3019 i
343 2965 373 3020 is
387 2965 472 3036 fidem
485 2964 610 3020 labemus
621 2974 685 3033 cet,
709 2963 813 3020 deiude
836 2963 894 3020 elie
906 2961 1002 3020 formu
1013 2961 1155 3019 orationis
1177 2962 1276 3037 (Iustis
1292 2971 1387 3016 annm

329 3058 353 3105 et
368 3049 437 3122 fidis
465 3049 611 3106 bominibus
633 3048 705 3126 oet.)
728 3049 763 3105 de
786 3049 822 3105 iis
844 3049 946 3118 utitur,
970 3048 1020 3122 qui
1042 3050 1170 3115 alteram,
1188 3047 1322 3104 virtutem
1343 3044 1387 3099 he·

329 3135 426 3191 beent.
471 3134 573 3210 Topic.
588 3135 641 3191 93:
665 3136 754 3209 Atque
776 3137 802 3190 in
825 3135 1055 3190 deliberationibus
1077 3130 1387 3190 etiametlnudntionibus

327 3221 407 3277 iidem
429 3223 544 3276 em'stunt
565 3229 662 3276 status.
706 3219 860 3293 Quomodo
883 3220 938 3276 hoc
959 3219 1024 3285 fiet,
1059 3219 1096 3275 de
1125 3217 1249 3294 singulis
1276 3215 1387 3274 sntibm

328 3305 505 3364 ostenditur:
533 3305 606 3361 Nom
628 3315 658 3362 et
679 3317 809 3379 necantur
830 3324 915 3380 saepe·
930 3323 961 3360 eo
977 3308 1092 3378 future,
1114 3323 1185 3378 qnos
1206 3305 1241 3360 ab
1262 3301 1386 3376 ntiquom

329 3394 456 3448 serrtmtin
479 3393 551 3459 dictu
574 3401 635 3448 sunt
651 3395 730 3466 sore,
753 3395 778 3448 oi
798 3401 846 3447 ant
867 3393 970 3446 omnino
985 3391 1050 3464 fieri
1070 3409 1121 3446 non
1138 3400 1255 3463 possunt
1276 3397 1321 3444 out
1340 3387 1387 3442 nn

328 3496 432 3534 srcmrnc
451 3477 609 3549 costenten
631 3497 680 3534 non
699 3486 814 3552 ponerent
821 3499 830 3542 ,·
858 3479 884 3532 s'n
906 3495 961 3550 qno
983 3479 1208 3549 arqrsmentotr'one
1230 3483 1314 3531 sentes
1334 3489 1385 3528 corr·

327 3563 464 3618 iectnrclr's
491 3565 586 3618 enistit
637 3563 721 3621 Unus
755 3561 802 3618 hic
835 3570 879 3618 est
906 3570 999 3618 status
1027 3579 1081 3617 nec
1109 3558 1220 3616 suffieit
1247 3559 1287 3626 ei,
1319 3551 1386 3630 qnod

329 3647 458 3704 dixerut:
489 3649 568 3703 iidem
598 3657 700 3715 etatum
734 3647 786 3704 sed
818 3657 931 3704 ceteros
959 3657 983 3702 et
1009 3646 1082 3702 illud
1109 3645 1270 3720 promittit3
1300 3643 1386 3714 iteque

328 3732 474 3807 sequitur:
502 3731 540 3789 At
560 3751 620 3789 cnm
641 3735 748 3808 alequid
768 3734 801 3790 dc
823 3735 942 3799 umente
972 3733 1114 3802 borsestatc,
1136 3734 1271 3804 acquitate
1291 3731 1386 3787 dissen-

329 3829 382 3889 tnr,
405 3851 446 3858 —
468 3821 606 3874 iniecerunt
628 3829 715 3876 status
736 3829 784 3874 out
802 3821 869 3874 inn'e
895 3827 943 3873 nect
969 3821 1089 3874 nominis.
1123 3813 1207 3895 [Non
1218 3825 1295 3873 recte
1306 3827 1386 3886 nuper

329 3903 438 3960 editum
472 3913 533 3960 est:
566 3914 615 3960 ant
641 3899 724 3982 enne]
773 3903 835 3960 Iam
864 3901 951 3958 facile
980 3901 1203 3977 persvedebitur
1231 3900 1385 3972 intellegen-

328 3989 416 4058 tibus,
440 3989 476 4045 do
493 3989 583 4065 Legg.
600 3989 641 4060 11,
656 3989 705 4059 63,
728 4006 794 4046 cum
813 3987 917 4046 Cicero
930 3987 1066 4044 universe
1085 3990 1294 4062 sapientissimos
1314 3987 1383 4055 leqnn

328 4077 471 4150 scriptores
498 4075 677 4150 appellasset
704 4083 733 4130 et
761 4073 904 4148 exemplis
927 4081 1073 4143 uteretur,
1108 4072 1150 4129 sic
1172 4073 1298 4146 positum
1320 4083 1384 4124 esse:

328 4159 402 4216 Nam
423 4170 453 4216 et
474 4159 596 4230 Athenis,
618 4171 651 4216 ut
662 4159 704 4230 ei,
727 4159 827 4216 multis
839 4158 1021 4232 interpositis
1037 4158 1073 4214 de
1092 4157 1315 4215 Atheniensium
1327 4149 1374 4226 legi

330 4245 394 4315 bus,
417 4245 593 4321 respondent
604 4245 659 4302 hoc
672 4251 686 4316 ᾗ
701 4247 755 4303 67:
777 4245 855 4300 Haec
871 4246 953 4316 abiner
965 4245 1137 4300 Athenienses
1149 4245 1203 4308 tni,·
1227 4244 1275 4300 sed
1289 4241 1383 4298 cidro-

328 4349 400 4386 mns
428 4333 605 4387 Plutonem
628 4341 682 4388 cet.
716 4329 891 4388 Nondicem
915 4327 1241 4403 pluribusdeIIOret.
1264 4328 1316 4391 4&
1336 4335 1384 4380 nes
1458 4381 1459 4412 ,
