2944 5040
370 483 475 529 runnx
497 481 613 530 acaum
634 483 678 528 nn
702 481 890 530 vannorum.
1114 463 1178 529 855

108 657 278 714 Condat-mire
302 656 372 714 619.
668 655 826 713 Constitutio
848 653 1006 734 (institutio)
1025 658 1178 730 primano-

109 743 246 817 Consectoa
270 743 340 800 288.
708 751 785 798 torae
808 741 879 814 504,
904 742 965 798 816
989 749 1050 798 not.

108 828 316 902 Conflnuotioet
331 829 507 902 conformatio
530 828 601 884 708.
669 827 827 884 Concurrere
849 835 952 902 mepta
974 846 1079 904 repro
1101 830 1129 884 io
1150 847 1180 884 rc

104 913 331 973 Coniunctiones
365 912 520 990 (adverbia
547 931 613 970 sen·
708 929 768 969 non
786 911 1011 972 Ciceronianam
1036 913 1107 971 699.

143 999 251 1058 tentiae
274 997 435 1078 nectentis)
458 998 566 1056 nonad
579 1017 614 1055 ea
669 997 809 1056 Convictus
833 997 903 1056 508.

143 1094 319 1162 spectantes,
333 1104 408 1159 quae
421 1085 556 1162 proxime
569 1103 614 1140 se·
670 1084 754 1158 Copia
775 1085 889 1141 alicuius
912 1093 942 1142 et
953 1093 1076 1160 potestne
1097 1084 1169 1141 738.

143 1179 282 1246 quuntur,
297 1171 346 1242 35,
361 1171 501 1240 41,745,
525 1187 615 1245 copu-
670 1169 790 1244 Coquerc
811 1188 870 1226 uon
893 1189 947 1245 pro
970 1189 1014 1240 eo,
1038 1169 1118 1244 quod
1136 1177 1182 1227 est

143 1257 252 1314 lativaa
264 1265 397 1316 extremo
408 1257 474 1314 loco
492 1255 553 1312 562
571 1274 615 1330 sq.
708 1273 878 1330 cmrcoquero,
903 1255 973 1312 252.

105 1343 317 1402 Coniunctivns
347 1341 450 1399 modus
483 1360 541 1398 non
571 1341 616 1398 in·
671 1343 724 1398 t'or
750 1343 819 1398 184.

143 1437 241 1486 certae
253 1427 297 1485 rei
304 1428 456 1498 index263
469 1427 614 1502 pravusdn
671 1428 821 1502 Corporcna
845 1427 916 1484 419.

143 1513 352 1590 interrogando
366 1515 437 1584 245,
452 1515 523 1584 270,
537 1513 614 1582 589,
668 1511 802 1584 Crassus,
826 1513 877 1582 M,
904 1513 975 1570 773.

144 1601 173 1658 iu
186 1599 416 1676 interrogatione
434 1599 615 1674 indignantis
667 1597 816 1656 Critolaus
841 1599 1058 1674 Peripateticus
1083 1599 1153 1655 626.

145 1687 222 1755 270,
245 1685 373 1743 iussivus
395 1684 562 1760 imperfecti
585 1693 615 1742 et
670 1685 837 1742 Cnicuirnodi
860 1684 930 1740 394.

143 1771 426 1848 plusquamperfecti
445 1772 521 1839 208,
545 1789 613 1826 cau·
669 1771 879 1845 Graiusquomodr‘
903 1771 974 1827 834.

143 1857 215 1915 salis
238 1856 340 1914 durior
362 1858 439 1927 399,
464 1856 534 1931 quid
557 1855 613 1912 dil·
669 1857 736 1912 Cum
747 1855 928 1931 praepositio
940 1855 1042 1912 addita
1054 1855 1085 1912 in
1094 1855 1181 1912 modo

143 1941 221 2000 serat
242 1961 260 1998 a
283 1943 497 2018 significatione
525 1941 616 2016 parti·
709 1929 902 2016 significando
927 1943 975 1998 24.

143 2029 227 2086 culae
249 2047 317 2099 cum,
343 2029 419 2096 702,
454 2027 616 2084 coniuncti·
672 2027 738 2084 (itm
761 2026 871 2101 duplex
899 2027 936 2083 ad
965 2027 1086 2084 eandem
1116 2045 1182 2082 sen-

146 2133 198 2172 vus
226 2123 255 2170 et
277 2113 454 2170 indicativus
478 2113 506 2170 in
536 2121 616 2169 certo
711 2112 833 2169 tentiam
856 2112 1027 2187 primariam
1055 2111 1181 2169 relatum

143 2218 251 2276 genere
291 2200 434 2256 orationis
468 2197 616 2256 condicio·
715 2199 769 2267 10,
800 2217 858 2255 cum
882 2199 999 2256 causale
1022 2217 1092 2255 num
1115 2216 1181 2254 cum

144 2285 220 2342 nalis
243 2285 304 2342 467
325 2304 383 2359 sq.;
412 2283 624 2342 coniunctivus'
710 2283 887 2352 indicativo,
917 2285 972 2354 26,
1009 2283 1080 2356 653,
1105 2284 1182 2353 705,

144 2371 304 2428 translatus
326 2372 364 2427 ab
387 2391 422 2427 eo
446 2371 551 2439 verbu,
587 2371 616 2426 in
711 2389 766 2445 pro
778 2371 920 2444 qnod27;
942 2379 1118 2426 oum-tum
1131 2371 1181 2440 44,

144 2475 203 2531 quo
231 2465 311 2514 recte
340 2457 549 2525 adhiberetur,
580 2456 617 2511 ad
713 2456 769 2524 73,
792 2453 1182 2534 cum.hocest,ita(tamen)

145 2543 226 2599 aliud
253 2541 328 2612 615,
352 2541 521 2618 potentialis
538 2541 617 2616 apud
711 2551 741 2596 ut
754 2541 829 2610 667,
852 2561 912 2598 cum
933 2545 1094 2617 praesertim
1109 2542 1183 2612 188,

145 2629 297 2704 quod45‘l3
310 2627 615 2703 positusproptervim
711 2647 771 2683 curn
794 2629 956 2702 temporale
974 2647 1039 2685 cum
1051 2625 1183 2703 perfecto

146 2714 284 2788 obliquae
322 2713 466 2776 orationis
500 2713 616 2789 longius
710 2712 878 2783 indicativi,
907 2733 965 2771 non
993 2713 1183 2784 coniunctivi,

145 2799 381 2876 progredientem
407 2801 478 2870 287,
493 2799 569 2866 368;
588 2807 617 2854 et
713 2797 785 2868 455,
810 2799 880 2856 679.

146 2885 324 2942 indicativus
347 2886 376 2942 in
400 2885 460 2942 his:
489 2886 557 2958 quid
579 2886 617 2940 lo·
668 2883 760 2942 Curia
776 2883 941 2942 Hostiliae
965 2884 1049 2944 Sulla
1070 2892 1184 2942 mutata

146 2979 234 3046 quor?
277 2973 346 3046 quid
378 2974 494 3045 loquor?
539 2972 616 3038 714,
713 2970 784 3026 606.
1013 2965 1015 2969 ’

147 3056 351 3116 coniunctivae
390 3056 421 3112 in
464 3055 618 3112 sententiis
673 3057 801 3112 Curioaus
828 3058 875 3126 11,
903 3055 972 3112 195.

145 3143 279 3199 relativis
291 3142 373 3199 varie
391 3150 547 3200 annotatus
567 3143 616 3213 51,
673 3143 776 3198 Cursus
800 3140 849 3198 79.

148 3229 197 3298 92,
209 3229 344 3298 130,161
361 3227 425 3305 (ubi
442 3229 473 3284 iu
485 3227 617 3284 subiecto

145 3314 276 3371 notando
325 3314 439 3370 accedit
492 3312 619 3370 causalis

146 3399 351 3478 significatio),
366 3401 436 3463 260,
456 3400 526 3469 321,
547 3399 617 3470 345,
670 3399 798 3457 Datirus
810 3398 1015 3474 apudpassiva
1025 3397 1120 3473 pronb
1134 3396 1184 3453 28.

148 3485 220 3556 385,
245 3487 317 3556 470,
343 3487 413 3551 516,
439 3485 515 3556 694,
541 3487 618 3554 740,
670 3487 715 3543 Ile
736 3485 870 3542 absolute
895 3486 971 3554 440,
1005 3485 1039 3540 dc
1060 3485 1115 3540 vito
1137 3502 1183 3538 ec-

146 3591 237 3646 prave
261 3571 374 3646 positus
398 3572 447 3640 27,
472 3571 522 3639 51,
547 3571 617 3628 246.
711 3573 804 3628 cedere
826 3579 855 3628 et
877 3570 986 3628 similia
1009 3569 1080 3626 447.

149 3657 219 3714 672.
670 3659 763 3727 Decet,
786 3656 837 3713 ubi
860 3655 1073 3731 expectabatur
1094 3655 1184 3724 dobeo,

105 3743 242 3818 consequi
263 3752 293 3799 et
315 3745 392 3816 sequi
412 3742 448 3798 de
471 3742 517 3811 iis,
542 3760 617 3815 quae
713 3743 785 3800 521.

147 3827 393 3899 alicuiaooidunt,
408 3829 463 3898 70,
480 3831 617 3902 consequi·
669 3827 781 3886 Decius
803 3828 872 3884 Mus
894 3845 986 3902 nepos
1011 3825 1081 3883 249.

148 3924 200 3986 tur,
224 3914 254 3970 id
277 3923 331 3985 est,
348 3916 383 3986 fit
407 3915 477 3970 522.
671 3915 830 3971 Declinctus
868 3912 1086 3970 substantivum
1125 3929 1185 3966 non

105 4001 277 4075 (coaequata
300 4019 358 4056 uon
381 3999 491 4056 dicitur
507 4020 561 4075 pro
573 4019 617 4060 eo.
713 3998 940 4058 ciceronianum
966 3998 1037 4055 632.

148 4085 226 4160 quod
249 4085 306 4143 sibi
328 4093 458 4155 constat,
483 4087 554 4143 204.
671 4087 764 4142 Decus
787 4082 952 4162 (honestum)
977 4085 1048 4140 206.

105 4171 259 4229 Consistcro
282 4173 353 4230 589.
670 4172 816 4228 Deduccro
834 4171 905 4227 692.

105 4257 273 4333 Conspectus
295 4267 324 4314 et
345 4268 469 4333 aspectus
494 4257 564 4313 693.
670 4258 788 4332 Deserto
815 4275 869 4313 rem
898 4265 928 4312 et
956 4257 1063 4330 deferre
1091 4254 1183 4311 absol.

105 4343 238 4400 Constare
250 4363 264 4400 c
276 4343 547 4415 rcCiceroniauum,
559 4362 617 4400 non
714 4343 785 4399 235.

150 4449 187 4499 re,
212 4431 283 4487 510.
671 4429 844 4504 Dryoucrore
868 4427 939 4484 624.
