<?xml version="1.0" encoding="UTF-8"?>
<!DOCTYPE html PUBLIC "-//W3C//DTD XHTML 1.0 Transitional//EN"
    "http://www.w3.org/TR/xhtml1/DTD/xhtml1-transitional.dtd">
<html xmlns="http://www.w3.org/1999/xhtml" xml:lang="en" lang="en">
 <head>
  <title>
</title>
<meta http-equiv="Content-Type" content="text/html;charset=utf-8" />
  <meta name='ocr-system' content='tesseract 3.04.00' />
  <meta name='ocr-capabilities' content='ocr_page ocr_carea ocr_par ocr_line ocrx_word'/>
</head>
<body>
  <div class='ocr_page' id='page_1' title='image "./definibusbonoru04cicegoog_0282.png"; bbox 0 0 2938 5020; ppageno 0'>
   <div class='ocr_carea' id='block_1_1' title="bbox 307 411 991 478">
    <p class='ocr_par' dir='ltr' id='par_1_1' title="bbox 307 411 991 478">
     <span class='ocr_line' id='line_1_1' title="bbox 307 411 991 478; baseline -0.006 0"><span class='ocrx_word' id='word_1_1' title='bbox 307 411 371 478; x_wconf 79' lang='lat'>204</span> <span class='ocrx_word' id='word_1_2' title='bbox 698 429 743 474; x_wconf 83' lang='lat' dir='ltr'>nn</span> <span class='ocrx_word' id='word_1_3' title='bbox 767 427 897 476; x_wconf 78' lang='lat' dir='ltr'>marsus</span> <span class='ocrx_word' id='word_1_4' title='bbox 919 428 991 475; x_wconf 80' lang='lat' dir='ltr'>son.</span> 
     </span>
    </p>
   </div>
   <div class='ocr_carea' id='block_1_2' title="bbox 307 595 1391 782">
    <p class='ocr_par' dir='ltr' id='par_1_2' title="bbox 307 595 1391 782">
     <span class='ocr_line' id='line_1_2' title="bbox 307 595 1391 680; baseline -0.006 -17"><span class='ocrx_word' id='word_1_5' title='bbox 307 598 368 664; x_wconf 84' lang='lat' dir='ltr'>frui</span> <span class='ocrx_word' id='word_1_6' title='bbox 380 598 488 680; x_wconf 88' lang='lat' dir='ltr'>primis</span> <span class='ocrx_word' id='word_1_7' title='bbox 501 617 521 662; x_wconf 90' lang='lat' dir='ltr'>a</span> <span class='ocrx_word' id='word_1_8' title='bbox 532 605 644 662; x_wconf 88' lang='lat' dir='ltr'>natura</span> <span class='ocrx_word' id='word_1_9' title='bbox 655 597 745 663; x_wconf 87' lang='lat' dir='ltr'>datis.</span> <span class='ocrx_word' id='word_1_10' title='bbox 775 596 915 678; x_wconf 82' lang='lat' dir='ltr'>Callipho</span> <span class='ocrx_word' id='word_1_11' title='bbox 932 599 972 662; x_wconf 90' lang='lat' dir='ltr'>ad</span> <span class='ocrx_word' id='word_1_12' title='bbox 989 598 1133 663; x_wconf 81' lang='lat' dir='ltr'>virtutem</span> <span class='ocrx_word' id='word_1_13' title='bbox 1150 597 1225 660; x_wconf 85' lang='lat' dir='ltr'>nihil</span> <span class='ocrx_word' id='word_1_14' title='bbox 1241 595 1391 660; x_wconf 85' lang='lat' dir='ltr'>adiunxit</span> 
     </span>
     <span class='ocr_line' id='line_1_3' title="bbox 308 697 1389 782; baseline -0.006 -16"><span class='ocrx_word' id='word_1_15' title='bbox 308 701 367 766; x_wconf 90' lang='lat' dir='ltr'>nisi</span> <span class='ocrx_word' id='word_1_16' title='bbox 390 700 594 782; x_wconf 66' lang='lat' dir='ltr'>voluptatem</span> <span class='ocrx_word' id='word_1_17' title='bbox 617 701 773 766; x_wconf 86' lang='lat' dir='ltr'>Diodorus</span> <span class='ocrx_word' id='word_1_18' title='bbox 795 700 980 764; x_wconf 69' lang='lat' dir='ltr'>vacuitatem</span> <span class='ocrx_word' id='word_1_19' title='bbox 1002 700 1126 765; x_wconf 80' lang='lat' dir='ltr'>doloris</span> <span class='ocrx_word' id='word_1_20' title='bbox 1165 699 1260 762; x_wconf 62' lang='lat' dir='ltr'>”His</span> <span class='ocrx_word' id='word_1_21' title='bbox 1281 697 1389 762; x_wconf 91' lang='lat' dir='ltr'>omni-</span> 
     </span>
    </p>
   </div>
   <div class='ocr_carea' id='block_1_3' title="bbox 308 903 1390 1024">
    <p class='ocr_par' dir='ltr' id='par_1_3' title="bbox 308 903 1390 1024">
     <span class='ocr_line' id='line_1_4' title="bbox 380 903 1390 970; baseline -0.003 -18"><span class='ocrx_word' id='word_1_22' title='bbox 380 910 400 952; x_wconf 92' lang='grc'>1.</span> <span class='ocrx_word' id='word_1_23' title='bbox 421 904 546 970; x_wconf 82' lang='lat' dir='ltr'>Celliplon</span> <span class='ocrx_word' id='word_1_24' title='bbox 565 904 645 968; x_wconf 72' lang='lat' dir='ltr'>tLlOr.</span> <span class='ocrx_word' id='word_1_25' title='bbox 687 910 710 956; x_wconf 74' lang='lat'>2.</span> <span class='ocrx_word' id='word_1_26' title='bbox 729 904 852 954; x_wconf 82' lang='lat' dir='ltr'>Diodorus</span> <span class='ocrx_word' id='word_1_27' title='bbox 871 907 956 955; x_wconf 79' lang='lat' dir='ltr'>emh</span> <span class='ocrx_word' id='word_1_28' title='bbox 1001 905 1029 955; x_wconf 72' lang='lat' dir='ltr'>tie</span> <span class='ocrx_word' id='word_1_29' title='bbox 1049 904 1120 954; x_wconf 73' lang='grc' dir='ltr'>[ΜΒ</span> <span class='ocrx_word' id='word_1_30' title='bbox 1157 903 1278 954; x_wconf 74' lang='lat' dir='ltr'>Lucanae</span> <span class='ocrx_word' id='word_1_31' title='bbox 1295 913 1390 951; x_wconf 80' lang='lat' dir='ltr'>notam</span> 
     </span>
     <span class='ocr_line' id='line_1_5' title="bbox 308 975 512 1024; baseline -0.015 0"><span class='ocrx_word' id='word_1_32' title='bbox 308 989 358 1024; x_wconf 92' lang='lat' dir='ltr'>non</span> <span class='ocrx_word' id='word_1_33' title='bbox 378 975 512 1024; x_wconf 81' lang='lat' dir='ltr'>habetor.</span> 
     </span>
    </p>
   </div>
   <div class='ocr_carea' id='block_1_4' title="bbox 307 1145 1457 4477">
    <p class='ocr_par' dir='ltr' id='par_1_4' title="bbox 307 1145 1391 1390">
     <span class='ocr_line' id='line_1_6' title="bbox 308 1145 1391 1224; baseline -0.006 -18"><span class='ocrx_word' id='word_1_34' title='bbox 308 1150 362 1218; x_wconf 86' lang='lat' dir='ltr'>IV,</span> <span class='ocrx_word' id='word_1_35' title='bbox 390 1151 442 1218; x_wconf 80' lang='lat'>143</span> <span class='ocrx_word' id='word_1_36' title='bbox 466 1147 658 1224; x_wconf 77' lang='lat' dir='ltr'>Speusippus,</span> <span class='ocrx_word' id='word_1_37' title='bbox 682 1149 876 1218; x_wconf 84' lang='lat' dir='ltr'>Xenocrates,</span> <span class='ocrx_word' id='word_1_38' title='bbox 900 1147 1077 1204; x_wconf 89' lang='lat' dir='ltr'>Aristoteles</span> <span class='ocrx_word' id='word_1_39' title='bbox 1094 1165 1254 1221; x_wconf 79' lang='lat' dir='ltr'><strong>numquam</strong></span> <span class='ocrx_word' id='word_1_40' title='bbox 1276 1145 1317 1203; x_wconf 88' lang='lat' dir='ltr'>sic</span> <span class='ocrx_word' id='word_1_41' title='bbox 1343 1145 1391 1201; x_wconf 93' lang='lat' dir='ltr'>lo-</span> 
     </span>
     <span class='ocr_line' id='line_1_7' title="bbox 309 1233 1391 1308; baseline -0.006 -16"><span class='ocrx_word' id='word_1_42' title='bbox 309 1234 370 1292; x_wconf 92' lang='lat' dir='ltr'>cuti</span> <span class='ocrx_word' id='word_1_43' title='bbox 393 1243 476 1302; x_wconf 86' lang='lat' dir='ltr'>sunt;</span> <span class='ocrx_word' id='word_1_44' title='bbox 499 1234 658 1308; x_wconf 79' lang='lat' dir='ltr'>explicatio</span> <span class='ocrx_word' id='word_1_45' title='bbox 681 1245 793 1294; x_wconf 83' lang='lat' dir='ltr'>autem.</span> <span class='ocrx_word' id='word_1_46' title='bbox 827 1233 857 1290; x_wconf 92' lang='lat' dir='ltr'>in</span> <span class='ocrx_word' id='word_1_47' title='bbox 881 1252 940 1308; x_wconf 90' lang='lat' dir='ltr'>qna</span> <span class='ocrx_word' id='word_1_48' title='bbox 961 1243 1029 1290; x_wconf 91' lang='lat' dir='ltr'>sunt</span> <span class='ocrx_word' id='word_1_49' title='bbox 1048 1237 1139 1308; x_wconf 77' lang='lat' dir='ltr'>prima</span> <span class='ocrx_word' id='word_1_50' title='bbox 1161 1243 1286 1302; x_wconf 72' lang='lat' dir='ltr'>immane,</span> <span class='ocrx_word' id='word_1_51' title='bbox 1320 1239 1391 1287; x_wconf 80' lang='lat' dir='ltr'>tota</span> 
     </span>
     <span class='ocr_line' id='line_1_8' title="bbox 307 1319 761 1390; baseline -0.007 -12"><span class='ocrx_word' id='word_1_52' title='bbox 307 1319 450 1378; x_wconf 82' lang='lat' dir='ltr'>Antiochi</span> <span class='ocrx_word' id='word_1_53' title='bbox 472 1329 532 1390; x_wconf 83' lang='lat' dir='ltr'>est3</span> <span class='ocrx_word' id='word_1_54' title='bbox 555 1319 614 1376; x_wconf 87' lang='lat' dir='ltr'>vid.</span> <span class='ocrx_word' id='word_1_55' title='bbox 636 1320 761 1376; x_wconf 88' lang='lat' dir='ltr'>Excurs.</span> 
     </span>
    </p>

    <p class='ocr_par' dir='ltr' id='par_1_5' title="bbox 309 1401 1389 1890">
     <span class='ocr_line' id='line_1_9' title="bbox 398 1401 1389 1479; baseline -0.006 -18"><span class='ocrx_word' id='word_1_56' title='bbox 398 1406 521 1479; x_wconf 78' lang='lat' dir='ltr'>Callipho</span> <span class='ocrx_word' id='word_1_57' title='bbox 543 1437 584 1446; x_wconf 89' lang='lat'><em>-</em></span> <span class='ocrx_word' id='word_1_58' title='bbox 608 1405 759 1479; x_wconf 82' lang='lat' dir='ltr'>Diodorus)</span> <span class='ocrx_word' id='word_1_59' title='bbox 791 1405 859 1463; x_wconf 85' lang='lat' dir='ltr'>Vid.</span> <span class='ocrx_word' id='word_1_60' title='bbox 882 1404 920 1461; x_wconf 87' lang='lat' dir='ltr'>ad</span> <span class='ocrx_word' id='word_1_61' title='bbox 943 1409 957 1474; x_wconf 71' lang='grc' dir='ltr'><strong>ξ</strong></span> <span class='ocrx_word' id='word_1_62' title='bbox 984 1404 1031 1460; x_wconf 88' lang='grc'>19.</span> <span class='ocrx_word' id='word_1_63' title='bbox 1074 1403 1120 1460; x_wconf 81' lang='lat' dir='ltr'>Hi</span> <span class='ocrx_word' id='word_1_64' title='bbox 1143 1403 1261 1478; x_wconf 91' lang='lat' dir='ltr'>quidem</span> <span class='ocrx_word' id='word_1_65' title='bbox 1291 1401 1389 1457; x_wconf 90' lang='lat' dir='ltr'>multo</span> 
     </span>
     <span class='ocr_line' id='line_1_10' title="bbox 309 1485 1389 1566; baseline -0.005 -19"><span class='ocrx_word' id='word_1_66' title='bbox 309 1491 397 1547; x_wconf 89' lang='lat' dir='ltr'>etiam</span> <span class='ocrx_word' id='word_1_67' title='bbox 421 1490 514 1566; x_wconf 85' lang='lat' dir='ltr'>magis</span> <span class='ocrx_word' id='word_1_68' title='bbox 536 1490 705 1566; x_wconf 85' lang='lat' dir='ltr'>discrepant</span> <span class='ocrx_word' id='word_1_69' title='bbox 726 1491 764 1546; x_wconf 86' lang='lat' dir='ltr'>ab</span> <span class='ocrx_word' id='word_1_70' title='bbox 786 1491 854 1562; x_wconf 91' lang='lat' dir='ltr'>illis,</span> <span class='ocrx_word' id='word_1_71' title='bbox 878 1508 953 1563; x_wconf 85' lang='lat' dir='ltr'>quae</span> <span class='ocrx_word' id='word_1_72' title='bbox 965 1498 1113 1565; x_wconf 89' lang='lat' dir='ltr'>posuerat,</span> <span class='ocrx_word' id='word_1_73' title='bbox 1136 1488 1249 1564; x_wconf 84' lang='lat' dir='ltr'>primis,</span> <span class='ocrx_word' id='word_1_74' title='bbox 1272 1485 1301 1542; x_wconf 92' lang='lat' dir='ltr'>in</span> <span class='ocrx_word' id='word_1_75' title='bbox 1319 1485 1389 1560; x_wconf 91' lang='lat' dir='ltr'>qni-</span> 
     </span>
     <span class='ocr_line' id='line_1_11' title="bbox 309 1572 1389 1651; baseline -0.004 -19"><span class='ocrx_word' id='word_1_76' title='bbox 309 1577 363 1632; x_wconf 88' lang='lat' dir='ltr'>bns</span> <span class='ocrx_word' id='word_1_77' title='bbox 388 1575 525 1651; x_wconf 85' lang='lat' dir='ltr'>voluptas</span> <span class='ocrx_word' id='word_1_78' title='bbox 547 1576 667 1633; x_wconf 90' lang='lat' dir='ltr'>omnino</span> <span class='ocrx_word' id='word_1_79' title='bbox 689 1595 747 1633; x_wconf 92' lang='lat' dir='ltr'>non</span> <span class='ocrx_word' id='word_1_80' title='bbox 770 1585 842 1632; x_wconf 88' lang='lat' dir='ltr'>erat.</span> <span class='ocrx_word' id='word_1_81' title='bbox 885 1577 917 1632; x_wconf 86' lang='lat' dir='ltr'>A</span> <span class='ocrx_word' id='word_1_82' title='bbox 938 1573 1073 1632; x_wconf 88' lang='lat' dir='ltr'>Manutio</span> <span class='ocrx_word' id='word_1_83' title='bbox 1096 1574 1133 1630; x_wconf 86' lang='lat' dir='ltr'>ad</span> <span class='ocrx_word' id='word_1_84' title='bbox 1149 1574 1300 1631; x_wconf 83' lang='lat' dir='ltr'>Bromium</span> <span class='ocrx_word' id='word_1_85' title='bbox 1322 1572 1389 1628; x_wconf 90' lang='lat' dir='ltr'>edi·</span> 
     </span>
     <span class='ocr_line' id='line_1_12' title="bbox 310 1657 1389 1732; baseline -0.004 -14"><span class='ocrx_word' id='word_1_86' title='bbox 310 1671 371 1718; x_wconf 83' lang='lat' dir='ltr'>tntu</span> <span class='ocrx_word' id='word_1_87' title='bbox 399 1671 459 1719; x_wconf 87' lang='lat' dir='ltr'>est:</span> <span class='ocrx_word' id='word_1_88' title='bbox 493 1663 632 1720; x_wconf 85' lang='lat' dir='ltr'>Diodorus</span> <span class='ocrx_word' id='word_1_89' title='bbox 654 1665 707 1720; x_wconf 84' lang='lat' dir='ltr'>nisi</span> <span class='ocrx_word' id='word_1_90' title='bbox 728 1665 885 1719; x_wconf 68' lang='lat' dir='ltr'>vastitates</span> <span class='ocrx_word' id='word_1_91' title='bbox 907 1663 1021 1731; x_wconf 83' lang='lat' dir='ltr'>doloris,</span> <span class='ocrx_word' id='word_1_92' title='bbox 1056 1669 1158 1717; x_wconf 88' lang='lat' dir='ltr'>contra</span> <span class='ocrx_word' id='word_1_93' title='bbox 1185 1659 1269 1716; x_wconf 87' lang='lat' dir='ltr'>codd.</span> <span class='ocrx_word' id='word_1_94' title='bbox 1291 1657 1389 1732; x_wconf 82' lang='lat' dir='ltr'>(Gzii,</span> 
     </span>
     <span class='ocr_line' id='line_1_13' title="bbox 310 1742 1389 1822; baseline -0.008 -14"><span class='ocrx_word' id='word_1_95' title='bbox 310 1747 389 1808; x_wconf 85' lang='lat' dir='ltr'>Oxx.</span> <span class='ocrx_word' id='word_1_96' title='bbox 412 1742 481 1822; x_wconf 71' lang='grc' dir='ltr'>ξχψ,</span> <span class='ocrx_word' id='word_1_97' title='bbox 506 1747 568 1804; x_wconf 90' lang='lat' dir='ltr'>sine</span> <span class='ocrx_word' id='word_1_98' title='bbox 591 1747 681 1805; x_wconf 92' lang='lat' dir='ltr'>dubio</span> <span class='ocrx_word' id='word_1_99' title='bbox 703 1748 791 1805; x_wconf 84' lang='lat' dir='ltr'>etiam</span> <span class='ocrx_word' id='word_1_100' title='bbox 804 1748 847 1818; x_wconf 72' lang='lat' dir='ltr'>E,</span> <span class='ocrx_word' id='word_1_101' title='bbox 869 1746 956 1804; x_wconf 86' lang='lat' dir='ltr'>Grut.</span> <span class='ocrx_word' id='word_1_102' title='bbox 969 1755 998 1804; x_wconf 87' lang='lat' dir='ltr'>et</span> <span class='ocrx_word' id='word_1_103' title='bbox 1010 1747 1085 1802; x_wconf 86' lang='lat' dir='ltr'><strong>Dav.</strong></span> <span class='ocrx_word' id='word_1_104' title='bbox 1097 1764 1156 1801; x_wconf 90' lang='lat' dir='ltr'>non</span> <span class='ocrx_word' id='word_1_105' title='bbox 1168 1742 1389 1818; x_wconf 83' lang='lat' dir='ltr'>attenderunt);</span> 
     </span>
     <span class='ocr_line' id='line_1_14' title="bbox 309 1832 821 1890; baseline -0.002 0"><span class='ocrx_word' id='word_1_106' title='bbox 309 1841 339 1890; x_wconf 86' lang='lat' dir='ltr'>et</span> <span class='ocrx_word' id='word_1_107' title='bbox 361 1833 486 1888; x_wconf 80' lang='lat' dir='ltr'>debebat</span> <span class='ocrx_word' id='word_1_108' title='bbox 508 1842 570 1889; x_wconf 87' lang='lat' dir='ltr'>tum</span> <span class='ocrx_word' id='word_1_109' title='bbox 593 1832 651 1890; x_wconf 92' lang='lat' dir='ltr'>dici</span> <span class='ocrx_word' id='word_1_110' title='bbox 674 1833 740 1890; x_wconf 81' lang='lat' dir='ltr'>nibil</span> <span class='ocrx_word' id='word_1_111' title='bbox 762 1836 821 1890; x_wconf 82' lang='lat' dir='ltr'>nisi.</span> 
     </span>
    </p>

    <p class='ocr_par' dir='ltr' id='par_1_6' title="bbox 310 1916 1457 4477">
     <span class='ocr_line' id='line_1_15' title="bbox 395 1916 1390 1994; baseline -0.004 -21"><span class='ocrx_word' id='word_1_112' title='bbox 395 1917 449 1973; x_wconf 82' lang='lat' dir='ltr'>His</span> <span class='ocrx_word' id='word_1_113' title='bbox 471 1919 598 1980; x_wconf 75' lang='lat' dir='ltr'>omnibus,</span> <span class='ocrx_word' id='word_1_114' title='bbox 622 1938 689 1994; x_wconf 86' lang='lat' dir='ltr'>quos</span> <span class='ocrx_word' id='word_1_115' title='bbox 711 1921 779 1990; x_wconf 80' lang='lat' dir='ltr'>diri,</span> <span class='ocrx_word' id='word_1_116' title='bbox 802 1916 871 1992; x_wconf 92' lang='lat' dir='ltr'>etc.)</span> <span class='ocrx_word' id='word_1_117' title='bbox 894 1917 977 1974; x_wconf 91' lang='lat' dir='ltr'>Haec</span> <span class='ocrx_word' id='word_1_118' title='bbox 999 1917 1105 1986; x_wconf 86' lang='lat' dir='ltr'>verbe,</span> <span class='ocrx_word' id='word_1_119' title='bbox 1135 1924 1168 1973; x_wconf 89' lang='lat' dir='ltr'>ut</span> <span class='ocrx_word' id='word_1_120' title='bbox 1189 1933 1267 1972; x_wconf 86' lang='lat' dir='ltr'>nunc</span> <span class='ocrx_word' id='word_1_121' title='bbox 1289 1923 1390 1971; x_wconf 87' lang='lat' dir='ltr'>cetera</span> 
     </span>
     <span class='ocr_line' id='line_1_16' title="bbox 310 2002 1389 2079; baseline -0.004 -19"><span class='ocrx_word' id='word_1_122' title='bbox 310 2015 386 2074; x_wconf 87' lang='lat' dir='ltr'>sunt,</span> <span class='ocrx_word' id='word_1_123' title='bbox 411 2003 648 2079; x_wconf 79' lang='lat' dir='ltr'>inexplicabilem</span> <span class='ocrx_word' id='word_1_124' title='bbox 670 2004 781 2061; x_wconf 87' lang='lat' dir='ltr'>habent</span> <span class='ocrx_word' id='word_1_125' title='bbox 802 2003 1014 2060; x_wconf 83' lang='lat' dir='ltr'>difficultatem.</span> <span class='ocrx_word' id='word_1_126' title='bbox 1058 2002 1135 2059; x_wconf 83' lang='lat' dir='ltr'>Nam</span> <span class='ocrx_word' id='word_1_127' title='bbox 1157 2002 1389 2076; x_wconf 83' lang='lat' dir='ltr'>primumconse·</span> 
     </span>
     <span class='ocr_line' id='line_1_17' title="bbox 310 2085 1388 2166; baseline -0.002 -22"><span class='ocrx_word' id='word_1_128' title='bbox 310 2099 418 2164; x_wconf 72' lang='lat' dir='ltr'>picentes</span> <span class='ocrx_word' id='word_1_129' title='bbox 446 2089 491 2166; x_wconf 91' lang='lat' dir='ltr'>(id</span> <span class='ocrx_word' id='word_1_130' title='bbox 519 2099 578 2159; x_wconf 89' lang='lat' dir='ltr'>est,</span> <span class='ocrx_word' id='word_1_131' title='bbox 613 2090 801 2146; x_wconf 89' lang='lat' dir='ltr'>consentanei</span> <span class='ocrx_word' id='word_1_132' title='bbox 830 2088 881 2146; x_wconf 87' lang='lat' dir='ltr'>alii</span> <span class='ocrx_word' id='word_1_133' title='bbox 909 2089 952 2145; x_wconf 88' lang='lat' dir='ltr'>rei</span> <span class='ocrx_word' id='word_1_134' title='bbox 975 2086 1176 2163; x_wconf 89' lang='lat' dir='ltr'>praecedenti)</span> <span class='ocrx_word' id='word_1_135' title='bbox 1205 2087 1247 2145; x_wconf 87' lang='lat' dir='ltr'>sie</span> <span class='ocrx_word' id='word_1_136' title='bbox 1269 2085 1388 2154; x_wconf 89' lang='lat' dir='ltr'>dicitur,</span> 
     </span>
     <span class='ocr_line' id='line_1_18' title="bbox 310 2173 1389 2251; baseline -0.004 -21"><span class='ocrx_word' id='word_1_137' title='bbox 310 2184 469 2248; x_wconf 87' lang='lat' dir='ltr'>tamqnam,</span> <span class='ocrx_word' id='word_1_138' title='bbox 492 2174 596 2250; x_wconf 89' lang='lat' dir='ltr'>positis</span> <span class='ocrx_word' id='word_1_139' title='bbox 613 2174 717 2232; x_wconf 85' lang='lat' dir='ltr'>horum</span> <span class='ocrx_word' id='word_1_140' title='bbox 740 2175 981 2251; x_wconf 88' lang='lat' dir='ltr'>pbilosophorum</span> <span class='ocrx_word' id='word_1_141' title='bbox 1009 2173 1112 2249; x_wconf 89' lang='lat' dir='ltr'>primis</span> <span class='ocrx_word' id='word_1_142' title='bbox 1139 2183 1277 2242; x_wconf 81' lang='lat' dir='ltr'>naturae,</span> <span class='ocrx_word' id='word_1_143' title='bbox 1309 2189 1389 2228; x_wconf 89' lang='lat' dir='ltr'>nnnc</span> 
     </span>
     <span class='ocr_line' id='line_1_19' title="bbox 310 2257 1389 2336; baseline -0.004 -20"><span class='ocrx_word' id='word_1_144' title='bbox 310 2259 427 2316; x_wconf 90' lang='lat' dir='ltr'>demum</span> <span class='ocrx_word' id='word_1_145' title='bbox 449 2259 599 2336; x_wconf 88' lang='lat' dir='ltr'>adiungat,</span> <span class='ocrx_word' id='word_1_146' title='bbox 622 2261 658 2318; x_wconf 89' lang='lat' dir='ltr'>iis</span> <span class='ocrx_word' id='word_1_147' title='bbox 681 2269 893 2336; x_wconf 78' lang='lat' dir='ltr'>consequentes</span> <span class='ocrx_word' id='word_1_148' title='bbox 920 2278 984 2317; x_wconf 86' lang='lat' dir='ltr'>esse</span> <span class='ocrx_word' id='word_1_149' title='bbox 1012 2259 1094 2316; x_wconf 85' lang='lat' dir='ltr'>fines.</span> <span class='ocrx_word' id='word_1_150' title='bbox 1143 2258 1237 2333; x_wconf 85' lang='lat' dir='ltr'>Atqui</span> <span class='ocrx_word' id='word_1_151' title='bbox 1265 2257 1323 2315; x_wconf 90' lang='lat' dir='ltr'>iam</span> <span class='ocrx_word' id='word_1_152' title='bbox 1351 2257 1389 2312; x_wconf 90' lang='lat' dir='ltr'>de</span> 
     </span>
     <span class='ocr_line' id='line_1_20' title="bbox 310 2343 1389 2421; baseline -0.002 -21"><span class='ocrx_word' id='word_1_153' title='bbox 310 2344 417 2400; x_wconf 88' lang='lat' dir='ltr'>finibus</span> <span class='ocrx_word' id='word_1_154' title='bbox 440 2345 524 2401; x_wconf 87' lang='lat' dir='ltr'>dixit.</span> <span class='ocrx_word' id='word_1_155' title='bbox 556 2347 662 2421; x_wconf 88' lang='lat' dir='ltr'>Itaque</span> <span class='ocrx_word' id='word_1_156' title='bbox 684 2347 757 2402; x_wconf 87' lang='lat' dir='ltr'>haec</span> <span class='ocrx_word' id='word_1_157' title='bbox 775 2346 921 2404; x_wconf 89' lang='lat' dir='ltr'>sententia</span> <span class='ocrx_word' id='word_1_158' title='bbox 931 2345 1099 2421; x_wconf 78' lang='lat' dir='ltr'>generalem</span> <span class='ocrx_word' id='word_1_159' title='bbox 1110 2344 1226 2401; x_wconf 89' lang='lat' dir='ltr'>laudem</span> <span class='ocrx_word' id='word_1_160' title='bbox 1243 2343 1389 2410; x_wconf 79' lang='lat' dir='ltr'>continet3</span> 
     </span>
     <span class='ocr_line' id='line_1_21' title="bbox 312 2429 1389 2507; baseline -0.003 -21"><span class='ocrx_word' id='word_1_161' title='bbox 312 2431 355 2487; x_wconf 87' lang='lat' dir='ltr'>sio</span> <span class='ocrx_word' id='word_1_162' title='bbox 376 2449 538 2504; x_wconf 79' lang='lat' dir='ltr'>consequens</span> <span class='ocrx_word' id='word_1_163' title='bbox 560 2432 694 2488; x_wconf 84' lang='lat' dir='ltr'>absolute</span> <span class='ocrx_word' id='word_1_164' title='bbox 717 2432 824 2489; x_wconf 89' lang='lat' dir='ltr'>dicitnr</span> <span class='ocrx_word' id='word_1_165' title='bbox 845 2451 899 2507; x_wconf 88' lang='lat' dir='ltr'>pro</span> <span class='ocrx_word' id='word_1_166' title='bbox 922 2449 983 2501; x_wconf 86' lang='lat' dir='ltr'>ee,</span> <span class='ocrx_word' id='word_1_167' title='bbox 1001 2430 1032 2488; x_wconf 93' lang='lat' dir='ltr'>in</span> <span class='ocrx_word' id='word_1_168' title='bbox 1054 2448 1112 2505; x_wconf 93' lang='lat' dir='ltr'>quo</span> <span class='ocrx_word' id='word_1_169' title='bbox 1134 2430 1199 2506; x_wconf 92' lang='lat' dir='ltr'>ipso</span> <span class='ocrx_word' id='word_1_170' title='bbox 1222 2429 1389 2486; x_wconf 87' lang='lat' dir='ltr'>constantia</span> 
     </span>
     <span class='ocr_line' id='line_1_22' title="bbox 312 2517 1389 2594; baseline -0.003 -22"><span class='ocrx_word' id='word_1_171' title='bbox 312 2525 454 2591; x_wconf 82' lang='lat' dir='ltr'>appareat</span> <span class='ocrx_word' id='word_1_172' title='bbox 476 2535 529 2572; x_wconf 87' lang='lat' dir='ltr'>nec</span> <span class='ocrx_word' id='word_1_173' title='bbox 552 2518 710 2592; x_wconf 86' lang='lat' dir='ltr'>quidquam</span> <span class='ocrx_word' id='word_1_174' title='bbox 733 2527 891 2594; x_wconf 80' lang='lat' dir='ltr'>repugnet,</span> <span class='ocrx_word' id='word_1_175' title='bbox 914 2517 992 2591; x_wconf 92' lang='lat' dir='ltr'>quod</span> <span class='ocrx_word' id='word_1_176' title='bbox 1016 2517 1171 2572; x_wconf 83' lang='lat' dir='ltr'>barbarum</span> <span class='ocrx_word' id='word_1_177' title='bbox 1200 2527 1259 2584; x_wconf 82' lang='lat' dir='ltr'>est3</span> <span class='ocrx_word' id='word_1_178' title='bbox 1292 2531 1389 2588; x_wconf 89' lang='lat' dir='ltr'>neque</span> 
     </span>
     <span class='ocr_line' id='line_1_23' title="bbox 312 2600 1388 2677; baseline -0.003 -19"><span class='ocrx_word' id='word_1_179' title='bbox 312 2600 384 2658; x_wconf 87' lang='lat' dir='ltr'>satis</span> <span class='ocrx_word' id='word_1_180' title='bbox 405 2601 542 2660; x_wconf 85' lang='lat' dir='ltr'>Bromius</span> <span class='ocrx_word' id='word_1_181' title='bbox 565 2603 699 2675; x_wconf 86' lang='lat' dir='ltr'>attendit,</span> <span class='ocrx_word' id='word_1_182' title='bbox 723 2602 774 2659; x_wconf 87' lang='lat' dir='ltr'>illa</span> <span class='ocrx_word' id='word_1_183' title='bbox 796 2602 938 2660; x_wconf 86' lang='lat' dir='ltr'>adhibens</span> <span class='ocrx_word' id='word_1_184' title='bbox 961 2602 1111 2677; x_wconf 87' lang='lat' dir='ltr'>exempla,</span> <span class='ocrx_word' id='word_1_185' title='bbox 1145 2602 1176 2658; x_wconf 92' lang='lat' dir='ltr'>in</span> <span class='ocrx_word' id='word_1_186' title='bbox 1199 2601 1305 2674; x_wconf 90' lang='lat' dir='ltr'>quibus</span> <span class='ocrx_word' id='word_1_187' title='bbox 1328 2621 1388 2657; x_wconf 76' lang='lat' dir='ltr'>cora·</span> 
     </span>
     <span class='ocr_line' id='line_1_24' title="bbox 312 2684 1389 2762; baseline -0.003 -19"><span class='ocrx_word' id='word_1_188' title='bbox 312 2706 424 2760; x_wconf 81' lang='lat' dir='ltr'>sequens</span> <span class='ocrx_word' id='word_1_189' title='bbox 442 2693 488 2744; x_wconf 86' lang='lat' dir='ltr'>est</span> <span class='ocrx_word' id='word_1_190' title='bbox 508 2691 640 2762; x_wconf 78' lang='lat' dir='ltr'>superiori</span> <span class='ocrx_word' id='word_1_191' title='bbox 650 2692 819 2746; x_wconf 75' lang='lat' dir='ltr'>coruscatione.</span> <span class='ocrx_word' id='word_1_192' title='bbox 854 2688 894 2744; x_wconf 85' lang='lat' dir='ltr'>Et</span> <span class='ocrx_word' id='word_1_193' title='bbox 915 2688 987 2744; x_wconf 88' lang='lat' dir='ltr'>baec</span> <span class='ocrx_word' id='word_1_194' title='bbox 1010 2687 1074 2744; x_wconf 88' lang='lat' dir='ltr'>laus</span> <span class='ocrx_word' id='word_1_195' title='bbox 1096 2687 1133 2744; x_wconf 88' lang='lat' dir='ltr'>ad</span> <span class='ocrx_word' id='word_1_196' title='bbox 1153 2707 1203 2744; x_wconf 90' lang='lat' dir='ltr'>eos</span> <span class='ocrx_word' id='word_1_197' title='bbox 1215 2686 1315 2756; x_wconf 88' lang='lat' dir='ltr'>etiam,</span> <span class='ocrx_word' id='word_1_198' title='bbox 1338 2684 1389 2759; x_wconf 93' lang='lat' dir='ltr'>qni</span> 
     </span>
     <span class='ocr_line' id='line_1_25' title="bbox 312 2771 1388 2849; baseline -0.006 -19"><span class='ocrx_word' id='word_1_199' title='bbox 312 2782 483 2846; x_wconf 87' lang='lat' dir='ltr'>sequuntur,</span> <span class='ocrx_word' id='word_1_200' title='bbox 506 2775 643 2848; x_wconf 85' lang='lat' dir='ltr'>pertinet,</span> <span class='ocrx_word' id='word_1_201' title='bbox 667 2783 699 2830; x_wconf 92' lang='lat' dir='ltr'>nt</span> <span class='ocrx_word' id='word_1_202' title='bbox 721 2774 794 2832; x_wconf 91' lang='lat' dir='ltr'>mire</span> <span class='ocrx_word' id='word_1_203' title='bbox 818 2783 966 2849; x_wconf 84' lang='lat' dir='ltr'>tamqnam</span> <span class='ocrx_word' id='word_1_204' title='bbox 989 2773 1092 2830; x_wconf 88' lang='lat' dir='ltr'>horum</span> <span class='ocrx_word' id='word_1_205' title='bbox 1116 2771 1237 2848; x_wconf 87' lang='lat' dir='ltr'>propria</span> <span class='ocrx_word' id='word_1_206' title='bbox 1253 2779 1388 2847; x_wconf 89' lang='lat' dir='ltr'>ponatur.</span> 
     </span>
     <span class='ocr_line' id='line_1_26' title="bbox 313 2857 1388 2933; baseline -0.007 -15"><span class='ocrx_word' id='word_1_207' title='bbox 313 2857 371 2918; x_wconf 86' lang='lat' dir='ltr'>Sed</span> <span class='ocrx_word' id='word_1_208' title='bbox 394 2857 613 2932; x_wconf 81' lang='lat' dir='ltr'>gr·aviusillud:</span> <span class='ocrx_word' id='word_1_209' title='bbox 637 2860 738 2930; x_wconf 88' lang='lat' dir='ltr'>dativi,</span> <span class='ocrx_word' id='word_1_210' title='bbox 762 2859 812 2933; x_wconf 92' lang='lat' dir='ltr'>qui</span> <span class='ocrx_word' id='word_1_211' title='bbox 825 2858 1017 2928; x_wconf 90' lang='lat' dir='ltr'>subiciuntur,</span> <span class='ocrx_word' id='word_1_212' title='bbox 1041 2860 1190 2932; x_wconf 72' lang='lat' dir='ltr'>Aristippo,</span> <span class='ocrx_word' id='word_1_213' title='bbox 1214 2859 1311 2914; x_wconf 73' lang='lat' dir='ltr'>Stoicis</span> <span class='ocrx_word' id='word_1_214' title='bbox 1334 2867 1388 2913; x_wconf 90' lang='lat' dir='ltr'>etc.</span> 
     </span>
     <span class='ocr_line' id='line_1_27' title="bbox 312 2943 1457 3021; baseline -0.002 -22"><span class='ocrx_word' id='word_1_215' title='bbox 312 2944 477 3001; x_wconf 88' lang='lat' dir='ltr'>necessario</span> <span class='ocrx_word' id='word_1_216' title='bbox 500 2963 553 3019; x_wconf 90' lang='lat' dir='ltr'>per</span> <span class='ocrx_word' id='word_1_217' title='bbox 575 2945 790 3021; x_wconf 86' lang='lat' dir='ltr'>appositionem</span> <span class='ocrx_word' id='word_1_218' title='bbox 813 2945 854 3001; x_wconf 87' lang='lat' dir='ltr'>sic</span> <span class='ocrx_word' id='word_1_219' title='bbox 876 2945 1037 3001; x_wconf 83' lang='lat' dir='ltr'>adhaerent</span> <span class='ocrx_word' id='word_1_220' title='bbox 1064 2945 1163 3000; x_wconf 85' lang='lat' dir='ltr'>verbis</span> <span class='ocrx_word' id='word_1_221' title='bbox 1191 2945 1232 3000; x_wconf 83' lang='lat' dir='ltr'>lis</span> <span class='ocrx_word' id='word_1_222' title='bbox 1259 2943 1388 3004; x_wconf 70' lang='lat' dir='ltr'>omatibus,</span> <span class='ocrx_word' id='word_1_223' title='bbox 1456 2943 1457 2952; x_wconf 75' lang='grc'>’</span> 
     </span>
     <span class='ocr_line' id='line_1_28' title="bbox 312 3029 1389 3106; baseline -0.002 -21"><span class='ocrx_word' id='word_1_224' title='bbox 312 3039 345 3086; x_wconf 90' lang='lat' dir='ltr'>ut</span> <span class='ocrx_word' id='word_1_225' title='bbox 368 3029 536 3106; x_wconf 85' lang='lat' dir='ltr'>singulatim</span> <span class='ocrx_word' id='word_1_226' title='bbox 559 3032 738 3100; x_wconf 84' lang='lat' dir='ltr'>ostendatur,</span> <span class='ocrx_word' id='word_1_227' title='bbox 762 3031 813 3104; x_wconf 91' lang='lat' dir='ltr'>qui</span> <span class='ocrx_word' id='word_1_228' title='bbox 835 3029 949 3087; x_wconf 90' lang='lat' dir='ltr'>sintilli</span> <span class='ocrx_word' id='word_1_229' title='bbox 961 3048 1062 3086; x_wconf 88' lang='lat' dir='ltr'>omnes</span> <span class='ocrx_word' id='word_1_230' title='bbox 1075 3039 1104 3086; x_wconf 90' lang='lat' dir='ltr'>et</span> <span class='ocrx_word' id='word_1_231' title='bbox 1115 3030 1166 3104; x_wconf 90' lang='lat' dir='ltr'>qui</span> <span class='ocrx_word' id='word_1_232' title='bbox 1178 3038 1389 3102; x_wconf 87' lang='lat' dir='ltr'>consequentes</span> 
     </span>
     <span class='ocr_line' id='line_1_29' title="bbox 312 3113 1389 3191; baseline -0.003 -19"><span class='ocrx_word' id='word_1_233' title='bbox 312 3115 355 3173; x_wconf 91' lang='lat' dir='ltr'>illi</span> <span class='ocrx_word' id='word_1_234' title='bbox 373 3115 445 3171; x_wconf 86' lang='lat' dir='ltr'>fines</span> <span class='ocrx_word' id='word_1_235' title='bbox 468 3116 627 3187; x_wconf 87' lang='lat' dir='ltr'>bonor·um;</span> <span class='ocrx_word' id='word_1_236' title='bbox 652 3127 684 3174; x_wconf 89' lang='lat' dir='ltr'>ut</span> <span class='ocrx_word' id='word_1_237' title='bbox 706 3127 854 3190; x_wconf 84' lang='lat' dir='ltr'>tanrquam</span> <span class='ocrx_word' id='word_1_238' title='bbox 878 3116 987 3172; x_wconf 85' lang='lat' dir='ltr'>diversi</span> <span class='ocrx_word' id='word_1_239' title='bbox 1004 3115 1209 3191; x_wconf 81' lang='lat' dir='ltr'>adiungantur,</span> <span class='ocrx_word' id='word_1_240' title='bbox 1233 3114 1295 3170; x_wconf 87' lang='lat' dir='ltr'>fieri</span> <span class='ocrx_word' id='word_1_241' title='bbox 1308 3113 1389 3170; x_wconf 90' lang='lat' dir='ltr'>nullo</span> 
     </span>
     <span class='ocr_line' id='line_1_30' title="bbox 313 3201 1390 3278; baseline -0.002 -22"><span class='ocrx_word' id='word_1_242' title='bbox 313 3201 399 3257; x_wconf 91' lang='lat' dir='ltr'>modo</span> <span class='ocrx_word' id='word_1_243' title='bbox 422 3209 519 3275; x_wconf 87' lang='lat' dir='ltr'>potest</span> <span class='ocrx_word' id='word_1_244' title='bbox 541 3222 595 3278; x_wconf 92' lang='lat' dir='ltr'>per</span> <span class='ocrx_word' id='word_1_245' title='bbox 616 3201 758 3259; x_wconf 88' lang='lat' dir='ltr'>sermonis</span> <span class='ocrx_word' id='word_1_246' title='bbox 781 3211 924 3258; x_wconf 86' lang='lat' dir='ltr'>naturam.</span> <span class='ocrx_word' id='word_1_247' title='bbox 958 3202 997 3258; x_wconf 87' lang='lat' dir='ltr'>Et</span> <span class='ocrx_word' id='word_1_248' title='bbox 1008 3211 1104 3258; x_wconf 88' lang='lat' dir='ltr'>tamen</span> <span class='ocrx_word' id='word_1_249' title='bbox 1117 3209 1282 3276; x_wconf 85' lang='lat' dir='ltr'>repugnant</span> <span class='ocrx_word' id='word_1_250' title='bbox 1299 3201 1390 3256; x_wconf 85' lang='lat' dir='ltr'>verba</span> 
     </span>
     <span class='ocr_line' id='line_1_31' title="bbox 313 3285 1389 3362; baseline -0.002 -20"><span class='ocrx_word' id='word_1_251' title='bbox 313 3305 379 3361; x_wconf 79' lang='lat' dir='ltr'>qrcos</span> <span class='ocrx_word' id='word_1_252' title='bbox 402 3289 468 3343; x_wconf 77' lang='lat' dir='ltr'>diri.</span> <span class='ocrx_word' id='word_1_253' title='bbox 517 3289 671 3346; x_wconf 86' lang='lat' dir='ltr'>Postremo</span> <span class='ocrx_word' id='word_1_254' title='bbox 699 3287 729 3344; x_wconf 92' lang='lat' dir='ltr'>in</span> <span class='ocrx_word' id='word_1_255' title='bbox 758 3287 963 3362; x_wconf 83' lang='lat' dir='ltr'>Peripateticis</span> <span class='ocrx_word' id='word_1_256' title='bbox 991 3297 1020 3343; x_wconf 90' lang='lat' dir='ltr'>et</span> <span class='ocrx_word' id='word_1_257' title='bbox 1048 3287 1236 3344; x_wconf 79' lang='lat' dir='ltr'>Academicis</span> <span class='ocrx_word' id='word_1_258' title='bbox 1263 3285 1389 3360; x_wconf 90' lang='lat' dir='ltr'>primum</span> 
     </span>
     <span class='ocr_line' id='line_1_32' title="bbox 313 3371 1388 3449; baseline -0.004 -19"><span class='ocrx_word' id='word_1_259' title='bbox 313 3371 418 3430; x_wconf 89' lang='lat' dir='ltr'>Cicero</span> <span class='ocrx_word' id='word_1_260' title='bbox 440 3372 586 3449; x_wconf 88' lang='lat' dir='ltr'>principia</span> <span class='ocrx_word' id='word_1_261' title='bbox 608 3385 729 3430; x_wconf 86' lang='lat' dir='ltr'>naturae</span> <span class='ocrx_word' id='word_1_262' title='bbox 752 3373 923 3444; x_wconf 84' lang='lat' dir='ltr'>nominavit,</span> <span class='ocrx_word' id='word_1_263' title='bbox 948 3373 1052 3430; x_wconf 91' lang='lat' dir='ltr'>deinde</span> <span class='ocrx_word' id='word_1_264' title='bbox 1075 3373 1147 3429; x_wconf 87' lang='lat' dir='ltr'>fines</span> <span class='ocrx_word' id='word_1_265' title='bbox 1169 3372 1318 3442; x_wconf 84' lang='lat' dir='ltr'>adiunxit,</span> <span class='ocrx_word' id='word_1_266' title='bbox 1348 3380 1388 3440; x_wconf 93' lang='lat' dir='ltr'>nt,</span> 
     </span>
     <span class='ocr_line' id='line_1_33' title="bbox 313 3457 1390 3536; baseline -0.002 -22"><span class='ocrx_word' id='word_1_267' title='bbox 313 3457 392 3532; x_wconf 90' lang='lat' dir='ltr'>quod</span> <span class='ocrx_word' id='word_1_268' title='bbox 414 3469 478 3514; x_wconf 88' lang='lat' dir='ltr'>erat</span> <span class='ocrx_word' id='word_1_269' title='bbox 499 3459 697 3536; x_wconf 87' lang='lat' dir='ltr'>propositum,</span> <span class='ocrx_word' id='word_1_270' title='bbox 727 3459 883 3516; x_wconf 89' lang='lat' dir='ltr'>cohaerere</span> <span class='ocrx_word' id='word_1_271' title='bbox 906 3477 942 3514; x_wconf 89' lang='lat' dir='ltr'>ea</span> <span class='ocrx_word' id='word_1_272' title='bbox 963 3459 1139 3516; x_wconf 82' lang='lat' dir='ltr'>ostenderet</span> <span class='ocrx_word' id='word_1_273' title='bbox 1183 3458 1217 3515; x_wconf 94' lang='lat' dir='ltr'>In</span> <span class='ocrx_word' id='word_1_274' title='bbox 1245 3457 1305 3528; x_wconf 90' lang='lat' dir='ltr'>bis,</span> <span class='ocrx_word' id='word_1_275' title='bbox 1341 3457 1390 3531; x_wconf 91' lang='lat' dir='ltr'>qni</span> 
     </span>
     <span class='ocr_line' id='line_1_34' title="bbox 313 3542 1390 3620; baseline -0.002 -20"><span class='ocrx_word' id='word_1_276' title='bbox 313 3551 485 3617; x_wconf 88' lang='lat' dir='ltr'>sequnntur,</span> <span class='ocrx_word' id='word_1_277' title='bbox 507 3546 588 3602; x_wconf 88' lang='lat' dir='ltr'>nulla</span> <span class='ocrx_word' id='word_1_278' title='bbox 611 3545 730 3603; x_wconf 88' lang='lat' dir='ltr'>omnino</span> <span class='ocrx_word' id='word_1_279' title='bbox 753 3545 955 3620; x_wconf 86' lang='lat' dir='ltr'>significantur</span> <span class='ocrx_word' id='word_1_280' title='bbox 976 3544 1085 3620; x_wconf 89' lang='lat' dir='ltr'>prima,</span> <span class='ocrx_word' id='word_1_281' title='bbox 1109 3544 1160 3600; x_wconf 88' lang='lat' dir='ltr'>sed</span> <span class='ocrx_word' id='word_1_282' title='bbox 1182 3555 1293 3600; x_wconf 90' lang='lat' dir='ltr'>tantum</span> <span class='ocrx_word' id='word_1_283' title='bbox 1317 3542 1390 3600; x_wconf 85' lang='lat' dir='ltr'>fines</span> 
     </span>
     <span class='ocr_line' id='line_1_35' title="bbox 313 3629 1390 3704; baseline 0.004 -19"><span class='ocrx_word' id='word_1_284' title='bbox 313 3637 477 3704; x_wconf 91' lang='lat' dir='ltr'>ponuntur,</span> <span class='ocrx_word' id='word_1_285' title='bbox 512 3640 545 3687; x_wconf 89' lang='lat' dir='ltr'>ut</span> <span class='ocrx_word' id='word_1_286' title='bbox 572 3651 608 3687; x_wconf 89' lang='lat' dir='ltr'>ne</span> <span class='ocrx_word' id='word_1_287' title='bbox 636 3632 740 3688; x_wconf 88' lang='lat' dir='ltr'>umbra</span> <span class='ocrx_word' id='word_1_288' title='bbox 763 3630 881 3704; x_wconf 88' lang='lat' dir='ltr'>quidem</span> <span class='ocrx_word' id='word_1_289' title='bbox 909 3631 972 3687; x_wconf 89' lang='lat' dir='ltr'>eius</span> <span class='ocrx_word' id='word_1_290' title='bbox 995 3629 1216 3687; x_wconf 84' lang='lat' dir='ltr'>convenientiae</span> <span class='ocrx_word' id='word_1_291' title='bbox 1239 3639 1390 3704; x_wconf 70' lang='lat' dir='ltr'>appareat,</span> 
     </span>
     <span class='ocr_line' id='line_1_36' title="bbox 314 3713 1389 3788; baseline 0.002 -18"><span class='ocrx_word' id='word_1_292' title='bbox 314 3733 401 3788; x_wconf 89' lang='lat' dir='ltr'>quam</span> <span class='ocrx_word' id='word_1_293' title='bbox 425 3713 530 3774; x_wconf 86' lang='lat' dir='ltr'>Cicero</span> <span class='ocrx_word' id='word_1_294' title='bbox 553 3716 706 3774; x_wconf 86' lang='lat' dir='ltr'>ostendere</span> <span class='ocrx_word' id='word_1_295' title='bbox 729 3716 857 3774; x_wconf 86' lang='lat' dir='ltr'>volebat.</span> <span class='ocrx_word' id='word_1_296' title='bbox 901 3717 1017 3774; x_wconf 90' lang='lat' dir='ltr'>Horum</span> <span class='ocrx_word' id='word_1_297' title='bbox 1040 3716 1169 3773; x_wconf 91' lang='lat' dir='ltr'>omnium</span> <span class='ocrx_word' id='word_1_298' title='bbox 1193 3715 1389 3772; x_wconf 85' lang='lat' dir='ltr'>incommodo-</span> 
     </span>
     <span class='ocr_line' id='line_1_37' title="bbox 313 3801 1391 3872; baseline 0 -16"><span class='ocrx_word' id='word_1_299' title='bbox 313 3817 377 3856; x_wconf 91' lang='lat' dir='ltr'>rum</span> <span class='ocrx_word' id='word_1_300' title='bbox 402 3819 460 3856; x_wconf 86' lang='lat' dir='ltr'>una</span> <span class='ocrx_word' id='word_1_301' title='bbox 481 3814 526 3860; x_wconf 88' lang='lat' dir='ltr'>est</span> <span class='ocrx_word' id='word_1_302' title='bbox 546 3802 666 3871; x_wconf 88' lang='lat' dir='ltr'>levatio,</span> <span class='ocrx_word' id='word_1_303' title='bbox 690 3811 722 3859; x_wconf 92' lang='lat' dir='ltr'>ut</span> <span class='ocrx_word' id='word_1_304' title='bbox 743 3811 916 3872; x_wconf 85' lang='lat' dir='ltr'>statuamus,</span> <span class='ocrx_word' id='word_1_305' title='bbox 939 3801 1110 3858; x_wconf 85' lang='lat' dir='ltr'>anteverba</span> <span class='ocrx_word' id='word_1_306' title='bbox 1132 3801 1303 3858; x_wconf 80' lang='lat' dir='ltr'>bisonnn&#39;bus</span> <span class='ocrx_word' id='word_1_307' title='bbox 1319 3819 1391 3857; x_wconf 91' lang='lat' dir='ltr'>non·</span> 
     </span>
     <span class='ocr_line' id='line_1_38' title="bbox 314 3885 1390 3962; baseline 0.002 -22"><span class='ocrx_word' id='word_1_308' title='bbox 314 3885 396 3942; x_wconf 84' lang='lat' dir='ltr'>nulle</span> <span class='ocrx_word' id='word_1_309' title='bbox 418 3889 572 3958; x_wconf 79' lang='lat' dir='ltr'>excidisse,</span> <span class='ocrx_word' id='word_1_310' title='bbox 595 3887 702 3962; x_wconf 88' lang='lat' dir='ltr'>quibus</span> <span class='ocrx_word' id='word_1_311' title='bbox 725 3888 829 3947; x_wconf 87' lang='lat' dir='ltr'>Cicero</span> <span class='ocrx_word' id='word_1_312' title='bbox 852 3887 941 3945; x_wconf 89' lang='lat' dir='ltr'>simili</span> <span class='ocrx_word' id='word_1_313' title='bbox 963 3887 1059 3944; x_wconf 87' lang='lat' dir='ltr'>forma</span> <span class='ocrx_word' id='word_1_314' title='bbox 1081 3896 1169 3961; x_wconf 90' lang='lat' dir='ltr'>atque</span> <span class='ocrx_word' id='word_1_315' title='bbox 1192 3905 1282 3961; x_wconf 88' lang='lat' dir='ltr'>supra</span> <span class='ocrx_word' id='word_1_316' title='bbox 1300 3887 1390 3961; x_wconf 83' lang='lat' dir='ltr'>(Pole-</span> 
     </span>
     <span class='ocr_line' id='line_1_39' title="bbox 314 3971 1391 4049; baseline 0.001 -23"><span class='ocrx_word' id='word_1_317' title='bbox 314 3975 384 4028; x_wconf 83' lang='lat' dir='ltr'>moni</span> <span class='ocrx_word' id='word_1_318' title='bbox 405 3981 428 4028; x_wconf 84' lang='lat' dir='ltr'>et</span> <span class='ocrx_word' id='word_1_319' title='bbox 451 3977 592 4031; x_wconf 67' lang='lat' dir='ltr'>Aristoteli</span> <span class='ocrx_word' id='word_1_320' title='bbox 612 3994 643 4030; x_wconf 76' lang='lat' dir='ltr'>aa</span> <span class='ocrx_word' id='word_1_321' title='bbox 660 3977 754 4049; x_wconf 69' lang='lat' dir='ltr'>pmma</span> <span class='ocrx_word' id='word_1_322' title='bbox 770 3974 982 4048; x_wconf 82' lang='lat' dir='ltr'>nr&#39;sasuntetc.)</span> <span class='ocrx_word' id='word_1_323' title='bbox 1006 3973 1123 4043; x_wconf 88' lang='lat' dir='ltr'>dixerit,</span> <span class='ocrx_word' id='word_1_324' title='bbox 1147 3971 1285 4046; x_wconf 86' lang='lat' dir='ltr'>quaeulii</span> <span class='ocrx_word' id='word_1_325' title='bbox 1298 3971 1391 4046; x_wconf 86' lang='lat' dir='ltr'>prima</span> 
     </span>
     <span class='ocr_line' id='line_1_40' title="bbox 314 4057 1391 4138; baseline -0.002 -24"><span class='ocrx_word' id='word_1_326' title='bbox 314 4057 495 4131; x_wconf 79' lang='lat' dir='ltr'>posuissent3</span> <span class='ocrx_word' id='word_1_327' title='bbox 520 4069 580 4117; x_wconf 89' lang='lat' dir='ltr'>tum</span> <span class='ocrx_word' id='word_1_328' title='bbox 603 4059 765 4118; x_wconf 82' lang='lat' dir='ltr'>rectissime</span> <span class='ocrx_word' id='word_1_329' title='bbox 789 4057 1049 4138; x_wconf 89' lang='lat' dir='ltr'>(quemadmodum</span> <span class='ocrx_word' id='word_1_330' title='bbox 1061 4067 1143 4115; x_wconf 85' lang='lat' dir='ltr'>ante:</span> <span class='ocrx_word' id='word_1_331' title='bbox 1168 4059 1244 4131; x_wconf 76' lang='lat' dir='ltr'>Erqo</span> <span class='ocrx_word' id='word_1_332' title='bbox 1267 4068 1331 4113; x_wconf 73' lang='lat' dir='ltr'>irata</span> <span class='ocrx_word' id='word_1_333' title='bbox 1355 4067 1391 4115; x_wconf 76' lang='lat' dir='ltr'>est</span> 
     </span>
     <span class='ocr_line' id='line_1_41' title="bbox 315 4142 1391 4220; baseline 0.001 -21"><span class='ocrx_word' id='word_1_334' title='bbox 315 4142 384 4219; x_wconf 88' lang='lat' dir='ltr'>etc.)</span> <span class='ocrx_word' id='word_1_335' title='bbox 407 4146 606 4203; x_wconf 84' lang='lat' dir='ltr'>subiciebatur</span> <span class='ocrx_word' id='word_1_336' title='bbox 628 4146 664 4202; x_wconf 91' lang='lat' dir='ltr'>de</span> <span class='ocrx_word' id='word_1_337' title='bbox 681 4146 804 4202; x_wconf 88' lang='lat' dir='ltr'>finibus:</span> <span class='ocrx_word' id='word_1_338' title='bbox 828 4145 869 4200; x_wconf 83' lang='lat' dir='ltr'>la&#39;s</span> <span class='ocrx_word' id='word_1_339' title='bbox 880 4147 1007 4210; x_wconf 77' lang='lat' dir='ltr'>erunibus,</span> <span class='ocrx_word' id='word_1_340' title='bbox 1031 4164 1098 4220; x_wconf 70' lang='lat' dir='ltr'>quens</span> <span class='ocrx_word' id='word_1_341' title='bbox 1115 4146 1181 4213; x_wconf 71' lang='lat' dir='ltr'>clini,</span> <span class='ocrx_word' id='word_1_342' title='bbox 1206 4153 1391 4217; x_wconf 79' lang='lat' dir='ltr'>consequentes</span> 
     </span>
     <span class='ocr_line' id='line_1_42' title="bbox 316 4225 1391 4307; baseline 0.002 -25"><span class='ocrx_word' id='word_1_343' title='bbox 316 4225 518 4306; x_wconf 77' lang='lat' dir='ltr'>(consentanei</span> <span class='ocrx_word' id='word_1_344' title='bbox 546 4232 598 4304; x_wconf 91' lang='lat' dir='ltr'>iis,</span> <span class='ocrx_word' id='word_1_345' title='bbox 632 4250 707 4307; x_wconf 86' lang='lat' dir='ltr'>quae</span> <span class='ocrx_word' id='word_1_346' title='bbox 735 4231 833 4307; x_wconf 87' lang='lat' dir='ltr'>posita</span> <span class='ocrx_word' id='word_1_347' title='bbox 860 4241 929 4287; x_wconf 90' lang='lat' dir='ltr'>sunt</span> <span class='ocrx_word' id='word_1_348' title='bbox 950 4229 1058 4306; x_wconf 86' lang='lat' dir='ltr'>prima)</span> <span class='ocrx_word' id='word_1_349' title='bbox 1087 4241 1148 4286; x_wconf 71' lang='lat' dir='ltr'>susat</span> <span class='ocrx_word' id='word_1_350' title='bbox 1163 4231 1234 4303; x_wconf 70' lang='lat' dir='ltr'>filies</span> <span class='ocrx_word' id='word_1_351' title='bbox 1257 4230 1391 4286; x_wconf 71' lang='lat' dir='ltr'>bononem..</span> 
     </span>
     <span class='ocr_line' id='line_1_43' title="bbox 315 4313 1391 4392; baseline 0.002 -22"><span class='ocrx_word' id='word_1_352' title='bbox 315 4313 354 4370; x_wconf 87' lang='lat' dir='ltr'>Et</span> <span class='ocrx_word' id='word_1_353' title='bbox 375 4313 500 4374; x_wconf 83' lang='lat' dir='ltr'>fortasse</span> <span class='ocrx_word' id='word_1_354' title='bbox 523 4318 611 4374; x_wconf 89' lang='lat' dir='ltr'>etiam</span> <span class='ocrx_word' id='word_1_355' title='bbox 634 4317 816 4376; x_wconf 86' lang='lat' dir='ltr'>Carneadem</span> <span class='ocrx_word' id='word_1_356' title='bbox 839 4325 869 4372; x_wconf 93' lang='lat' dir='ltr'>et</span> <span class='ocrx_word' id='word_1_357' title='bbox 890 4316 1103 4392; x_wconf 85' lang='lat' dir='ltr'>Hieronymum</span> <span class='ocrx_word' id='word_1_358' title='bbox 1127 4315 1307 4386; x_wconf 91' lang='lat' dir='ltr'>nominarat,</span> <span class='ocrx_word' id='word_1_359' title='bbox 1342 4315 1391 4372; x_wconf 88' lang='lat' dir='ltr'>sed</span> 
     </span>
     <span class='ocr_line' id='line_1_44' title="bbox 315 4397 1391 4477; baseline 0.002 -21"><span class='ocrx_word' id='word_1_360' title='bbox 315 4397 363 4456; x_wconf 90' lang='lat' dir='ltr'>hio</span> <span class='ocrx_word' id='word_1_361' title='bbox 385 4402 514 4476; x_wconf 90' lang='lat' dir='ltr'>exempli</span> <span class='ocrx_word' id='word_1_362' title='bbox 537 4421 626 4460; x_wconf 86' lang='lat' dir='ltr'>causa</span> <span class='ocrx_word' id='word_1_363' title='bbox 647 4403 726 4460; x_wconf 88' lang='lat' dir='ltr'>solos</span> <span class='ocrx_word' id='word_1_364' title='bbox 747 4402 934 4477; x_wconf 86' lang='lat' dir='ltr'>Aristippum</span> <span class='ocrx_word' id='word_1_365' title='bbox 959 4411 988 4458; x_wconf 90' lang='lat' dir='ltr'>et</span> <span class='ocrx_word' id='word_1_366' title='bbox 1006 4401 1121 4462; x_wconf 89' lang='lat' dir='ltr'>Stoicos</span> <span class='ocrx_word' id='word_1_367' title='bbox 1143 4401 1235 4476; x_wconf 88' lang='lat' dir='ltr'>ponit.</span> <span class='ocrx_word' id='word_1_368' title='bbox 1263 4402 1391 4458; x_wconf 87' lang='lat' dir='ltr'>Tantum</span> 
     </span>
    </p>
   </div>
   <div class='ocr_carea' id='block_1_5' title="bbox 0 0 1483 5020">
    <p class='ocr_par' dir='ltr' id='par_1_7' title="bbox 0 0 1483 5020">
     <span class='ocr_line' id='line_1_45' title="bbox 0 0 1483 5020; baseline 0 0"><span class='ocrx_word' id='word_1_369' title='bbox 0 0 1483 5020; x_wconf 95' lang='lat' dir='ltr'> </span> 
     </span>
    </p>
   </div>
  </div>
 </body>
</html>
