2948 5024
270 403 306 447 nu
331 401 410 448 unit.
429 402 490 448 um.
507 404 528 448 v
552 403 624 448 cnr.
643 407 683 449 sa.
936 389 996 452 721

34 570 270 652 loqueremini
290 579 351 635 tam
374 569 492 636 illustre
515 589 570 636 uec
583 573 666 652 quod
683 572 775 636 latius
797 579 905 654 pateat
915 593 1007 656 quam

31 673 157 739 coniunctio
173 673 231 738 inter
247 673 372 738 homines
395 673 550 738 homiuum
567 681 599 738 et
612 675 701 756 quasi
714 676 864 756 quaedam
877 676 1007 742 societas

27 788 50 840 et
67 775 239 840 communicatio
260 775 417 840 utilitatum
445 783 476 840 et
498 776 567 856 ipsa
588 775 701 840 caritas
722 778 845 858 generis
873 778 1007 857 humani,

27 897 83 960 puae
100 877 261 958 nataapnimo
271 884 346 956 satu,
370 877 746 958 quodaprooreaturibus
764 879 828 944 nati
838 879 1008 961 diliguntur

27 992 43 1044 t
62 987 110 1044 toto
125 981 210 1052 domm
228 979 352 1060 coniugio
374 987 406 1044 et
428 978 525 1061 stirpe
547 980 750 1061 coniungitur,
773 981 870 1061 serpit
893 982 1007 1047 sensim
1027 993 1047 1057 5

27 1087 87 1161 oras,
106 1080 287 1162 cognationibus
308 1081 449 1162 primum,
472 1087 538 1146 tum
560 1080 776 1162 affinitatibus,
799 1083 909 1146 deinde
931 1084 1007 1148 ami-

27 1186 81 1262 ttis,
99 1184 360 1265 pusillanimibus,
382 1189 448 1248 turn
471 1183 588 1248 civibus
611 1191 642 1248 et
663 1184 710 1262 iis,
733 1184 786 1266 qui
797 1185 917 1264 publice
935 1186 1008 1250 socii

27 1297 82 1368 mue
99 1286 171 1350 amici
189 1293 258 1364 suut,
286 1286 397 1350 deiude
418 1285 513 1351 totius
536 1287 697 1368 complexu
718 1287 818 1368 gentis
841 1287 1007 1366 humanae;

58 1497 74 1544 l.
91 1509 125 1540 occ
140 1507 179 1540 on.
196 1491 210 1540 l]
240 1495 259 1539 8.
276 1499 296 1540 et
314 1500 372 1540 suta
390 1491 566 1540 cmmuam'cotio
584 1506 632 1540 om.
651 1491 672 1540 L
708 1498 731 1539 ⁴.
750 1500 868 1555 oata,proo
880 1491 1010 1544 necnon.

29 1570 68 1676 {pm
83 1576 125 1677 gip
142 1559 172 1676 ij,
196 1557 268 1678 [igneis
283 1577 332 1608 cum
352 1559 502 1609 amicaliisE
557 1563 580 1609 7.
596 1569 652 1624 post
670 1560 694 1608 ia
712 1559 844 1609 cior'tatrbus
864 1559 907 1611 PC
959 1578 1008 1610 oum

27 1647 66 1677 ooo
163 1643 180 1676 ts

27 1803 131 1873 udentia,
152 1803 280 1894 communi
303 1801 420 1860 virtutis
443 1802 556 1858 ethicae
578 1800 783 1874 fundamento,
812 1803 1008 1900 prpficisoens,

28 1907 36 1942 r
57 1885 89 1961 τῇ
108 1874 231 1962 φρονήσει
251 1875 386 1963 papedorp
408 1875 508 1952 πάσας
522 1875 662 1962 ὑπάρξειν
685 1877 872 1966 (adspiratio
884 1873 1009 1968 ἀρετάς)

29 1987 45 2035 t.
67 1973 134 2030 banc
156 1980 242 2028 tamen
262 1971 433 2030 sententiam
456 1989 514 2028 non
537 1972 723 2046 persequitur
744 1971 871 2030 uberius.

47 2058 394 2132 soou'etooetomamonicatio)
415 2056 493 2132 Spin.
511 2055 582 2136 [non
600 2055 641 2134 B]
657 2061 832 2128 commutatio,
845 2057 924 2116 Gud.
939 2059 956 2114 2
981 2069 1010 2116 et

28 2145 207 2201 communitos.
240 2144 283 2202 De
294 2143 381 2200 huius
404 2143 553 2200 societatis
575 2142 724 2200 initiorum
737 2142 932 2218 descriptione
950 2144 1010 2200 dic-

31 2229 117 2286 estad
128 2229 182 2298 111,
196 2229 247 2298 623
259 2227 309 2286 cir.
321 2229 363 2298 Π,
377 2228 425 2284 45.
454 2225 583 2308 [Deinde
596 2231 669 2302 quod
679 2247 717 2286 ex
729 2229 789 2285 Erl.
802 2238 832 2285 et
843 2229 868 2286 B
880 2229 1010 2298 restitui3

31 2335 45 2372 e
68 2315 140 2372 enim
162 2325 237 2371 recte
258 2315 403 2370 ablativus
425 2313 494 2388 poni
512 2314 559 2370 hic
577 2313 692 2370 videtur
713 2313 823 2370 relatus
846 2314 883 2371 ad
904 2325 1010 2383 saluum

51 2401 192 2456 dicaretur
211 2420 228 2456 a
239 2403 328 2475 primo
339 2419 437 2470 amore,
461 2397 537 2476 qua]
565 2400 641 2456 Tum
655 2400 893 2456 minusaccurate
906 2399 1010 2458 Cicero

27 2484 255 2542 coniunctionum
267 2481 537 2564 nornina(amim'lo‘is,
549 2486 724 2542 vicinitatibus
735 2483 805 2560 cet.)
817 2484 942 2542 addidit:
956 2496 1009 2542 tam

28 2591 73 2629 nro
100 2591 159 2629 cum
182 2571 332 2628 Manutius
362 2577 392 2626 et
413 2568 662 2648 confirmant[B,]
686 2569 796 2627 Pall.4
820 2577 849 2626 et
873 2571 900 2638 6,
924 2569 1009 2641 000,

27 2677 116 2732 quam
130 2655 209 2716 Oxx.
222 2675 260 2713 ex
274 2651 316 2728 ξψ
339 2674 398 2714 mom
410 2665 561 2726 annotant,
586 2654 653 2715 Gaii
665 2663 782 2731 praeter
794 2656 862 2712 Bas.
874 2665 904 2712 et
915 2655 1010 2734 Mon.)

27 2765 32 2792 r
45 2754 71 2799 et
81 2745 115 2799 ios
127 2751 183 2799 cet.
196 2761 251 2818 pro
263 2741 429 2798 huiusmodi
442 2741 588 2798 oratione:
601 2751 654 2798 tum
665 2745 758 2799 civium
770 2744 947 2799 centonomium
954 2752 1008 2799 cet.

27 2829 114 2885 ‘aalide
136 2831 219 2884 mlius
241 2829 380 2902 complana
403 2822 473 2907 cet.)
495 2826 655 2901 Expectari
678 2836 794 2902 poterat
807 2828 928 2901 denique,
951 2846 1010 2884 non

28 2933 66 2971 on
91 2913 167 2970 alibi
190 2919 312 2987 quoqu'e
335 2911 439 2972 Cicero
462 2912 602 2986 postremi
624 2911 746 2968 membri
774 2921 872 2968 notam
895 2911 1010 2970 omittat

28 3020 45 3056 ο
70 3000 162 3056 Rosc.
176 2999 250 3056 Am.
269 2993 358 3080 130),
381 2997 433 3056 sed
455 2997 534 3072 quod
556 2998 603 3053 hie
626 3016 678 3072 per
700 3006 797 3053 cetera
820 2998 950 3054 membra
973 2998 1011 3054 ad

29 3103 121 3153 num,
148 3084 233 3158 quod
257 3103 321 3140 rem
344 3084 487 3153 continet,
515 3083 693 3157 pervenitur.
741 3081 850 3140 Gentem
868 3083 1011 3139 bennenom

30 3189 107 3226 nere
134 3187 239 3244 neque
265 3169 371 3228 Cicero
398 3168 469 3225 alibi
498 3168 571 3224 dixit
601 3169 666 3243 (sed
694 3167 780 3243 louge
803 3167 889 3224 aliter
908 3179 1009 3240 pentem

29 3277 39 3311 n
66 3257 228 3312 hotmanam
260 3266 343 3330 atque
371 3257 474 3311 doctam
503 3253 539 3309 de
562 3253 704 3310 bivini.
723 3251 758 3330 2)
793 3271 902 3326 nequa,
933 3253 1011 3326 quod

50 3341 109 3397 alii
143 3339 208 3397 nisi
235 3347 346 3414 poetae
369 3341 415 3417 (ut
437 3338 579 3396 Horatius
603 3337 658 3396 Od.
679 3339 704 3408 I,
726 3338 753 3403 3,
773 3338 811 3395 26
832 3347 860 3394 et
875 3339 921 3406 12,
947 3338 1010 3414 49).

32 3427 123 3483 bunc
156 3426 268 3483 locum
299 3426 329 3482 iu
358 3425 461 3482 lexicis
489 3425 727 3500 praetermissum
757 3423 854 3481 miror.
902 3423 1010 3480 Gelono

28 3532 77 3568 cre
103 3512 146 3568 de
174 3531 226 3580 οο,
255 3511 309 3585 qui
321 3511 456 3568 alicunde
467 3529 559 3586 genus
572 3510 700 3580 duceret,
723 3509 887 3584 Vergilium
901 3508 1011 3566 dixisse

41 3598 126 3663 228,
155 3605 277 3654 notum
302 3604 356 3667 est,
380 3596 431 3653 sed
446 3595 522 3652 dixit
533 3595 668 3670 exemplo
681 3593 801 3666 Catulli,
825 3613 910 3668 quem
923 3612 1011 3651 carm.

57 3692 94 3739 et
123 3683 172 3738 24
201 3683 253 3739 sic
268 3682 438 3757 scripsisse:
462 3681 574 3752 Heraea,
597 3683 703 3753 salvete,
726 3681 897 3754 deumqeos!
918 3681 1011 3737 oborto

27 3771 221 3842 Prqqem'es,
250 3769 356 3824 salvete
379 3769 490 3824 iterum!
520 3767 570 3824 Vos
581 3767 749 3841 compellabo,
773 3765 904 3841 intellegi
915 3775 1011 3840 potest

29 3874 46 3910 s
70 3855 117 3910 ad
135 3855 249 3929 Verg.
265 3854 346 3910 Aen.
363 3855 401 3922 V,
422 3854 471 3910 80.
511 3853 579 3910 Non
603 3852 698 3908 miuus
731 3851 870 3908 inusitate
898 3849 1012 3920 Cicero,

27 3941 183 4012 munoflce
211 3939 322 3996 simile
345 3938 516 3995 adverbium
539 3937 690 4012 requirens
713 3955 807 4011 neque
829 3936 926 3992 iubae
943 3953 1012 3993 eou-

57 4025 337 4101 ambiguitatem
361 4024 480 4095 tinnens,
504 4043 587 4098 oeque
609 4041 697 4080 ausus
720 4031 764 4079 est
787 4021 899 4090 dicere,
934 4020 1012 4095 quod

28 4131 182 4184 unquam
216 4109 361 4180 fecisset,
385 4129 439 4184 pru
462 4129 506 4176 eo,
529 4109 608 4183 quod
630 4117 673 4164 est
691 4109 902 4180 cunoaeqm'tcte,
926 4125 1011 4180 quern

30 4196 261 4272 icographi,
301 4196 357 4254 hoc
380 4195 445 4253 loco
473 4195 621 4270 neglecto,
655 4212 671 4249 e
700 4192 821 4253 Sidonio
844 4192 1012 4267 Apollinari

46 4281 280 4339 Freundius
303 4299 423 4356 prorsus
447 4281 562 4338 omittit.
608 4279 694 4352 Quod
715 4277 898 4335 Foreelliuus
916 4277 1014 4334 Plaut.

46 4369 99 4436 V,
130 4368 186 4424 22
221 4368 335 4434 addit,
360 4367 400 4424 ibi
423 4367 561 4423 scribitur
584 4373 661 4421 recte
686 4385 700 4422 e
724 4363 1015 4422 codretustissimo:

776 4479 810 4532 lt
