3000 5044
412 383 455 428 sn
479 381 560 428 unu.
582 381 645 428 nm.
667 381 702 430 rv
724 382 797 430 cre.
818 385 858 430 m.
1108 366 1172 432 583

94 548 188 616 etiam
210 549 438 616 contrariorum
459 567 579 616 summa
600 550 717 632 poterit
736 552 859 634 augeri3
880 551 1172 618 advirtudsantem

94 669 247 716 summam
269 652 416 718 accedere
438 651 513 718 nibil
534 660 653 734 potsse
681 671 721 718 ne
743 653 819 718 vitia
840 653 966 736 quidem
987 653 1082 738 igitur
1103 673 1171 720 cre·

77 771 184 848 'scere
205 759 363 834 poterunt
385 772 466 836 quae
488 755 722 820 suntuirtutum
738 755 902 822 contraria
947 756 1061 823 Utrum
1076 741 1171 840 igitur

94 855 222 920 tandem
243 855 457 937 perspicuisne
478 855 573 922 dubia
595 856 780 938 aperiuntur
806 875 847 922 en
874 856 977 924 dubiis
1005 858 1171 940 perspicua

93 957 267 1023 tolluntur?
311 957 408 1040 Atqui
429 957 487 1024 hoc
508 958 709 1040 perspicuum
730 968 792 1038 est,
825 959 900 1024 vitia
926 959 988 1026 clia
1009 960 1078 1026 aliis
1101 960 1209 1026 esseb

93 1059 228 1138 maiora;
250 1059 327 1126 illud
348 1059 490 1139 dubium,
512 1061 554 1126 ad
575 1061 621 1138 id,
643 1062 729 1143 quod
750 1079 903 1126 summum
925 1061 1039 1127 bonnm
1061 1061 1171 1140 dicitis,

93 1179 285 1244 ecquaenam
306 1161 375 1228 fieri
396 1163 497 1244 possit
513 1163 659 1228 accessio.
693 1163 758 1229 Vos
774 1171 888 1244 sutem,
911 1181 980 1229 cnm
996 1163 1170 1246 perspicuis

93 1264 188 1330 dubia
208 1263 347 1330 debeatis
367 1263 540 1343 illustrare,
570 1265 671 1331 dubiis
691 1265 858 1348 perspicua
879 1265 1031 1332 conamini
1053 1265 1170 1332 tollere.

92 1367 145 1432 68.
167 1366 280 1448 Itaque
301 1367 410 1432 cadem
431 1367 560 1447 ratione,
582 1385 645 1450 qua
667 1385 736 1434 sum
758 1367 852 1450 paulo
868 1375 943 1434 ante
955 1387 1039 1447 usus,
1061 1366 1170 1434 haere·

93 1468 174 1534 bitis.
219 1467 252 1534 Si
278 1468 360 1533 enim
389 1475 559 1550 propterea
585 1467 661 1534 vitia
687 1469 748 1534 alia
769 1469 837 1535 aliis
859 1470 976 1536 maiora
1003 1488 1066 1535 non
1087 1476 1169 1548 sunt
1189 1472 1231 1538 10

92 1571 166 1652 quia
188 1589 227 1636 ne
249 1570 290 1635 ad
311 1569 404 1636 finem
426 1570 551 1652 quidem
574 1571 725 1636 bonorum
747 1589 831 1651 eum,
859 1591 952 1654 quem
979 1590 1034 1637 vos
1062 1569 1171 1650 facitis,

93 1673 263 1755 quidquam
284 1679 390 1753 potest
410 1673 572 1752 accedere,
607 1672 752 1754 quoniam
779 1673 1062 1755 perspicuumst,
1096 1673 1171 1738 vitia

164 1849 184 1891 l.
203 1845 377 1893 contrariorum
395 1857 482 1894 omnes
518 1847 541 1891 2.
560 1841 619 1892 rrr'bil
632 1843 772 1908 possuntE
813 1844 872 1894 oritis
890 1843 987 1908 puidE
1033 1849 1056 1895 b.
1076 1843 1128 1892 alia
1146 1845 1169 1892 in

93 1911 148 1962 eiir'r
166 1926 260 1971 onmes,
280 1911 323 1963 Or.
387 1915 408 1963 t.
432 1911 491 1962 desc
508 1927 570 1976 pace
588 1911 636 1960 iam
654 1912 676 1960 Ε
693 1911 753 1962 boec
770 1929 874 1978 pannem
893 1913 913 1962 L
935 1913 994 1962 boec
1012 1911 1169 1978 ᾳιιαιιιαηιῦ

91 1985 215 2115 {metm
223 1980 318 2116 {grid
337 1997 394 2030 aaut
413 1979 501 2030 ELPR
539 1985 577 2029 tr,
595 1997 646 2030 corre
664 1990 759 2046 transp.
778 1991 837 2031 ante
855 1979 987 2046 pardemC
1036 1986 1074 2030 it.
1095 1980 1169 2047 [iutra

88 2205 249 2265 mnarum
262 2215 405 2264 annotant
426 2217 540 2263 tautum
563 2225 601 2264 ex
623 2202 690 2283 ξψ.)
713 2201 805 2286 [utto
810 2217 926 2282 possunt
941 2225 996 2282 pro
1008 2208 1075 2264 nibil
1080 2216 1169 2282 potest

88 2293 180 2351 etiarn
197 2293 232 2358 Β,
256 2291 373 2367 quode
396 2291 546 2367 superiore
574 2291 639 2350 loco
666 2303 768 2349 natum
790 2289 859 2370 est]
902 2291 998 2350 Paulo
1020 2303 1087 2368 post
1109 2303 1168 2348 tarr·

87 2381 150 2438 dem
172 2397 191 2435 a
213 2379 282 2435 Bas.
303 2377 416 2436 aberat.

176 2466 242 2522 sr'tia
264 2465 320 2521 aba
341 2467 369 2521 r'o
391 2464 453 2520 aliis
474 2482 531 2520 csse
553 2457 670 2542 oratoru)
694 2461 727 2520 si
749 2461 792 2520 sic
804 2461 908 2521 Cicero
926 2461 1086 2538 scripserit,
1109 2481 1168 2520 non

86 2549 252 2609 attendisse
274 2568 341 2606 eum
363 2549 401 2606 ad
423 2567 485 2606 rem
507 2547 699 2624 propositam,
723 2547 952 2624 Wesenbergius
975 2547 1058 2604 vidit.
1086 2547 1169 2606 Haec

87 2637 168 2695 enim
191 2635 284 2692 verba
305 2635 348 2692 sic
361 2634 500 2692 vitiorum
512 2644 542 2690 et
553 2633 704 2690 bominum
717 2633 965 2710 comparationem
978 2633 1168 2710 coniungunt,

86 2735 120 2780 ut
144 2721 222 2778 alius
245 2720 328 2778 verbi
350 2737 439 2778 causa
461 2718 632 2776 ebriositate
656 2719 749 2795 magis
771 2717 917 2776 excellere
940 2718 1069 2789 dicatur,
1091 2717 1168 2776 alius

87 2805 291 2884 impudicitia,
325 2805 401 2862 nlius
424 2804 606 2862 crudelitate.
650 2805 694 2862 At
716 2823 774 2861 non
804 2805 835 2862 id
856 2803 968 2882 agitur,
997 2805 1063 2875 sed,
1092 2803 1168 2862 sitne

86 2893 211 2953 omnino
239 2891 320 2950 aliud
347 2890 451 2948 vitium
479 2890 539 2948 o'lio
573 2887 652 2968 (sive
680 2889 811 2948 eiusdem
839 2890 901 2948 sire
931 2889 1007 2947 alius
1034 2886 1167 2968 generis)

87 2979 184 3038 maius
213 2988 243 3035 et
271 2977 347 3034 sitne
375 2976 404 3033 in
432 2975 499 3034 aliis
522 2975 629 3046 maior,
664 2975 694 3032 in
716 2975 784 3032 aliis
806 2975 902 3032 minor
929 2975 1075 3033 vitiositas
1103 2975 1165 3032 uni·

86 3082 192 3123 versae
215 3073 348 3120 naturae.
381 3063 486 3136 Itaque
508 3079 578 3118 mox
602 3061 671 3138 (68)
693 3071 773 3118 recte
792 3059 864 3117 dicit
879 3063 943 3118 cotio
964 3062 1020 3118 atta
1037 3062 1167 3118 abisam·

85 3155 161 3222 iero,
196 3149 345 3223 quomodo
367 3165 460 3224 poene
483 3146 614 3204 adducor
646 3156 678 3202 ut
706 3145 753 3202 hic
781 3165 897 3220 quoque
926 3164 993 3204 eum
1015 3145 1168 3221 scripsisse

84 3247 199 3313 putem.
234 3232 300 3311 [Sic
323 3251 400 3291 nunc
422 3251 489 3290 curn
506 3232 627 3290 Baitero
651 3231 744 3300 edidi;
767 3231 799 3288 in
821 3231 899 3290 idem
921 3231 980 3289 iam
1003 3230 1166 3288 Lambinus

85 3317 259 3397 inciderat]

176 3406 226 3464 68.
249 3406 347 3479 ltaque
368 3405 460 3461 eodem
483 3403 598 3477 ratione)
622 3401 785 3479 Significat,
818 3420 893 3476 quae
916 3406 931 3474 ξ
956 3403 996 3460 54
1013 3413 1044 3460 et
1062 3403 1101 3459 55
1125 3401 1167 3458 le·

85 3501 206 3570 grmtur.
240 3491 276 3549 In
299 3489 400 3547 codice
411 3489 572 3565 archetypo
584 3497 661 3546 erat:
684 3491 775 3562 r'toqoe
786 3506 851 3545 usus
862 3488 955 3546 eodan
978 3487 1027 3568 (ut
1038 3487 1068 3544 in
1080 3487 1166 3559 Pam,

86 3575 197 3648 moad,
214 3571 312 3651 Εξχψ,
337 3574 406 3634 Gaii
415 3574 582 3650 „plerisque
595 3574 762 3644 omnibus“‚
775 3571 861 3651 [B]),
884 3591 922 3630 ex
933 3591 992 3648 quo
1004 3571 1168 3632 Cratander

85 3663 238 3722 actalius
261 3661 327 3736 quis
349 3658 448 3718 effecit
469 3662 519 3731 uei,
547 3660 788 3734 retinueruntque
811 3658 953 3717 nonnulli.
987 3659 1055 3717 Non
1074 3657 1166 3718 Stoici

85 3750 140 3808 hac
163 3745 313 3806 sententia
334 3745 417 3804 usuri
439 3757 532 3816 eraut,
555 3745 607 3802 sed
629 3744 734 3804 Cicero
757 3755 860 3803 contra
881 3763 941 3802 eos.
984 3743 1126 3802 Davisius
1138 3753 1168 3801 et

87 3833 182 3894 Gaius
205 3851 223 3890 e
244 3833 328 3890 Parr.
353 3833 370 3889 2
394 3841 425 3888 et
447 3831 480 3888 3:
503 3851 598 3906 'usqae
620 3831 727 3900 eadere,
751 3843 784 3888 ut
806 3831 845 3888 sit
866 3849 985 3906 semper,
1019 3829 1166 3905 quomodo

87 3939 144 3978 non
168 3919 258 3978 modo
280 3917 395 3988 Cicero,
419 3917 471 3974 sed
493 3935 530 3973 ne
542 3927 657 3974 veteres
669 3915 788 3992 quidem
798 3922 905 3992 poetae
917 3915 1064 3986 dixerunt,
1087 3915 1166 3990 apud

87 4025 160 4080 quos
195 4023 281 4080 usquc
314 4003 461 4080 significat
495 4002 665 4060 continuam
696 4019 751 4059 nee
782 4002 977 4077 interruptam
1011 4000 1165 4058 actionem.

88 4090 275 4150 Vocabulum
298 4107 397 4146 errore
408 4087 523 4146 librarii
534 4107 550 4144 e
562 4088 699 4163 proxima
715 4087 783 4144 sede
799 4087 830 4144 in
842 4086 920 4144 hunc
933 4085 1030 4144 locum
1041 4086 1166 4143 transla-

88 4185 148 4236 tum
160 4195 237 4246 esse,
250 4175 373 4246 viderat,
392 4173 506 4250 opinor,
524 4173 574 4249 qui
586 4174 631 4231 ed.
644 4174 769 4249 primam
781 4173 905 4244 curarit,
929 4171 1080 4248 secutique
1097 4184 1166 4229 sunt

88 4261 177 4334 Man„
201 4262 263 4334 alii,
286 4270 319 4318 ut
330 4260 448 4318 lusurus
459 4259 507 4330 sit,
530 4259 581 4335 qui
604 4257 747 4316 effecerit:
770 4260 867 4334 Itaque
888 4259 1087 4316 rorsosrodem
1109 4269 1164 4314 cet.

89 4344 140 4424 [Et
151 4348 281 4406 debebat
297 4365 361 4405 esse
372 4349 476 4404 iterum.
503 4345 544 4402 Et
555 4357 653 4402 tamen
665 4343 822 4402 exornavit
833 4345 888 4402 boc
898 4343 1105 4403 Lachmannus
1127 4343 1166 4400 ad
