2948 5024
326 369 354 413 nn
370 367 442 414 unu.
460 369 522 414 uus.
541 369 562 415 v
585 368 656 415 cur.
678 373 718 416 su.
985 354 1047 417 723

109 539 139 601 nio
155 555 310 618 consensusque
324 536 460 614 uirtutum,
494 537 556 603 tale
578 543 626 602 est
647 536 723 602 illud
744 537 846 619 ipsum
868 539 1047 620 honestum

103 641 190 721 quondo
205 640 290 720 quiden
305 640 432 704 nonaum
454 645 509 703 aut
535 640 604 722 ipsa
617 639 726 708 uirtus,
739 647 788 704 est
808 650 864 705 aut
885 660 937 707 res
959 649 1047 723 gesta

98 743 188 818 sinoce
204 741 282 822 quibus
298 741 362 806 rebus
379 741 441 806 nita
462 743 658 808 consentiens
675 742 904 825 virtutibusque
915 763 1046 825 respon-

91 847 149 909 dens
167 851 228 908 rectu
251 851 274 908 et
293 843 388 908 honesta
414 851 446 908 et
472 851 619 910 constans
647 853 680 910 et
706 851 839 910 nannae
873 864 1045 928 congruens

85 946 210 1011 cristinan'
226 953 307 1028 potest
343 947 380 1010 uu.
407 947 510 1027 Atque
539 946 616 1012 haee
643 947 818 1012 coniunctio
846 945 1084 1030 confusioqued

82 1049 192 1112 uirtutunn
214 1055 289 1112 tanen
309 1047 516 1129 aphiiosophis
539 1049 658 1114 ratione
681 1050 816 1131 quadam
838 1049 1045 1132 distinguitur.

82 1153 136 1214 tan
153 1169 204 1215 uunn
220 1150 254 1215 ita
270 1149 397 1230 copulatae
409 1169 626 1232 connexaeque
638 1151 708 1230 sint
730 1159 766 1216 ut
787 1170 893 1217 omnes
910 1152 1047 1216 omnium

82 1253 198 1333 urticipcs
216 1251 264 1317 sint
279 1269 323 1316 uec
339 1252 389 1316 dia
410 1251 449 1316 ab
471 1251 532 1316 alia
553 1252 653 1334 possit
675 1254 824 1334 separari,
846 1260 949 1318 amen
971 1273 1045 1335 pro·

81 1355 143 1418 un'uun
161 1373 231 1418 suurn
249 1354 365 1436 cuiusque
382 1373 494 1418 munus
515 1360 578 1434 est,
606 1361 640 1418 ut
661 1353 811 1420 fortitudo
833 1355 865 1419 in
887 1354 1046 1422 laboribus

82 1456 221 1538 unicuiisquc
238 1463 364 1534 cernatur,
393 1456 599 1538 temperantia
626 1457 657 1521 in
685 1457 968 1539 praetermittendis
990 1461 1105 1524 uo-10

81 1559 196 1636 uestibus,
214 1558 350 1638 prudentie
370 1558 400 1622 in
423 1558 543 1623 delectu
564 1559 716 1624 bonorum
742 1565 774 1623 et
800 1560 964 1640 malorum,
997 1561 1045 1624 iu·

81 1661 114 1724 tia
132 1661 158 1724 in
178 1679 226 1724 suo
244 1660 335 1740 cuque
354 1660 522 1725 tribuendo.
546 1661 677 1738 Quando
698 1661 794 1743 igitur
815 1662 897 1727 inest
913 1663 945 1727 in
963 1663 1046 1727 omni

81 1771 134 1826 tute
154 1781 216 1826 cuna
234 1763 363 1842 undaro
382 1762 471 1844 quasi
489 1762 573 1827 foras
585 1770 730 1844 spectans
741 1763 879 1845 aliosque
890 1773 1042 1845 appetens

81 1885 111 1928 ue
130 1863 315 1944 conplectens
335 1864 432 1928 existit
452 1864 538 1944 illud,
560 1865 710 1944 utamini,
733 1874 767 1929 ut
778 1864 901 1944 fratres,
923 1875 959 1930 ut
969 1885 1044 1947 pro-

81 1967 124 2048 μή,
147 1964 289 2046 utaifines
309 1974 339 2030 ut
350 1966 437 2044 ciues,
460 1977 494 2031 ut
507 1985 613 2032 omues
624 1968 757 2049 denique
774 1968 933 2049 (quoniam
950 1987 1045 2033 unam
1062 1970 1103 2036 15

81 2077 174 2133 ctatenn
194 2068 334 2132 hommum
354 2070 588 2152 essevolumus)
609 2079 740 2151 propter
751 2088 785 2135 se
795 2070 961 2151 expetendi
972 2071 1043 2136 sint

81 2172 94 2234 i
110 2189 208 2234 eorum
229 2169 296 2234 unuin
316 2177 360 2236 est
380 2171 446 2236 eius
467 2171 604 2252 generis,
627 2180 663 2235 ut
679 2173 721 2236 sit
737 2172 767 2236 in
789 2170 851 2237 fine
873 2179 968 2254 atque
990 2191 1043 2238 ex-

81 2423 302 2492 iquaadoqan'dssh]
339 2430 362 2474 3.
382 2425 404 2474 in
422 2427 490 2474 rebus
508 2423 643 2476 LPCROr.
680 2429 702 2476 ⁷.
712 2437 940 2492 connumerassent
954 2426 1044 2478 LPCR

82 2495 147 2559 *copes
160 2503 214 2543 sant
230 2511 270 2544 acc
288 2495 318 2543 ab
335 2493 386 2543 alia
396 2492 478 2543 alu‘aL
510 2499 534 2548 9.
547 2493 631 2562 [minus
641 2493 691 2562 En]
733 2500 770 2548 13.
772 2495 870 2560 soru'sE
899 2501 937 2545 ts.
948 2496 1043 2560 qnando

81 2567 106 2610 tr.
166 2579 236 2611 unam
255 2563 343 2613 onnL
417 2568 452 2612 ns,
472 2561 577 2613 volumus
596 2581 646 2614 esse
663 2563 820 2614 dorninnmR
888 2565 936 2614 siat
953 2565 1043 2616 oenc

81 2649 109 2681 ue
127 2630 263 2682 LPCROr.
323 2632 346 2680 in
365 2640 466 2681 extremo
486 2633 527 2681 LR

81 2877 138 2931 'boue
162 2875 244 2931 rcbocs
267 2877 325 2931 vita
348 2871 527 2948 coonsenticne)
567 2873 691 2933 Secutus
720 2893 784 2932 sum
812 2875 890 2946 Eru,
925 2875 1042 2950 dequo

81 2970 160 3031 seeo,
187 2977 257 3016 cum
283 2959 351 3035 ipse
378 2963 425 3030 „io
447 2959 572 3015 deletam
595 2960 727 3031 mallet“,
756 2970 788 3016 ut
810 2961 846 3017 de
864 2959 942 3036 Spir.
966 2971 1042 3018 cete-

82 3047 162 3102 'bere
187 3045 345 3120 suspicari
370 3045 473 3113 liceat;
496 3041 567 3124 [orn.
586 3045 673 3102 etiam
697 3041 745 3125 Β].
788 3047 848 3103 Res
871 3055 970 3104 autem
993 3045 1042 3105 Ci-

81 3142 168 3202 teas,
197 3149 281 3206 quae
295 3131 414 3187 virtute
426 3139 575 3206 gerantur,
597 3130 720 3205 adquae
743 3131 874 3207 singulas
897 3131 1002 3188 transit
1024 3151 1042 3187 a

82 3215 138 3294 frei
163 3216 305 3274 alicuius
332 3215 474 3294 hooueetae)
502 3217 795 3288 commemoratione,
823 3216 916 3274 multo
945 3216 1041 3274 minus

82 3303 183 3358 oniam
205 3301 344 3359 additur
369 3321 478 3359 nornen
502 3299 619 3380 (rebus),
643 3321 731 3377 quam
754 3302 783 3358 in
807 3303 929 3374 eoloco,
953 3319 1040 3376 quern

98 3389 140 3444 de
169 3389 276 3464 Legg.
303 3387 439 3462 ascripsi
463 3387 499 3443 ad
522 3387 563 3454 Π,
579 3389 627 3445 61.
672 3388 728 3446 His
751 3388 882 3446 honestis
894 3387 1042 3446 consentit

83 3493 135 3530 nus
163 3473 357 3549 respondet
383 3473 446 3529 vita
468 3473 600 3530 honesta.

82 3579 293 3633 onneaeaequcc
320 3555 401 3637 sn'nc)
426 3558 475 3616 Sic
497 3568 576 3615 recte
599 3557 690 3629 Crat,
714 3559 802 3629 vict,
825 3559 912 3628 Dav„
936 3557 1040 3630 Gaius,

82 3653 114 3700 st
143 3643 255 3701 etiam
286 3643 383 3720 Spir.
408 3639 477 3722 [B];
500 3643 590 3700 ceteri
612 3655 683 3701 eunt,
717 3645 812 3702 Paulo
835 3654 943 3720 postest
959 3641 1042 3722 (post

93 3731 248 3786 raberius
277 3749 357 3786 rem
386 3729 555 3786 declarandi
577 3730 637 3786 vim
661 3731 759 3801 habet,
781 3729 1040 3788 utfinstraDavi-

82 3837 98 3868 o·
126 3815 245 3872 scribi
276 3815 439 3872 voluerit.

81 3923 95 3956 n
125 3905 238 3975 o'qotaor
267 3898 376 3979 street)
412 3899 490 3959 Gud.
513 3903 525 3956 l
551 3911 651 3975 quanto
673 3911 726 3970 cet,
755 3919 811 3956 orn.
834 3903 929 3973 opiter,
957 3900 1038 3957 Mon.

83 4007 122 4042 or·
152 3997 218 4057 est,
253 3981 313 4055 Εξ
343 3990 479 4061 quoniam
501 3996 540 4042 est
562 3990 652 4060 coice-r,
676 3987 743 4043 Bas.
767 3987 1040 4060 quonnodocetu'pitur

81 4083 107 4127 ct
137 4074 265 4129 etiam
299 4069 403 4129 Gud.
424 4073 456 4140 2,
485 4071 636 4144 Vindob.).
681 4072 728 4128 Ex
756 4072 857 4146 paucis
885 4071 1039 4129 deterioris

82 4159 217 4215 ivibus
250 4161 417 4232 quoniam
439 4176 582 4232 reponere
604 4157 702 4226 nolui3
725 4157 784 4214 vid.
808 4157 844 4214 ad
858 4159 914 4226 213
937 4167 1040 4214 contra

83 4244 161 4300 'Er-l.
196 4241 261 4321 [et
279 4241 340 4320 B]
381 4243 475 4318 parui.

95 4351 180 4385 roem
217 4331 315 4385 nc'hc'l
347 4340 398 4384 est
419 4333 474 4384 co'ccs
495 4331 598 4402 pencris
621 4325 691 4408 cet.)
714 4328 817 4387 Omnis
830 4329 877 4385 hic
894 4329 1039 4386 locusve·

782 4444 833 4498 46*
