3018 5052
332 377 396 444 462
426 395 434 406 “
724 395 769 442 ne
791 393 921 442 marsus
944 395 1015 442 aon.

332 566 518 631 detumentn
544 565 639 646 (quae
665 553 849 640 ὠφελήματα
877 569 909 627 et
935 550 1099 640 βλαμματα
1128 563 1300 646 appellant)
1322 583 1395 630 0011]-
1486 653 1487 662 ρ

333 793 371 850 ad
386 770 494 848 'omnes
512 790 606 848 bonos
615 795 770 864 propagat,
793 784 970 864 prodestque
979 785 1060 858 mihi,
1083 785 1108 844 si
1124 787 1219 846 bouus
1231 807 1304 862 sum,
1327 791 1397 867 quod
1482 816 1489 828 ·

333 879 428 936 bouus
450 875 557 950 aliquis
579 871 750 950 longissime
772 891 790 930 a
811 891 858 930 me
880 881 1010 930 remotus
1031 882 1110 929 recte
1132 871 1212 930 lecit
1245 876 1311 933 Hoc
1321 895 1398 953 aper

334 964 447 1023 tissime
470 961 541 1018 dicit
562 957 792 1030 Plutarchus,
783 975 879 1034 ipsum
908 957 1056 1015 decretum
1076 957 1193 1052 ridens,
1226 961 1293 1018 adv.
1315 961 1395 1021 Stoia

336 1051 416 1143 λῖρ.
437 1047 517 1105 1068
529 1047 565 1120 F,
587 1064 669 1144 quo
667 1044 733 1102 loeo
755 1043 898 1102 Morelius
914 1061 985 1100 usus
997 1051 1054 1100 est
1076 1027 1187 1099 Aa
1157 1062 1198 1112 ιις
1217 1037 1315 1141 σοφὸς
1335 1037 1397 1144 deq·

334 1119 444 1210 δήποτε
470 1124 609 1228 ιιροτεένρ
637 1121 689 1189 τὸν
718 1113 865 1186 damulus
892 1120 1059 1202 φρονίμως,
1094 1119 1123 1183 οἱ
1150 1119 1228 1186 κατὰ
1249 1121 1398 1226 ιὴνοέκου

333 1213 423 1296 μένην
445 1233 535 1290 σοφοι
557 1233 666 1282 παντες
687 1205 880 1310 ὠφελοῦνται,
903 1221 934 1270 et
954 1212 1042 1289 paulo
1061 1221 1133 1318 post
1153 1203 1216 1288 τὴν
1227 1205 1399 1312 θαυμαστὴν

334 1311 543 1363 commemorat
558 1285 750 1396 adpulerat,
734 1316 778 1395 ην
788 1288 817 1354 οἱ
835 1312 926 1391 ceper
947 1293 1123 1395 κινουμένων
1144 1289 1207 1354 κατ’
1231 1291 1335 1392 ἀριπῇν
1355 1290 1399 1353 ἅλ-

334 1387 368 1466 λ
360 1379 428 1447 λων
450 1376 642 1460 ὠφελοῦνται,
665 1371 720 1442 κᾶν
742 1372 781 1458 μὴ
804 1379 912 1439 συνῶσι
933 1367 1398 1460 μηδὲμνιέσκοντιςιυγχοίνωσιν.

333 1476 417 1534 Idem
439 1469 630 1568 significate.
656 1469 695 1527 33
718 1488 746 1545 p.
773 1467 852 1525 1076
875 1469 915 1539 Α,
938 1466 989 1525 ubi
1012 1467 1092 1538 dicit,
1116 1465 1283 1528 Stoicorum
1294 1467 1400 1526 ratione

335 1551 425 1657 ρ’ριτῇ
451 1572 484 1613 τι
474 1545 608 1652 erip
591 1546 738 1649 ὑπερέχειν
764 1543 817 1610 τὸν
847 1548 909 1612 Δία
935 1549 989 1608 τοῦ
1011 1545 1140 1624 Δίωνος,
1169 1541 1354 1650 ὠφελεῖσθαί
1371 1569 1399 1608 ιι

335 1634 445 1740 ὁμοίως
466 1631 506 1697 ὖπ
535 1627 667 1714 αλλήλων
696 1627 748 1696 τὸν
775 1629 836 1693 Δία
862 1627 911 1695 καὶ
939 1626 991 1694 τὸν
1018 1629 1134 1709 Δίωνα,
1168 1627 1286 1734 σοροές
1310 1625 1400 1704 ὄντας,

334 1715 408 1784 ὅταν
434 1717 534 1820 ἕτερος
556 1717 690 1820 θατέρου
705 1705 859 1820 τυμροῖνρ
861 1715 1062 1816 κινουμένου·
1065 1718 1155 1820 τοῦιμ
1183 1740 1241 1798 γαρ
1270 1737 1400 1818 aerque

334 1800 384 1868 nal
395 1797 487 1904 παρὰ
512 1804 591 1864 θεῶν
614 1797 732 1882 ἀγαθὸν
746 1796 928 1903 aadpoiposc
949 1793 1071 1904 ὑπάρχει
1093 1797 1142 1863 καλ
1164 1807 1251 1871 θεοῖς
1267 1797 1334 1884 παρ’
1356 1797 1400 1862 ἀν

334 1879 481 1992 θριέιιων
516 1907 618 1966 σοφωυ
649 1876 819 1966 γινομένων
849 1877 922 1947 ἄλλο
951 1880 983 1946 δέ
1010 1879 1054 1948 οὗ.
1104 1891 1194 1949 Paria
1222 1901 1321 1950 autem
1343 1910 1401 1949 esse

334 1963 527 2075 ὦφιληματα,
551 1977 683 2051 sequitur
705 1977 886 2048 necessario,
919 1976 1057 2052 quoniam
1081 1988 1161 2034 reete
1176 1976 1256 2035 facta
1277 1968 1401 2055 (clm

335 2051 537 2161 ορθοέματα),
565 2080 641 2137 quae
668 2061 757 2119 illa
747 2079 813 2138 lpse
835 2071 919 2135 sunt,
952 2062 1037 2140 paria
1059 2079 1123 2119 esse
1145 2063 1282 2120 vidimus.
1324 2061 1402 2136 Quas

335 2147 373 2205 sit
395 2147 425 2204 in
447 2148 503 2205 hoc
526 2148 643 2206 decreto
664 2145 793 2247 fallacia,
816 2146 1003 2206 manifestum
1015 2155 1074 2218 sst3
1096 2166 1164 2206 uam
1176 2167 1243 2206 eum
1261 2149 1332 2205 mihi
1344 2163 1403 2204 mea

335 2233 428 2290 virtus
450 2233 554 2308 prosit,
577 2233 704 2308 quod'
678 2253 741 2291 erus
763 2233 910 2310 particeps
933 2251 1077 2292 summurn
1101 2233 1211 2292 bouum
1234 2243 1336 2302 teneo,
1358 2250 1401 2290 ce·

335 2318 401 2390 teri,
424 2318 475 2392 qui
496 2329 575 2377 recte
598 2327 698 2396 agunt,
721 2339 815 2376 meam
839 2320 956 2378 virtutis
979 2329 1009 2377 et
1031 2318 1101 2375 boui
1122 2319 1403 2395 possessiouemnon

336 2403 486 2461 adiuvant
532 2404 646 2462 Deinde
673 2402 721 2482 (ut
753 2423 814 2461 rem
848 2405 885 2461 ab
919 2406 1056 2464 omnibus
1082 2405 1216 2462 relictam
1249 2421 1405 2481 persequar

335 2487 464 2568 plenius)
487 2499 619 2567 apparet,
642 2490 761 2566 proprie
784 2487 950 2550 Stoicorum
972 2490 1086 2549 ratione
1109 2491 1255 2548 neminem
1277 2490 1329 2548 uni
1351 2489 1404 2546 siu·

335 2574 458 2651 gulatim
482 2575 622 2651 prodesse
644 2575 702 2632 nisi
724 2576 791 2647 sibi,
814 2576 919 2633 ceteris
941 2586 1040 2634 autern
1063 2577 1264 2648 communiter,
1288 2573 1403 2633 nonalii

336 2661 439 2736 magis,
462 2661 513 2718 alii
536 2661 640 2718 minus.
684 2661 724 2720 Et
750 2669 848 2718 tamen
875 2680 934 2718 nou
962 2681 1030 2721 raro
1053 2659 1147 2720 Stoici
1169 2661 1404 2720 consuetudinem

335 2746 491 2804 verborum
515 2755 545 2804 et
567 2765 735 2804 communes
752 2746 887 2804 notiones
910 2757 1066 2822 sequentes
1089 2745 1132 2804 sic
1142 2746 1313 2821 loquuntur,
1336 2757 1405 2803 tanr-

335 2847 422 2905 quam
445 2849 521 2890 uuus
543 2831 629 2890 alteri
650 2832 766 2890 actione
788 2832 889 2906 aliqua
910 2833 973 2890 eius
1003 2850 1093 2890 causa
1120 2841 1256 2908 suscepte
1278 2849 1404 2890 seorsum

335 2916 438 2993 prosit,
461 2918 543 2975 velut
564 2919 803 2994 cumdispntant7
826 2918 877 2992 qui
888 2917 975 2976 elteri
986 2925 1100 2988 noceat,
1124 2917 1299 2976 sibinoeere
1312 2915 1404 2995 (Stob.

334 3001 397 3060 Ecl.
419 3002 488 3060 Eth.
510 3023 539 3080 p.
566 3005 805 3076 184,188,υο4,
827 3003 907 3061 Plut
930 3004 966 3062 de
978 3003 1069 3064 Stoic.
1081 3021 1143 3079 rep.
1166 3005 1201 3061 16
1220 3024 1249 3079 p.
1266 3000 1403 3080 10410).

335 3087 395 3148 Sed
417 3107 594 3165 quamquam
616 3107 675 3146 uon
697 3088 792 3147 solum
820 3090 982 3164 sapientes,
1016 3089 1067 3148 sed
1095 3107 1196 3146 omues
1223 3089 1406 3146 eontinentur

334 3173 387 3231 ille
408 3174 509 3231 mundi
532 3174 686 3246 societate,
720 3183 833 3246 tamen,
867 3175 1006 3249 quoniam
1037 3173 1130 3234 Stoici
1157 3191 1195 3230 ex
1225 3175 1304 3232 omni
1328 3181 1406 3250 parte

335 3259 497 3336 sapientem
520 3261 557 3317 ab
579 3259 737 3337 insipiente
760 3278 897 3336 separare
920 3260 1039 3317 student
1065 3267 1094 3317 et
1115 3255 1169 3335 τῆς
1190 3250 1338 3333 ὠφελείας
1359 3278 1406 3316 no·

335 3343 444 3402 tionem
467 3363 532 3402 cum
556 3345 664 3404 virtute
686 3346 876 3422 coniungunt,
899 3355 1009 3421 negant
1030 3365 1067 3402 ex
1090 3345 1214 3402 aliorum
1231 3355 1312 3402 recte
1325 3344 1406 3402 factis

335 3430 428 3488 ullum
451 3431 679 3489 emolumentum
702 3430 938 3507 adiusipieutem
961 3439 992 3488 et
1013 3431 1122 3489 melum
1134 3430 1300 3505 pervenire,
1324 3449 1407 3522 quem

334 3533 494 3612 numquam
512 3517 631 3574 omnino
653 3507 837 3590 ὠφελεῖσθαι
864 3516 971 3574 docent
992 3505 1119 3594 (μηδένα
1147 3506 1179 3572 δὲ
1201 3511 1320 3589 φαῦλον
1338 3499 1406 3590 μήτε

335 3590 518 3673 ωφιλιῖσθαι
539 3589 613 3677 μήτε
635 3591 765 3674 ὠφελεῖν
790 3599 872 3660 Stob.
896 3621 923 3678 p.
951 3599 1033 3680 188).
1079 3600 1190 3661 Contra
1216 3599 1294 3656 inter
1318 3600 1406 3657 malos

335 3685 457 3742 eandem
479 3687 556 3744 mele
577 3685 723 3745 factorum
746 3687 918 3744 societatem
940 3687 1194 3757 essestetuebant„
1217 3683 1407 3762 nccsapienti

334 3789 388 3829 sua
409 3770 518 3829 virtute
540 3789 656 3850 semper
677 3771 764 3828 beato
791 3773 950 3847 quidquam
979 3791 1015 3830 ea
1041 3773 1154 3830 obesse.
1196 3770 1409 3829 Admiscebaut

334 3857 412 3914 enim
440 3875 571 3915 summae
597 3859 641 3916 illi
669 3867 700 3915 et
725 3856 838 3934 primae
865 3859 973 3916 rationi
1001 3858 1060 3915 alia
1087 3865 1199 3914 tantum
1222 3856 1260 3915 ad
1282 3857 1407 3932 speciem

334 3960 400 4000 curn
421 3942 476 4000 illa
497 3961 640 4016 connexa,
658 3961 723 4002 cum
736 3943 919 4018 populariter
930 3943 1123 4014 disserebant
1144 3961 1245 4000 omnes
1262 3942 1408 4017 sapientes

334 4028 412 4085 inter
423 4046 455 4085 se
472 4029 660 4124 benerone,
672 4028 786 4087 malos'
777 4037 855 4086 rnter
866 4049 897 4087 se
908 4029 1050 4088 dissidere
1073 4037 1104 4086 et
1124 4027 1192 4086 odio
1214 4027 1408 4085 inflammatos

335 4132 399 4171 esse
427 4104 512 4186 (τους
537 4103 569 4172 δέ
596 4101 732 4187 φαύλους
759 4110 983 4211 decemminas
1009 4104 1085 4187 πρὸς
1111 4097 1257 4187 ἀλλήλους
1280 4101 1409 4187 ἒχθροις

336 4191 411 4254 ιιναι
433 4216 481 4253 και
503 4216 748 4274 κακοποιητικους
771 4184 903 4271 ἀλλήλων
925 4217 973 4255 και
966 4188 1157 4269 polepticos,
1181 4195 1264 4256 Stob
1276 4217 1305 4272 p
1328 4195 1408 4271 184)

335 4278 435 4361 [Hauc
458 4284 634 4360 sapientium
657 4291 686 4340 et
707 4283 908 4358 insipientium
931 4283 961 4339 in
985 4283 1040 4339 hac
1062 4282 1268 4340 communione
1291 4301 1409 4358 separa-

335 4367 444 4424 tionem
468 4369 573 4428 Cicero
584 4388 643 4426 nou
655 4363 797 4447 attrngrt]
825 4370 926 4442 Atque
949 4388 987 4426 ex
1009 4369 1065 4424 hac
1088 4367 1409 4444 sententiadesapieu·
