3000 5044
414 443 459 489 nr
482 440 562 488 uin.
585 441 647 488 nm.
670 441 705 489 iv
728 439 800 488 cnr.
818 444 856 489 ro.
1104 423 1168 490 547

96 631 214 676 sumus,
258 611 411 675 Neutrum
433 629 524 688 vero,
557 610 657 692 inquit
683 610 742 676 ille.
794 611 874 675 Nem
901 617 934 676 et
960 631 980 676 u
1007 615 1038 676 te
1065 610 1171 692 perfici

93 716 189 780 istam
216 713 456 795 disputationem
482 713 553 778 volo
582 731 638 777 nee
665 719 720 776 tue
741 714 815 779 mihi
838 714 936 778 oratio
958 715 1051 796 longa
1072 714 1172 778 videri

93 823 210 899 potest
255 816 392 897 Optime,
414 815 550 897 inquam.
595 817 677 894 Quid
699 817 781 881 enim
803 817 876 881 mihi
897 823 1001 897 potest
1022 835 1092 882 esse
1114 835 1170 898 op-

93 921 192 984 tatius
215 937 309 1001 quom
326 937 395 983 oum
407 918 532 996 Catone,
556 920 690 984 omnium
712 919 860 984 virtutum
883 925 1023 999 auctore,
1046 920 1085 984 de
1107 919 1170 984 nir·

92 1023 216 1088 tutihus
238 1021 422 1102 disputare?
464 1023 515 1086 45.
540 1021 600 1086 Sed
611 1023 745 1103 primum
767 1021 843 1087 illud
854 1022 933 1101 vide,
956 1021 1172 1102 gravissimam
1193 1024 1214 1090 5

91 1125 180 1190 illam
202 1130 338 1189 vestram
366 1125 566 1203 sententiam,
600 1143 680 1206 quse
707 1123 855 1189 familiam
882 1124 974 1202 ducit„
1008 1125 1171 1189 honestum
1254 1203 1260 1214 ῃ

92 1228 181 1310 quod
204 1227 258 1306 sit,
280 1226 312 1290 id
334 1216 404 1290 esse
426 1226 524 1290 solum
547 1227 661 1291 honum
682 1227 873 1310 honesteque
894 1227 998 1292 vivere
1020 1227 1172 1291 honorum

91 1329 198 1408 finem,
221 1345 412 1394 communem
433 1327 501 1393 fore
523 1329 609 1394 vobis
632 1347 700 1394 oum
723 1330 873 1408 omnibus,
896 1329 949 1411 qui
970 1329 1001 1392 in
1023 1348 1087 1393 una
1108 1330 1170 1394 vir·
1248 1363 1252 1372 ·

91 1438 163 1497 tute
185 1429 376 1496 constituunt
397 1429 488 1495 finem
511 1431 675 1510 bonorum;
708 1433 854 1514 quodque
875 1431 990 1510 didus,
1012 1429 1172 1496 informari

90 1553 158 1599 non
181 1551 275 1615 posse
297 1532 457 1610 virtutem,
485 1534 511 1598 si
533 1533 716 1615 quidquem,
750 1534 809 1599 nisi
831 1534 915 1616 quod
936 1535 1099 1598 honesturn
1122 1527 1170 1612 sit,
1191 1539 1231 1604 10

91 1640 286 1712 numeretur,
309 1634 391 1699 idem
414 1636 534 1701 dicetur
556 1636 595 1700 ab
618 1635 688 1714 illis,
711 1637 1066 1718 quosmodonominavi.
1095 1635 1171 1699 Mihi

89 1743 201 1802 autem
222 1737 351 1818 aequius
365 1737 549 1816 uidemur,
583 1739 738 1803 Zenonem
765 1756 835 1802 oum
855 1738 1022 1803 Polemone
1049 1738 1171 1820 discep-

149 1946 171 1992 1.
192 1950 214 1992 et
230 1943 322 1991 crull
358 1941 449 1990 2.in
464 1943 545 1995 tuac
580 1950 622 1993 tua
640 1943 697 1992 moi
712 1943 789 1993 oratio
807 1943 878 2009 leupo
895 1943 953 1993 mihi
968 1943 990 1992 E
1026 1947 1049 1995 d.
1069 1951 1171 1992 vestram

89 2011 206 2062 illamll
250 2015 271 2060 7.
295 2008 363 2077 [quid
380 2009 426 2078 Eh]
476 2010 570 2078 [bonum
588 2011 662 2061 solum
682 2012 727 2079 eh]
772 2013 883 2064 bonorum
900 2011 990 2064 orn.L
1045 2011 1171 2077 15555-

84 2081 158 2146 pr'arn
178 2079 221 2129 Or.
257 2079 426 2144 praedomlr
465 2085 502 2129 11.
521 2079 706 2144 modoqoorE

89 2272 241 2347 loquitur,
275 2271 547 2329 communicationis
575 2271 669 2348 figura
691 2272 793 2344 utitur,
816 2272 904 2329 etism
926 2271 977 2329 uhi
999 2289 1082 2329 susm
1105 2289 1172 2348 par·

68 2363 153 2417 'tem
177 2357 306 2414 maxime
318 2357 471 2434 significat.
490 2367 524 2415 ut
534 2359 574 2426 ΙΙ,
588 2358 627 2414 85
641 2361 761 2428 (nimium
778 2361 849 2433 loupi
863 2357 969 2433 snmus)
986 2366 1016 2414 et
1027 2358 1086 2414 ibd.
1103 2359 1170 2425 104,

89 2465 128 2502 ne.
155 2443 222 2518 quis
244 2442 299 2500 hos
320 2444 401 2500 locos
424 2443 467 2500 eis
489 2443 640 2500 adversari
651 2452 743 2520 potet.
767 2463 842 2518 quae
865 2443 902 2500 od
925 2449 939 2514 §
964 2444 1002 2500 39
1027 2443 1097 2500 dixi.
1133 2444 1172 2500 Et

89 2540 194 2588 tannen
216 2529 295 2602 quod
317 2528 422 2588 Cicero
449 2547 552 2604 reapse
581 2547 651 2586 suae
679 2529 820 2586 orationis
842 2529 1054 2605 longitudinem
1082 2529 1172 2604 signi·

88 2617 212 2684 ficeret,
237 2612 312 2672 Cato
334 2615 506 2691 respondet:
528 2633 575 2672 neo
597 2625 643 2671 tua
666 2617 731 2671 mihi
751 2617 836 2671 oratio
858 2624 913 2672 cet.
947 2615 1025 2672 Tum
1046 2614 1077 2672 in
1099 2613 1170 2681 Eri,

90 2701 184 2776 Spin,
209 2698 324 2757 Gude
348 2701 413 2757 ruiti
428 2710 496 2775 post
512 2701 590 2774 leupo
613 2700 685 2757 reici
707 2699 800 2758 Gzius
823 2701 879 2770 eit3
914 2701 945 2757 in
967 2700 1081 2758 duobus
1102 2699 1172 2756 reli·

89 2787 176 2862 quie,
200 2786 285 2842 utin
307 2785 368 2843 Erl.
392 2784 463 2864 [B]‚
497 2785 542 2844 bis
565 2804 623 2842 vox
646 2787 743 2862 posite
766 2795 837 2842 erat.

182 2871 232 2928 45.
262 2871 319 2928 Sed
341 2875 460 2948 primum
488 2873 556 2929 illud
578 2871 650 2946 vide)
684 2872 762 2929 Huic
789 2871 949 2947 respondet
975 2871 1048 2928 illud
1077 2875 1091 2941 ξ
1116 2872 1171 2928 46:
1206 2927 1212 2938 ,

89 2959 209 3016 Mitem
229 2976 291 3014 vero
307 2960 376 3014 illud
381 2959 475 3032 probo.
510 2959 582 3014 Mox
596 2955 673 3032 Spir.
691 2954 763 3038 [non
776 2953 816 3037 B]
830 2959 903 3014 ducit
907 2959 1052 3031 familiam.
1076 2957 1171 3014 Paulo

88 3052 162 3120 post
177 3061 233 3118 pro
245 3045 387 3118 informari
397 3043 460 3100 cod.
473 3043 548 3100 Mor.
560 3045 736 3116 consororum
748 3044 856 3100 rectius
868 3043 991 3099 alterum
1005 3042 1040 3099 de
1052 3042 1172 3099 notione

90 3128 309 3187 constituendo.
347 3128 463 3186 Deinde
485 3129 526 3185 in'
538 3129 638 3203 alique
659 3147 697 3186 ex
719 3129 896 3186 editionibus
907 3127 1110 3185 Lambinionis
1127 3147 1172 3184 er·

87 3233 161 3272 rore
184 3214 325 3290 seriptum
349 3225 394 3272 est
416 3216 555 3290 quidpiam
578 3223 608 3272 et
629 3233 647 3270 5
669 3213 800 3272 Gmrtero
822 3223 1031 3290 propagatum,
1055 3231 1073 3269 5
1095 3212 1171 3270 Gzio

90 3298 216 3381 (contra
226 3300 310 3358 codd.
322 3300 447 3370 Davisii.
461 3300 540 3358 Oxx.
552 3300 661 3376 ΕΠχψ,
680 3297 835 3377 suos,[B])
849 3299 1010 3357 defensum.
1029 3295 1073 3377 [N
1075 3297 1171 3356 otissi-

89 3405 175 3444 mum
198 3394 252 3457 est,
275 3385 306 3442 in
328 3386 495 3443 huiusmodi
519 3385 689 3444 condicione
711 3385 856 3462 generali,
890 3385 921 3442 in
949 3403 1008 3460 qua
1035 3384 1107 3442 sotis
1134 3383 1173 3440 sit

89 3471 215 3530 omnino
238 3472 286 3528 vel
309 3471 344 3528 de
367 3491 426 3529 uno
449 3469 589 3528 offirmari
614 3471 701 3547 (wenc
724 3473 819 3545 irpeud
831 3473 954 3544 jornandq
978 3469 1084 3546 etwas),
1115 3469 1172 3526 dici

89 3563 115 3616 oi
137 3561 299 3632 quosquam
323 3557 381 3614 vid.
396 3556 449 3616 Gr.
463 3557 527 3615 Lat.
541 3561 555 3626 §
569 3557 671 3629 4941),
693 3556 781 3614 huius
805 3557 902 3632 operis
918 3557 974 3628 lv,
994 3557 1043 3628 54,
1055 3557 1094 3626 V,
1108 3554 1173 3633 77.]

90 3644 260 3700 Numeretur
281 3641 386 3701 Cicero
408 3643 527 3700 brevius
550 3642 640 3711 dixit,
672 3651 706 3698 ut
727 3652 805 3700 esset
828 3636 984 3720 ἐγκρίνεται
1006 3639 1092 3722 (wird
1112 3643 1172 3698 mit-

87 3725 238 3806 9555555),
261 3729 349 3802 quod,
372 3729 483 3802 inquo
506 3747 612 3806 genere
635 3737 848 3800 numeraretur,
870 3726 958 3785 facile
981 3727 1173 3785 exorationis

90 3814 284 3872 cohaerentia
305 3814 477 3890 apparebat.
501 3813 690 3892 (Lambinus2
713 3817 740 3870 in
763 3815 837 3871 honis
858 3813 1033 3890 numeretur.)

183 3901 255 3956 Mihi
275 3909 363 3956 autem
385 3903 497 3974 aequius
518 3901 659 3956 m'debotur
681 3898 751 3975 cet.)
774 3900 911 3957 Debebat
932 3899 1013 3957 Zeno
1035 3899 1066 3956 in
1083 3915 1173 3955 consa

91 4005 160 4044 cnm
184 3985 345 4043 Polemone
368 3985 559 4061 disceptando
586 4004 604 4042 5
631 3986 834 4043 communibus
862 3985 954 4042 initiis
981 3983 1172 4061 progrediens

90 4070 149 4150 (ite
172 4071 257 4131 utin
280 4071 337 4128 555
359 4071 480 4146 entique
497 4071 749 4138 sobolomeneret,
772 4071 912 4146 quamdin
923 4069 1038 4149 liceret)
1061 4070 1171 4141 videre,

90 4158 142 4214 ubi
166 4157 295 4233 primum
318 4157 519 4214 controversie
541 4166 720 4228 nosceretur,
742 4175 817 4228 non,
847 4157 925 4230 quod
955 4154 1040 4228 fecit,
1069 4155 1172 4212 relicta

91 4244 196 4302 stetim
207 4251 307 4300 vetere
320 4243 429 4315 schole,
453 4262 469 4299 5
481 4261 540 4318 qus
550 4241 726 4318 profecerat,
747 4259 811 4299 oum
824 4241 965 4300 Aristone
977 4251 1007 4298 et
1017 4240 1171 4318 Pyrrhone

93 4339 124 4386 et
145 4328 294 4386 similibus
316 4337 397 4386 stans
421 4339 450 4386 et
472 4329 508 4386 iis
531 4347 562 4386 se
584 4328 756 4404 adiungens,
779 4327 898 4400 iisdem,
922 4327 1028 4402 quibus
1050 4327 1105 4397 illi,
1128 4326 1172 4383 uti

92 4414 276 4492 argumentis
299 4422 330 4471 et
350 4415 504 4472 sententiis
526 4409 573 4496 (ut
593 4413 675 4487 fecit,
698 4431 764 4471 cnm
787 4415 837 4486 eit,
861 4414 1016 4472 honestum
1033 4413 1171 4488 quodsit,

915 4529 965 4586 35*
