2920 5012
284 411 325 474 ‘28
674 429 718 474 ou
740 428 871 475 rmmus
894 429 965 474 eos.

284 615 439 678 pugnare,
467 597 519 678 qui
542 595 664 662 Graeca
686 595 791 678 legere
812 597 932 677 malint,
960 597 1051 662 modo
1078 597 1184 678 legant
1202 595 1256 661 illa
1277 597 1360 677 ipsa,

285 719 323 764 ne
352 698 510 778 simulent,
543 707 576 764 et
607 699 645 764 iis
678 700 811 778 servire,
844 699 897 780 qtri
930 699 979 764 vel
1005 699 1145 780 utrisque
1171 697 1285 763 litteris
1313 699 1361 762 uti

285 801 380 866 velint
401 801 463 880 vel,
498 802 523 866 si
546 820 621 866 suas
643 801 770 880 habent,
803 801 873 866 illas
900 820 961 866 non
983 819 1095 883 magno
1118 819 1214 882 opere
1235 800 1361 865 deside-

286 913 364 968 rent.
411 905 459 967 11.
484 903 543 981 Qui
567 911 670 968 eutem
693 903 753 968 alie
775 905 894 969 malunt
915 903 1008 969 scribi
1024 903 1153 982 anobis,
1176 902 1268 984 aequi
1289 921 1364 967 esse

248 1005 414 1085 edebant,
436 1006 520 1088 quod
542 1013 574 1070 et
595 1005 712 1086 scripta
733 1006 830 1071 multa
852 1013 937 1084 sunt,
971 1006 1015 1070 sie
1036 1014 1072 1070 ut
1091 1005 1184 1087 plura
1205 1005 1320 1070 nemini
1345 1022 1364 1068 e

334 1179 356 1255 ¹2
372 1175 501 1253 melantii
537 1177 591 1240 apso
610 1175 654 1226 tlte
672 1175 739 1227 COr.
775 1181 797 1228 2.
817 1193 858 1226 nec
875 1175 982 1226 amulone
999 1175 1041 1226 Or.
1078 1175 1153 1226 lec
1190 1181 1212 1227 b.
1226 1184 1251 1224 ut
1269 1190 1319 1226 om.
1341 1175 1365 1225 Ε

287 1259 379 1294 mentem
397 1251 454 1310 (pro
471 1259 563 1294 ameno
582 1260 667 1294 omnes

287 1381 330 1460 (in
352 1387 446 1460 aliqua
469 1405 497 1442 re
519 1380 639 1464 casoro)
662 1385 838 1462 significatio
860 1385 983 1455 eminet3
1016 1383 1129 1442 fallitur
1150 1383 1367 1442 Doederlinius

286 1466 365 1550 (Lat.
390 1471 549 1548 Synonym.
572 1471 597 1527 I.
620 1490 648 1546 p.
675 1465 758 1548 116).
803 1470 876 1545 Quis
898 1471 1012 1541 eredat,
1041 1469 1146 1540 fuisse,
1170 1470 1220 1544 qui
1242 1479 1368 1544 putaret

285 1553 363 1612 inira
385 1557 440 1628 lv,
466 1557 504 1612 30
529 1567 558 1612 et
582 1557 619 1613 31
645 1556 747 1612 eodem
771 1556 935 1632 significatu
956 1557 1053 1631 posita
1076 1574 1139 1613 esse
1162 1555 1299 1611 elaborare
1335 1567 1369 1613 et

285 1639 427 1698 Morare?

371 1730 421 1802 qai
439 1725 546 1784 Graece
570 1729 654 1800 tepere
676 1727 784 1806 natine)
807 1727 930 1784 Poterat
952 1726 1102 1802 expectari
1124 1726 1303 1783 indicativus
1327 1727 1368 1782 de

286 1820 366 1870 certo
388 1830 495 1888 genere
517 1811 666 1869 hominum
684 1821 751 1869 ante
772 1821 953 1879 notatarum
977 1812 1027 1870 sed
1051 1811 1183 1887 sequitur
1205 1814 1291 1875 velicat,
1314 1813 1369 1869 de·

285 1898 409 1954 siderent.
445 1897 541 1974 Igitur
562 1898 738 1974 generaliter
755 1897 859 1956 Cicero
882 1897 997 1955 locutus
1020 1908 1064 1954 est
1082 1907 1112 1954 et
1126 1906 1248 1973 propter
1264 1897 1369 1954 infini-

286 1991 346 2040 tem
369 1983 544 2040 sententiam
579 1983 765 2042 coniunctivo
798 2001 877 2040 usus.
923 1983 982 2042 Sed
1012 1983 1041 2040 in
1070 1983 1125 2039 hae
1153 1983 1368 2039 coniunctione

285 2065 408 2144 offendit
430 2067 503 2125 illud
526 2071 551 2126 ei
571 2088 636 2126 sues
659 2069 763 2138 babent,
787 2069 816 2126 in
840 2088 898 2142 quo
921 2069 992 2125 dure
1015 2068 1127 2126 reditur
1149 2067 1184 2124 ad
1208 2067 1368 2125 notionem

285 2153 450 2222 definitam,
475 2163 508 2210 ut
529 2173 587 2211 non
605 2155 668 2211 sine
687 2172 775 2211 causa
797 2154 957 2212 Lambinus
981 2156 1095 2210 lateam
1117 2153 1281 2229 scripserit,
1305 2153 1370 2210 etsi

286 2237 458 2300 Ciceronem
481 2239 576 2315 ipsum
600 2240 763 2296 correxisse
786 2239 911 2296 videtur.

371 2326 449 2382 modo
472 2327 559 2398 lepout
582 2327 629 2382 illo
651 2327 720 2400 ipsa.
743 2345 775 2382 ue
796 2328 931 2398 st'omleet)
954 2325 1124 2382 Duoetiam
1136 2323 1204 2383 Gzii
1227 2326 1288 2399 ’φεα
1304 2325 1370 2392 illa,

286 2409 366 2484 quod
389 2419 505 2468 secutus
528 2421 573 2468 est
595 2408 738 2482 Orellius3
762 2410 820 2467 vid.
838 2409 947 2487 Opnse.
971 2410 1175 2467 nostraAead.
1197 2410 1223 2480 1,
1246 2429 1274 2484 p.
1291 2410 1370 2482 131,

286 2495 337 2552 ubi
349 2503 446 2552 temen
465 2515 577 2565 vereor,
602 2515 637 2552 ne
649 2496 736 2554 ninris
753 2495 826 2552 baec
842 2496 879 2552 ad
897 2505 1005 2553 certam
1019 2496 1151 2572 regulam
1162 2495 1371 2552 astrinxerim.

286 2581 321 2638 In
334 2580 433 2651 Tusa,
457 2581 482 2639 si
505 2581 631 2657 optimos
648 2581 730 2638 codd.
743 2582 905 2657 sequimur,
935 2591 1058 2655 uterque
1081 2581 1152 2637 ordo
1175 2581 1293 2656 saepius
1314 2599 1372 2637 re-

285 2665 398 2743 peritur
417 2668 469 2738 (illi
479 2669 532 2742 ipsi
542 2667 583 2736 ΙΙ,
610 2669 646 2724 17
666 2676 696 2723 et
712 2669 762 2734 49,
787 2669 824 2737 V,
849 2667 887 2724 65
912 2677 941 2724 et
962 2669 1030 2736 108,
1053 2669 1108 2742 lbet
1128 2667 1168 2722 illi
1187 2667 1228 2736 Π,
1253 2667 1281 2735 7,
1305 2666 1372 2740 Ν,

286 2755 326 2808 44
350 2761 380 2808 et
402 2749 469 2831 55).
514 2751 607 2811 Gzius
630 2755 685 2819 itta,
709 2752 786 2826 qnod
809 2753 911 2809 abesse
934 2752 1049 2826 nequit,
1073 2751 1196 2822 delevit,
1220 2751 1373 2810 omissum

286 2837 386 2894 dicens
408 2837 438 2894 in
462 2837 539 2912 Spir.
563 2830 622 2916 (Εξ
645 2849 674 2894 et
695 2857 771 2896 unns
788 2836 857 2896 Gaii
880 2839 1028 2895 habebant
1049 2836 1103 2914 eo.)
1139 2837 1180 2896 Ut
1201 2836 1373 2896 indicative

285 2922 408 2979 dicitur:
432 2925 527 2996 lequel.
551 2943 601 2980 iton
623 2925 757 2994 ababuc,
802 2924 852 2992 ite,
876 2923 1014 2998 quoniam
1037 2923 1145 2980 dieitur
1166 2925 1244 2980 modo
1265 2943 1306 2994 ne,
1332 2925 1374 2981 fit

285 3009 363 3066 eredo
385 3009 481 3082 tepent,
505 3028 536 3065 rte
558 3011 687 3068 simulent.
711 3010 789 3083 quod
813 3009 842 3066 in
865 3009 1000 3067 omnibus
1023 3009 1107 3065 codd.
1134 3007 1226 3066 fuisse
1248 3018 1372 3067 certum

285 3103 338 3162 est,
363 3093 418 3151 etsi
440 3112 551 3162 omnes,
574 3094 673 3151 neseio
695 3113 713 3150 a
735 3113 794 3169 quo
816 3094 884 3151 inde
906 3105 1037 3170 tempore
1061 3091 1206 3171 (nondum
1223 3093 1373 3152 RMars.

285 3197 339 3236 neo
362 3175 476 3258 Crat),
510 3199 557 3238 nec
590 3179 758 3251 ediderunt,
793 3179 874 3238 nulla
907 3179 1105 3255 discrepantia
1137 3187 1277 3236 annotate
1305 3180 1374 3239 nisi

286 3283 323 3322 ex
347 3262 427 3322 Oxx.
450 3273 597 3339 quattuor.
641 3265 728 3323 Dixit
750 3265 806 3322 hoe
828 3263 932 3324 Cicero
956 3285 1014 3322 non
1037 3266 1066 3322 in
1089 3283 1155 3334 eos,
1179 3265 1229 3338 qui
1259 3263 1373 3324 birtim

286 3349 400 3408 Latinis
423 3351 714 3426 interpretationibus
737 3361 889 3407 uterentur
911 3345 999 3431 (nibil
1021 3352 1099 3408 enim
1116 3350 1176 3407 tale
1192 3345 1373 3431 significat),
1457 3384 1458 3388 =

286 3435 337 3492 sed
371 3435 489 3506 ineos,
525 3437 590 3510 qui,
625 3453 690 3492 cum
714 3434 832 3494 Graeca
855 3455 885 3494 se
908 3436 1005 3512 legere
1034 3435 1121 3493 malle
1144 3436 1290 3503 dicerent,
1325 3455 1373 3495 ne

284 3520 358 3578 baec
380 3520 498 3594 quidem
521 3520 668 3596 legerent,
692 3521 743 3578 sed
776 3520 849 3578 nibil
877 3521 1008 3598 legentes
1035 3521 1117 3578 illam
1144 3520 1373 3582 simulationem

284 3605 408 3663 inertiae
431 3606 633 3664 obtenderent.

375 3693 421 3748 11.
455 3696 493 3748 sic
527 3702 555 3748 nt
584 3695 667 3766 plere
701 3694 798 3747 tietuini
824 3711 838 3747 e
867 3687 980 3770 nostris)
1003 3694 1114 3748 illecebri
1140 3693 1228 3749 etiam
1259 3690 1372 3760 „fere“
1456 3737 1458 3742 2

286 3775 405 3839 Gaiani,
428 3776 491 3850 Εψ.
524 3775 722 3834 Annotendus
744 3777 791 3834 hic
814 3776 896 3834 locus
918 3777 955 3834 ad
978 3778 1179 3852 quaestionem
1202 3777 1237 3833 de
1260 3777 1375 3838 dativo

285 3881 339 3938 pro
363 3862 582 3938 praepositione
603 3863 638 3917 ab
661 3861 759 3918 verbis
782 3863 908 3936 passivis
931 3863 1079 3932 subiecto,
1101 3863 1274 3940 praesertim
1296 3881 1374 3924 cum

283 3947 340 4005 boc
362 3947 539 4022 respondeat
563 3947 788 4022 praecedentia
812 3949 893 4004 crebra
938 3947 1066 4025 Collegit
1087 3949 1178 4024 igitur
1189 3947 1261 4008 Otto
1284 3949 1375 4008 eius-

284 4031 362 4088 modi
396 4031 476 4090 locos
509 4033 539 4089 in
573 4049 699 4089 excursu
728 4031 765 4088 ad
793 4031 821 4088 h.
844 4033 863 4088 l.
886 4033 1005 4110 scripto.
1048 4033 1195 4111 Exempla
1217 4035 1375 4096 bonorum
1446 4093 1447 4096 ,

284 4117 460 4192 scriptorum
482 4135 587 4194 prosae
610 4116 752 4174 orationis
769 4127 819 4173 arrt
837 4117 866 4174 in
884 4119 1041 4194 participio
1052 4129 1129 4183 sunt„
1149 4129 1182 4176 nt
1198 4138 1245 4176 res
1257 4117 1376 4180 effecta

285 4213 433 4277 tamquam
456 4214 536 4260 extet
560 4213 589 4259 et
612 4211 747 4260 teneatur
764 4199 945 4279 (peremtum
969 4207 1035 4260 erili
1055 4205 1172 4264 mettid
1195 4214 1248 4276 est,
1266 4205 1375 4266 habeo

285 4297 474 4364 pertractata,
498 4289 530 4346 II
552 4288 589 4346 de
611 4286 694 4346 Orat.
710 4288 784 4348 146:
807 4289 970 4344 elclmmbcm
993 4292 1057 4346 viridi
1078 4301 1124 4350 est
1147 4291 1259 4348 Div.in
1273 4289 1373 4351 Caee.

288 4367 351 4452 10),
374 4383 425 4430 aut
448 4373 477 4430 in
507 4373 650 4430 eiusmodi
672 4373 784 4433 verbis.
818 4381 851 4429 ut
883 4391 941 4430 nou
975 4375 1069 4432 solnm
1093 4377 1131 4432 ab
1159 4376 1275 4451 aliquo,
1311 4381 1374 4437 sed

284 4458 373 4516 etiam
398 4459 486 4516 alicui
508 4478 556 4516 res
579 4459 642 4516 fieri
665 4457 867 4534 intellegatur,
890 4471 923 4516 ut
951 4460 981 4516 iu
1004 4463 1152 4536 precer-endi
1177 4463 1278 4520 verbo.
1327 4463 1373 4522 In
