2938 5020
317 361 378 428 132
704 380 750 426 nn
771 377 903 426 numus
925 379 995 426 nou.

316 550 516 631 graviterque
538 547 820 629 comprehenderit,
843 555 879 614 ut
899 567 1006 614 omnes
1028 549 1106 614 bene
1128 567 1222 614 sanos
1248 549 1281 614 in
1307 549 1381 614 viam

316 652 467 733 placatae,
489 649 685 732 tranquillae,
707 649 840 732 quietae,
862 651 972 716 beatae
993 651 1076 716 vitae
1097 651 1287 717 deduceret?
1330 652 1382 729 Qui

318 755 402 836 quod
423 753 480 818 tibi
501 769 613 834 parum
635 752 760 818 videtur
781 753 930 834 eruditus,
953 773 990 820 ea
1011 772 1107 820 causa
1128 761 1191 834 est,
1213 754 1299 836 quod
1320 753 1382 819 nul·

318 857 380 922 lam
401 854 607 921 eruditionem
634 873 703 920 esse
725 855 827 933 duxit,
861 855 920 920 nisi
947 874 1028 938 quae
1049 858 1160 924 beatae
1186 857 1271 922 vitae
1298 857 1383 923 disci·

279 958 434 1041 5plinem
454 957 585 1023 iuvaret.
629 959 679 1022 72.
703 959 753 1022 An
774 957 826 1023 ille
846 965 970 1040 tempus
991 960 1100 1024 autin
1121 959 1224 1041 poetis
1245 959 1384 1025 evolven-

317 1061 380 1140 dis,
407 1066 444 1125 ut
469 1078 528 1142 ego
550 1065 582 1124 et
603 1059 744 1126 Triarius
766 1069 798 1126 te
824 1061 984 1126 hortatore
1011 1060 1153 1142 facimus,
1186 1070 1386 1138 consumeret,

315 1163 483 1246 inquibus
505 1161 590 1226 nulla
611 1162 711 1227 solida
732 1163 851 1228 utilitas
873 1163 1035 1246 omnisque
1057 1163 1186 1246 puerilis
1212 1169 1262 1228 ost
1289 1162 1385 1229 delec-

317 1265 403 1344 tatio,
425 1271 480 1330 aut
495 1283 538 1343 se,
555 1273 591 1328 ut
605 1263 705 1344 Plato,
726 1265 758 1329 in
774 1265 907 1344 musicis,
929 1267 1108 1348 geometria,
1130 1267 1276 1346 numeris,
1297 1265 1387 1331 astris

319 1373 506 1446 contereret,
534 1385 615 1448 quae
636 1375 677 1446 et,
698 1385 718 1431 a
739 1365 827 1432 falsis
848 1367 943 1432 initiis
966 1367 1115 1449 profecta,
1137 1387 1213 1434 uera
1235 1386 1386 1434 essenon
1452 1382 1453 1444 1

260 1471 301 1536 10
316 1475 450 1552 possunt
471 1476 512 1549 et,
534 1469 561 1534 si
583 1473 689 1534 essent
709 1487 793 1548 vera,
815 1469 889 1536 nihil
905 1470 1067 1550 afferrent,
1090 1491 1152 1554 quo
1163 1471 1337 1548 iucundius,
1359 1470 1387 1534 id

317 1581 379 1652 est,
412 1590 474 1654 quo
496 1571 605 1637 melius
626 1571 813 1650 viveremus3
837 1607 876 1619 -
899 1591 953 1638 eas
975 1591 1051 1655 ergo
1072 1581 1157 1638 arten
1185 1591 1387 1655 persequere·

317 1680 382 1754 tur,
415 1674 538 1740 vivendi
570 1679 669 1740 artem
702 1679 821 1738 tantam
853 1679 978 1757 tamque
1010 1694 1175 1757 operosam
1202 1684 1235 1740 et
1260 1675 1388 1756 perurde

317 1776 508 1842 fructuosam
540 1775 749 1858 relinqueret?
803 1776 873 1841 Non
906 1795 981 1858 ergo
1015 1777 1169 1858 Epicurus
1207 1776 1389 1852 ineruditus,

318 1879 374 1945 sed
394 1878 417 1944 ii
437 1878 562 1957 indocti,
585 1879 647 1961 qui,
670 1896 750 1960 quae
771 1897 886 1960 pueros
909 1899 970 1944 non
992 1879 1138 1946 didicisse
1160 1887 1252 1960 turpe
1275 1887 1333 1956 est,
1355 1897 1389 1943 ea

261 1985 301 2048 ld
318 1987 431 2064 putent
462 1999 561 2063 usque
593 1981 635 2046 ad
667 1985 857 2046 senectutem
889 1999 959 2048 esse
991 1983 1148 2048 discenda.
1199 1981 1288 2060 Quae
1323 2000 1389 2047 cun

386 2168 600 2220 idaeum]
627 2167 819 2218 deducmss
853 2168 1000 2218 8.quan
1027 2168 1167 2222 ⁴.de
1208 2173 1230 2218 d.
1253 2165 1389 2235 [euclide

320 2237 360 2306 M]
390 2237 551 2302 &secimaec
572 2235 727 2304 [succinunt¹
771 2237 1003 2290 ceromatico
1039 2245 1061 2288 tl.
1080 2247 1165 2288 aulae
1184 2241 1263 2288 ΜΕ
1306 2237 1388 2287 astris·

319 2305 393 2371 queL
429 2307 685 2370 9.aalproetotL
791 2305 901 2372 ectthl
946 2307 1135 2356 ll.eetom.E
1175 2311 1388 2356 tammonem.

202 2425 210 2444 ι
320 2377 338 2424 t:
376 2373 603 2442 [tamqneetoper.
623 2373 657 2442 Δ]
699 2380 737 2423 14.
759 2374 822 2424 til.
843 2373 888 2442 [lii
903 2373 938 2441 A]
978 2379 1015 2426 ta.
1041 2375 1279 2440 qnilproqaoelE

319 2549 428 2607 editum
451 2558 496 2606 est
512 2546 608 2606 iudea
625 2548 716 2619 Crat,
737 2549 794 2606 nisi
805 2549 884 2624 quod
896 2550 1046 2608 Manutius
1058 2559 1088 2607 et
1099 2549 1260 2606 Lambinus
1272 2549 1391 2607 demon-

319 2635 472 2692 strativum
505 2634 675 2692 omiserunt.
730 2633 828 2692 Ceteri
862 2635 952 2707 Pali,
986 2634 1066 2694 Oxx.
1089 2635 1149 2712 Ux,
1183 2634 1253 2693 Gzii
1285 2635 1390 2710 reliqui

320 2721 393 2818 leaeo.
421 2719 531 2872 gljaulo
553 2729 621 2795 post
642 2719 775 2795 pluribus
797 2720 951 2778 adiectivis
974 2721 1157 2798 significatur
1178 2711 1195 2796 ἡ
1216 2717 1270 2796 τῆς
1292 2717 1389 2796 ψυχῆς

320 2823 420 2880 oropo
438 2823 478 2860 ιιι.

405 2890 499 2969 dtas-it)
522 2888 615 2948 Gzins
632 2889 662 2946 in
679 2889 740 2946 suis
757 2889 892 2948 omnibus
909 2901 1026 2966 praeter
1043 2891 1104 2948 Erl.
1116 2890 1158 2948 ait
1174 2909 1238 2948 esse
1255 2900 1309 2947 eut
1325 2893 1391 2948 dieii

319 2985 371 3032 aut
381 2967 429 3055 (ut
439 2974 470 3030 in
481 2974 560 3034 Gud.
574 2970 607 3055 2)
619 2977 731 3041 dicet-in
753 2975 829 3033 alius
846 2995 931 3034 nemo
943 2978 1102 3052 quidquam
1121 2976 1282 3034 annotavit.
1317 2976 1342 3034 F
1344 2995 1391 3032 ue·

320 3069 389 3118 runt
416 3069 483 3118 ante
510 3061 564 3118 hos
586 3079 644 3118 non
666 3060 709 3118 ite
731 3062 951 3134 multosannos,
974 3063 1025 3137 qui
1036 3060 1213 3132 dubitarent,
1237 3079 1273 3118 an
1288 3061 1391 3119 Latine

320 3165 382 3204 non
401 3145 548 3203 diceretur
569 3148 637 3204 duco
658 3165 728 3216 esse3
761 3147 860 3222 itaque
893 3157 961 3224 post
986 3148 1149 3205 lexioorum
1177 3154 1315 3204 auctores
1343 3166 1392 3204 ex·

320 3231 418 3306 empla
439 3232 620 3308 collegerunt
646 3233 782 3291 Moserus
803 3233 841 3290 ad
862 3232 925 3292 Cio.
948 3233 983 3290 de
1006 3233 1088 3291 ΚΡ.
1104 3252 1133 3308 p.
1149 3232 1187 3290 13
1210 3242 1240 3289 et
1260 3232 1293 3289 in
1314 3231 1393 3291 Add.

320 3337 349 3392 p.
373 3317 434 3374 562
457 3335 536 3392 sqq,
559 3315 724 3376 Beneckius
746 3319 784 3375 ad
805 3329 879 3377 orat.
902 3319 938 3377 de
960 3319 1031 3395 imp.
1050 3319 1154 3394 Pomp.
1177 3337 1206 3393 p.
1233 3319 1303 3374 144.
1347 3318 1391 3374 De

320 3419 352 3459 re
374 3401 433 3459 vid.
455 3402 530 3472 ad§
560 3403 611 3460 26.

407 3488 456 3544 72.
500 3489 544 3544 Au
572 3491 615 3546 ille
642 3498 744 3564 tempus
777 3489 846 3566 etc.)
879 3490 967 3548 Hunc
999 3489 1096 3547 locum
1123 3487 1232 3546 rectius
1259 3487 1393 3549 distinxi.

322 3591 388 3630 cum
420 3583 507 3631 antea
536 3573 622 3650 plene
650 3573 906 3652 interpungeretur
927 3586 995 3632 ante
1018 3577 1080 3631 Eoo
1102 3593 1172 3649 erpo.
1202 3570 1393 3630 'Bimembris

321 3658 558 3736 interrogationis
580 3658 676 3718 forma
697 3659 735 3717 ab
758 3660 842 3718 initio
864 3660 998 3718 instituta
1020 3660 1065 3717 bis
1087 3660 1117 3717 in
1140 3659 1238 3736 priore
1261 3659 1393 3716 membro

321 3745 495 3802 obscuramr
511 3743 694 3821 interpositis
710 3745 809 3803 verbis
825 3746 864 3803 ad
880 3746 1036 3804 elevandas
1048 3755 1126 3803 artes
1138 3755 1167 3802 et
1176 3743 1394 3820 reprehenden-

322 3829 389 3900 ἅδος
411 3829 511 3905 itaque
532 3829 749 3908 redintegretur
770 3833 865 3889 oratio
886 3831 983 3908 posita
1004 3831 1150 3908 particula
1171 3849 1247 3904 erqo,
1275 3829 1314 3886 de
1338 3847 1394 3904 qua

322 3913 437 3973 dioetrrr
465 3915 503 3972 ad
524 3915 571 3986 11,
596 3915 645 3973 23.
689 3916 817 3974 Prorsus
839 3917 916 3975 idem
938 3917 969 3974 in
991 3917 1111 3974 Tuscul.
1134 3917 1173 3986 V,
1208 3915 1248 3974 73
1282 3913 1394 3972 factum

323 4019 387 4060 ease
420 4001 533 4058 ostendi
568 4001 597 4058 in
631 4001 773 4059 Emendd.
796 4001 930 4062 Cicerou.
952 4021 981 4078 p.
1006 4003 1055 4059 44.
1104 4001 1206 4058 Verba
1238 4019 1309 4075 quoe
1332 4011 1394 4057 eta

316 4087 402 4158 solete
423 4089 504 4144 initiis
521 4089 646 4162 prosectu
667 4097 723 4144 etc.
744 4105 803 4145 non
831 4088 902 4146 satis
931 4087 1109 4145 conveniunt
1137 4105 1203 4143 oum
1224 4091 1345 4144 camede
1367 4095 1396 4142 et

322 4174 419 4241 σιωπὴ
441 4172 493 4230 sed
505 4171 609 4230 Cicero
632 4172 802 4248 disciplinas
819 4173 921 4230 harum
943 4191 1041 4230 rerum
1063 4172 1219 4242 intellexit,
1242 4189 1308 4230 cnm
1333 4191 1394 4229 mu-

323 4255 393 4327 sioa,
415 4258 605 4332 geometriam
628 4258 816 4316 nominasset.
