2938 5020
343 421 386 466 nr
411 419 490 466 unat.
507 420 570 466 nin.
587 419 610 465 11
633 419 706 467 car.
727 423 835 467 to-u.
1062 403 1123 468 201

72 600 185 668 provata
205 588 286 654 mala
308 589 479 670 disciplina,
502 590 558 656 sed
580 595 693 656 natura
714 607 780 654 sua
825 589 890 654 Nec
912 607 996 668 vero,
1018 599 1054 654 ut
1071 609 1126 654 vo-

72 690 201 770 luptatem
212 697 347 772 expetat,
370 703 483 757 natura
504 699 607 757 movet
627 691 784 771 infantem,
807 693 864 757 sed
882 699 1011 771 tantum,
1034 703 1071 756 ut
1092 710 1127 756 se

70 793 126 872 ipse
144 792 261 874 diligat,
284 805 319 857 ut
340 793 495 874 integrum
522 813 557 860 se
584 794 764 876 salutmque
792 793 875 860 velit
920 796 1019 860 Omne
1046 794 1127 860 euim

71 894 178 973 mind,
205 894 296 960 simul
318 895 377 978 [et]
400 905 502 961 ortum
524 905 581 976 est,
604 905 636 962 et
657 915 691 961 se
712 895 816 978 ipsum
837 905 869 961 et
890 915 997 962 omnes
1020 907 1127 978 partes

128 1121 147 1164 1.
164 1135 216 1181 erpo
235 1117 367 1183 (prot-ero)
388 1117 450 1168 1.Ρο
491 1124 513 1168 2.
534 1118 566 1184 [ri
582 1121 638 1184 (pro
655 1119 691 1184 re)
711 1117 756 1184 ΑΙ]
797 1123 820 1170 8,
840 1117 915 1183 ipemn
933 1119 979 1170 CR
1019 1126 1041 1166 4.
1059 1117 1129 1166 rinnai

71 1185 282 1241 armatum.
336 1187 538 1238 eomloncare
591 1195 626 1237 ert
643 1203 692 1237 orn.
713 1185 803 1253 [ajnr

141 1393 193 1450 dec
215 1414 283 1460 cero,
308 1405 336 1451 nt
360 1397 518 1470 voluptatem
540 1394 660 1470 erpetat)
683 1394 750 1452 Hoc
762 1393 867 1454 Cicero
885 1395 978 1471 magis
1001 1395 1128 1451 instituit

70 1479 199 1552 explicare
221 1499 310 1554 quam
333 1481 477 1557 explicam
499 1501 567 1538 nam
591 1499 669 1546 mora
692 1480 802 1536 omissa
823 1479 938 1538 difficili
955 1481 1127 1556 quaestione

71 1567 94 1631 (ξ
115 1566 149 1622 34
170 1587 265 1639 :cortyna
293 1571 414 1641 quaestio
442 1575 509 1644 eat),
543 1577 656 1624 tantum
684 1566 911 1624 inconstantiam
938 1566 1128 1641 reprehendit

72 1647 184 1722 Epicuri.
206 1653 266 1709 Pro
279 1672 339 1708 vero
351 1652 429 1728 Spin.
442 1652 549 1728 (Gzius
561 1651 642 1708 addit
655 1651 730 1726 Eri.)
744 1671 802 1708 cere
813 1649 886 1729 [non
893 1649 943 1729 13],
968 1652 1047 1710 Gud.
1058 1653 1084 1720 1,
1099 1653 1127 1721 2,

72 1733 137 1798 uas„
157 1736 241 1812 Ox.1
263 1757 334 1810 erpo.
378 1739 451 1794 ilox
474 1757 528 1814 pro
550 1758 579 1794 se
601 1741 658 1812 ipse
680 1737 709 1794 in
728 1737 792 1793 edd.
804 1749 872 1794 ante
884 1738 996 1795 Aldum
1009 1749 1038 1794 et
1049 1737 1128 1813 apud

71 1819 216 1878 l'ictorium
239 1823 297 1881 fuit
318 1844 347 1879 ae
370 1826 466 1897 ἱρειηη.

144 1909 222 1966 Omne
242 1913 310 1966 erton
332 1908 447 1982 attentat)
481 1909 564 1984 Quae
585 1908 635 1964 hic
657 1907 786 1964 breviter
808 1908 1007 1984 attinguntur,
1034 1906 1129 1964 fusius

70 1991 237 2066 explicantur
259 1993 360 2054 Stoice
382 1995 413 2050 in
435 1995 511 2051 libro
534 1995 596 2064 ΠΙ,
631 1995 667 2050 16
691 2012 770 2068 sqq.‚
793 1994 1058 2069 Peripateticorum
1081 1993 1128 2049 vel

71 2077 152 2150 potius
172 2079 312 2136 Antiochi
335 2099 417 2138 more
439 2079 469 2138 in
491 2081 567 2138 libro
592 2081 628 2150 V,
653 2079 691 2136 24
715 2097 779 2154 sqq.
910 2067 920 2086 ⁰

140 2167 215 2221 matti
236 2163 290 2243 [et]
312 2176 400 2222 ortum
422 2165 474 2240 eet)
497 2167 586 2224 Simul
608 2176 636 2222 nt
657 2183 711 2240 pro
723 2167 845 2222 statutae
857 2163 995 2222 Dukerus
1014 2164 1051 2220 ad
1062 2164 1129 2220 Liv.

72 2247 116 2309 1Ἱ.
131 2251 154 2318 1,
167 2252 182 2306 6
205 2251 379 2309 Ciceronem
392 2269 449 2308 non
461 2271 529 2309 raro
541 2251 674 2328 posuisse
687 2249 767 2322 dicit,
791 2249 974 2310 Goerenzius
986 2249 1024 2308 ad
1034 2251 1129 2306 Acad.

70 2332 159 2406 11.51‚
180 2337 306 2412 saepius.
340 2337 405 2414 Ego
423 2337 553 2412 quinque
581 2336 700 2394 omnino
723 2337 803 2393 locos
826 2355 890 2394 csse
917 2345 1004 2412 puto,
1038 2336 1088 2392 ubi
1111 2354 1130 2392 a

70 2419 201 2478 adunus
223 2433 394 2480 constanter
415 2424 602 2480 confirmetur
623 2421 676 2479 illo
696 2420 801 2492 forma,
825 2422 1071 2479 Academicorum
1093 2421 1128 2478 il·

69 2502 128 2574 lun,
149 2507 233 2565 'l'nse
255 2509 312 2578 lv,
337 2509 366 2578 5,
389 2510 512 2580 verul,
537 2511 586 2580 67,
610 2507 661 2586 [de
674 2507 725 2566 Or.
737 2507 779 2580 11,
793 2509 843 2579 21,
866 2507 997 2584 Philipp.
1008 2507 1067 2578 111,
1080 2504 1129 2584 2];

70 2589 93 2644 in
112 2593 208 2650 ceteris
231 2593 304 2650 satis
327 2594 446 2652 dubiam
468 2595 567 2652 sedem
589 2594 679 2650 habet
699 2602 753 2650 aut
773 2593 854 2650 nullo
877 2593 940 2650 iure
963 2593 1073 2664 editur,
1097 2603 1131 2649 ut

71 2675 106 2731 lt
126 2677 158 2735 ad
180 2679 262 2736 Fam.
290 2681 327 2736 18
350 2679 414 2737 init.
457 2680 522 2737 Nec
543 2680 642 2737 verine
665 2687 729 2736 erat
750 2680 829 2754 apud
847 2678 996 2738 Catullum
1010 2681 1059 2750 64,
1074 2678 1129 2748 31;

70 2757 149 2836 [apud
175 2765 248 2822 Hor.
277 2764 340 2824 Sat.
368 2765 416 2836 11,
454 2769 486 2837 1,
516 2767 555 2823 24
583 2765 666 2822 nullo
694 2765 757 2822 iure
784 2783 803 2822 a
830 2765 891 2823 Fen
919 2765 1033 2822 illatum
1061 2761 1130 2840 est].

71 2845 198 2907 l'oirerse
220 2861 321 2909 autem
343 2869 379 2908 eo
402 2849 582 2922 defenditur,
612 2850 692 2925 quod
719 2850 802 2928 origo
825 2850 912 2908 facile
939 2848 1129 2926 intellegitur.

71 2931 159 3007 Nedne
179 2935 256 2994 enim
280 2947 310 2994 ut
336 2946 382 2994 est
403 2955 457 3012 pro
479 2957 528 3008 ac,
562 2937 612 2994 sed
641 2947 757 3012 tempus
784 2937 952 3013 significans
980 2937 1023 3013 (nt
1049 2937 1129 3008 nictit)

71 3019 164 3077 coaluit
184 3040 250 3078 cum
268 3025 357 3092 minut,
381 3022 433 3094 sic,
456 3031 489 3080 ut
505 3033 535 3080 et
546 3022 715 3080 consecutio
737 3031 768 3079 et
788 3041 836 3080 res
858 3022 960 3080 eodem
983 3020 1045 3078 lere
1068 3040 1129 3078 mo-

71 3118 153 3162 mento
173 3117 273 3183 gestae
297 3108 541 3184 significarentur.
584 3109 651 3166 Hoc
677 3108 744 3166 loco
772 3127 873 3166 omues
896 3107 1023 3166 editores
1046 3106 1129 3180 quasi

70 3203 204 3266 compacto
227 3203 336 3264 tacent,
360 3203 508 3265 ettamen,
532 3213 596 3252 cum
620 3194 649 3251 in
662 3193 756 3252 tribus
768 3194 840 3252 meis
852 3193 936 3251 codd.
953 3201 1128 3266 equattuor‚

69 3273 185 3352 interque
207 3298 259 3337 cos
281 3280 395 3354 optimo
416 3279 468 3338 illo
491 3278 694 3358 [etiamAB]‚
717 3279 756 3336 sit
776 3281 857 3336 amad
877 3289 911 3350 et,
933 3277 1020 3336 facile
1043 3277 1129 3336 intel-

69 3357 150 3436 legas,
171 3365 241 3438 quid
264 3366 295 3422 in
317 3365 385 3422 aliis
407 3365 511 3438 fuerit,
535 3385 551 3422 e
574 3366 680 3441 quibus
703 3364 783 3424 Oxx.
805 3363 849 3434 Εξ
871 3383 966 3440 neque
988 3375 1013 3420 et
1034 3381 1129 3438 neque

70 3456 92 3500 ut
111 3448 218 3506 habent
264 3450 377 3510 Contra
401 3451 438 3521 V,
462 3453 502 3507 24
525 3469 627 3508 omnes
650 3452 764 3529 (casum
787 3451 875 3521 enim,
898 3469 956 3507 non
974 3449 1128 3507 consilium

69 3535 262 3612 sequebantur)
286 3545 475 3608 annotarunt,
500 3537 530 3594 in
543 3537 626 3594 codd.
638 3556 702 3594 esse
714 3539 794 3592 n'ntul
804 3547 836 3594 et.
864 3536 930 3593 Hoc
942 3555 1011 3592 num
1024 3535 1129 3595 Cicero

69 3635 112 3690 pro
131 3623 207 3678 ninid
228 3642 262 3679 nc
284 3622 407 3694 dixerit,
441 3623 527 3680 valde
550 3623 693 3680 incertum
716 3631 802 3698 puto,
838 3622 888 3696 qui
916 3622 1034 3678 omnino
1062 3639 1129 3696 par·

68 3701 159 3762 tianae
185 3719 209 3764 et
231 3727 287 3783 pro
308 3719 391 3783 atque
410 3728 496 3766 usum
520 3709 606 3765 certis
634 3717 664 3765 et
691 3709 823 3784 angrrstis
850 3707 957 3765 finibus
978 3705 1129 3765 terminari

68 3799 167 3860 putem3
200 3794 258 3850 vid
290 3794 327 3850 ad
356 3799 370 3864 ς
402 3796 451 3852 21.
496 3794 573 3854 Sunt
600 3795 686 3852 huius
713 3794 830 3870 generis
859 3794 995 3869 exempla
1016 3793 1130 3868 aliquot

68 3871 91 3928 in
119 3879 306 3953 epistularum
340 3881 378 3936 ad
405 3881 538 3937 Atticum
573 3881 672 3938 codice
700 3880 849 3950 Mediceo‚
888 3890 921 3936 ut
948 3880 995 3950 ΙΙ,
1026 3881 1080 3949 20,
1111 3879 1128 3932 2

68 3960 147 4024 (nnat
173 3977 197 4022 et
224 3968 294 4040 qnid
320 3969 370 4022 ent
397 3971 475 4038 certi,
518 3966 606 4023 etiem
634 3965 712 4042 apud
740 3965 886 4040 Bosiutp),
925 3965 971 4034 X,
1001 3967 1020 4022 4
1054 3974 1130 4020 extr.

68 4050 145 4110 idmtd
175 4062 199 4108 et
232 4054 323 4109 videm
355 4056 509 4122 Cnn'onem,
543 4052 632 4109 ctiam
661 4053 691 4110 in
714 4052 796 4110 Bosii
819 4049 927 4130 codd),
956 4052 1001 4114 X,
1028 4051 1080 4117 16,
1111 4051 1128 4104 4

68 4131 146 4192 (antid
166 4147 191 4192 et
211 4141 239 4193 in
260 4139 409 4196 Cumanum
429 4141 500 4208 ceni,
524 4138 613 4196 etiam
640 4139 718 4214 apud
729 4137 904 4196 Lambinum
932 4147 962 4192 et
984 4135 1129 4208 Roaiam),

69 4215 145 4286 xvi,
171 4226 224 4294 11,
249 4226 267 4281 6
292 4224 387 4300 (sinaut
408 4234 432 4280 et
458 4223 638 4298 consn'tnero).
689 4223 748 4283 Sed
770 4225 825 4281 hoc
849 4223 960 4298 ipsum,
994 4222 1073 4296 quod
1099 4222 1128 4278 in

70 4319 116 4360 uno
139 4307 189 4366 illo
216 4310 410 4386 epistularum
438 4309 587 4366 volumine
615 4310 737 4380 totiens,
771 4310 843 4366 alibi
870 4327 1029 4382 utrinquam
1058 4307 1129 4384 legi·

70 4397 119 4458 tur,
139 4392 223 4465 facit,
252 4405 285 4452 ut
308 4395 453 4471 suspicer,
482 4406 611 4452 veterent
635 4395 787 4454 librarium
810 4397 889 4452 minoi
916 4413 969 4468 pro
997 4395 1077 4450 siriani
1097 4413 1130 4448 oc
