2944 5040
419 362 522 408 {sorix
547 361 661 408 1111111151
684 362 726 406 ΕΤ
752 363 937 408 VERBORUM.

191 537 247 596 1115
271 538 326 606 76;
349 535 509 610 repetendo
527 545 595 614 post
612 537 665 590 m'si

192 621 269 692 515;
303 640 321 678 5
349 622 466 678 nomine
495 620 663 677 interventu

192 707 407 765 coniunctionis
446 716 498 762 551
530 704 663 763 adverbii

192 804 329 870 separata
374 793 450 862 218,
495 791 663 848 interventu

191 881 268 938 alius
298 878 425 936 nominis
459 877 560 934 eodem
593 894 663 934 casu
697 940 700 946 ¹

193 968 269 1034 4013
292 963 468 1040 interposita
500 963 578 1020 15155
609 972 664 1018 turn

193 1059 223 1108 51
254 1051 432 1108 5615511555
469 1050 547 1117 651;
586 1066 663 1122 quae

192 1137 286 1194 eidem
321 1135 533 1212 praepositioni
557 1151 661 1210 parere

193 1223 353 1291 debebant,
377 1221 520 1278 dissoluta
544 1220 614 1277 797.

150 1309 354 1378 Praescribam
381 1309 561 1382 praescriptio
593 1306 661 1377 140,

195 1395 265 1451 764.

151 1481 287 1536 Praesens
309 1489 339 1535 et
360 1497 452 1535 ussum
478 1478 547 1534 106.

151 1565 296 1622 Praesens
320 1563 499 1621 555155511νί
527 1580 581 1637 pro
608 1561 662 1618 im·

194 1650 325 1727 perfecto
353 1649 383 1707 in
411 1648 558 1706 sententia
585 1666 662 1704 nexa

193 1757 209 1793 e
229 1735 425 1794 condicionali
444 1735 499 1804 58;
522 1751 662 1809 praesens

194 1832 223 1879 et
250 1819 453 1896 imperfectum
485 1820 611 1877 mixtum
635 1819 663 1875 in

194 1906 377 1983 exponendis
421 1905 663 1982 philosophorum

195 1993 348 2051 sententiis
375 1994 443 2058 117,
468 1993 538 2048 459.

152 2082 327 2150 Praesertim,
350 2079 580 2153 55155555555155
595 2077 663 2133 188.

152 2167 268 2222 Praesto
283 2167 348 2238 fieri
368 2182 427 2221 non
450 2163 558 2220 dieitur
581 2163 652 2219 445.

151 2253 349 2324 Praeterquam
372 2283 413 2290 -
426 2260 569 2324 praetereo
593 2249 664 2305 711.

151 2339 281 2394 Ρ5551155
303 2336 479 2392 membrorum
502 2335 574 2392 525.

151 2422 253 2480 Prima
275 2431 397 2478 naturae
422 2421 492 2492 202,
507 2420 578 2490 633,
593 2420 664 2490 708,

197 2509 256 2564 815
281 2526 344 2582 sqq.
374 2507 554 2584 (Primigenia
578 2502 664 2583 817.)

152 2597 262 2652 Pmmor
285 2594 355 2650 436.

152 2682 275 2738 Primum
287 2697 346 2735 non
358 2685 498 2753 sequente
505 2677 647 2734 65156537
657 2695 664 2744 ;

109 2809 114 2818 .
190 2769 310 2842 primum
327 2766 401 2838 quod
417 2797 458 2805 -
476 2765 571 2820 deinde
594 2763 665 2820 796.

154 2854 263 2910 Pm'mus
291 2853 405 2925 5515555
429 2847 563 2928 (primum
585 2850 665 2923 quid·

195 2936 275 3012 5516)
289 2937 366 3004 318;
386 2937 470 3010 primi
481 2937 597 2991 15511555
610 2935 665 3003 24;

194 3045 212 3081 5
230 3027 319 3098 primo
343 3021 413 3078 397.

153 3113 292 3184 Pm'nee'piu
303 3126 381 3180 cruere
398 3125 456 3163 non
468 3105 576 3162 dieitur
589 3105 664 3174 7313

190 3197 328 3271 5151151515
344 3194 482 3249 55155555
504 3191 563 3248 vid.
571 3194 665 3267 pruno

194 3291 316 3338 uulurue.

151 3371 210 3424 Pro
232 3387 280 3424 suo
302 3363 385 3441 (meo)
409 3367 466 3419 iure
490 3362 561 3419 737.

151 3455 276 3511 Proelive
298 3459 328 3506 51
347 3451 462 3524 proclivi
484 3449 555 3505 754.

151 3529 346 3626 Προηγμεῑνον
369 3535 441 3605 432,
465 3534 537 3606 435,
563 3535 633 3591 440.

151 3623 297 3712 11555555
322 3620 393 3692 420,
418 3621 488 3676 578.

152 3702 314 3783 1155151515
338 3706 387 3762 68.

151 3792 331 3863 Prmuulpure
342 3810 402 3848 rem
411 3791 584 3848 1555115155
595 3791 663 3848 162.

150 3877 319 3934 Pronomen
343 3877 491 3952 singulare
514 3876 552 3932 56
569 3877 664 3933 55115-

195 3980 259 4018 nem
288 3963 455 4038 generalem
489 3963 519 4018 in
547 3963 665 4019 nomine

194 4047 302 4122 plurali
324 4048 464 4105 latentem
489 4048 566 4116 2483
600 4049 664 4124 plu-

193 4132 255 4189 rale
262 4134 301 4190 ad
311 4153 418 4190 nomen
425 4133 574 4210 singulare
588 4134 664 4203 5663

194 4238 357 4294 pronomen
379 4217 507 4276 refertur
534 4219 572 4276 56
596 4219 664 4275 555-

194 4305 315 4362 515511νί
337 4307 486 4363 notionem
515 4305 545 4362 in
568 4305 664 4362 56155-

1166 345 1229 409 863

759 533 820 592 tivo
848 535 991 591 inclusam
1023 535 1062 592 38
1092 547 1121 592 et
1151 537 1228 606 6293

758 629 863 677 neutro
885 639 993 696 genere
1023 630 1091 696 5551
1112 619 1229 679 femini·

758 725 828 763 uum
851 724 958 762 nomen
985 707 1023 762 ad
1045 725 1227 764 communem

758 792 909 848 notionem
921 793 1045 849 relulum
1055 792 1131 860 3743
1143 811 1228 868 prae·

759 877 848 934 615511
870 877 965 934 vicem
989 877 1137 936 sustinens
1157 879 1227 950 558,

760 963 822 1020 579
835 961 942 1042 (591);
960 963 1229 1040 15651115555555-

759 1049 897 1106 nuntians
933 1049 1009 1120 635;
1043 1051 1229 1108 substantivo

758 1135 927 1192 adiunctum
945 1155 1000 1212 pro
1010 1135 1149 1211 genetivo
1174 1137 1230 1214 (515

759 1223 843 1291 dolor,
868 1221 898 1277 id
921 1231 975 1292 551,
1000 1223 1078 1278 511155
1090 1219 1143 1300 551)
1157 1223 1229 1294 256,

758 1307 835 1376 406;
859 1307 1012 1364 55556555
1034 1307 1230 1382 5556156511.

758 1389 945 1470 (1555555115)
965 1393 1041 1465 356;
1066 1409 1229 1469 pronomen

758 1478 976 1536 substantivum
1000 1487 1030 1535 et
1051 1479 1229 1536 adieetivum

757 1572 862 1621 neutro
884 1583 992 1641 genere
1016 1565 1066 1635 40,
1086 1566 1136 1636 80,
1157 1565 1229 1637 443,

759 1649 829 1706 633.
874 1650 1062 1708 Pronominis
1089 1651 1172 1708 15555
1199 1651 1229 1706 15

758 1735 905 1792 sententia
926 1736 1042 1793 infinita
1068 1737 1135 1793 100.

717 1823 884 1879 Pronomen
908 1823 944 1878 56
967 1821 1103 1897 superius
1116 1822 1230 1879 555155-

760 1915 819 1986 1551
843 1907 967 1964 relatam
991 1927 1060 1964 num
1076 1907 1231 1964 omittatur

759 1992 788 2048 in
817 1991 932 2050 infinita
959 1994 1105 2049 sententia
1138 1992 1230 2050 laturi

759 2077 858 2147 activi,
884 2079 954 2135 660.

716 2166 885 2223 Pronomen
913 2163 1176 2222 demonstrativum
1199 2163 1230 2220 in

760 2249 958 2306 continuanda
976 2249 1102 2306 relative.
1114 2259 1230 2306 senten·

760 2335 803 2392 115
832 2335 886 2405 88;
920 2335 1053 2392 55515515
1085 2335 1231 2411 particula

760 2425 827 2478 5515
852 2422 928 2490 387;
965 2421 1016 2478 551
1045 2440 1103 2478 555
1137 2421 1232 2498 555511

760 2505 856 2564 omitti
884 2506 1135 2578 55155515115515,
1160 2509 1230 2574 414,

760 2593 837 2661 421;
860 2593 1013 2650 55556555
1036 2601 1231 2668 5551555155-

761 2678 830 2734 tiam
865 2678 1018 2735 relativam
1052 2681 1129 2748 641,
1165 2687 1232 2754 5551

760 2764 1011 2838 comparationem
1033 2765 1129 2821 aliave
1141 2763 1231 2822 inter·

760 2849 857 2924 positu
892 2850 967 2915 7313
1012 2849 1090 2925 5556
1124 2853 1231 2924 quidem

762 2934 838 3003 545;
862 2953 1021 3010 pronomen
1042 2935 1149 3011 plurali
1178 2955 1231 2992 nu-

760 3039 856 3090 mero,
890 3019 941 3076 ubi
964 3039 1023 3076 555
1045 3041 1092 3078 res
1115 3021 1232 3078 videtur

760 3106 852 3181 sequi,
871 3107 941 3164 797.
988 3105 1111 3165 01515.

716 3193 884 3250 Pronomen
896 3192 1051 3248 relativum
1070 3211 1127 3249 non
1145 3211 1230 3248 5555-

759 3287 822 3334 rute
851 3277 1082 3335 demonstrativo
1109 3296 1230 3353 respon·

761 3363 832 3420 dens
846 3364 918 3432 212,
932 3365 992 3421 465
1018 3365 1064 3440 (eu
1082 3383 1111 3420 eo
1125 3383 1229 3436 555555,

760 3445 859 3528 quoe);
900 3460 1040 3523 sequente
1074 3450 1230 3525 epexegesi

764 3535 838 3605 1553
861 3535 897 3591 de
915 3535 1054 3592 universo
1066 3553 1173 3612 genere
1185 3553 1230 3591 re-

760 3621 852 3676 latum
875 3620 912 3677 ud
935 3621 1021 3677 unius
1045 3621 1230 3696 reiappella-

759 3706 869 3764 tionem
884 3706 958 3768 555;
982 3707 1011 3763 15
1034 3725 1124 3764 55555
1140 3706 1230 3782 signi-

760 3792 875 3848 ficanda
904 3792 980 3857 702;
1021 3793 1135 3868 plurale
1163 3800 1231 3866 post

761 3895 866 3934 nomen
887 3877 1035 3953 singulare
1048 3887 1170 3954 propter
1180 3898 1230 3954 ge·

760 3963 838 4020 neris
872 3963 1115 4039 significationem
1158 3965 1228 4034 778,

760 4047 812 4106 eir.
837 4049 913 4120 723,
939 4050 1015 4117 725;
1060 4051 1096 4106 56
1125 4050 1229 4106 obsen-

759 4153 821 4191 ram
854 4153 1044 4210 personarum
1079 4136 1228 4193 notionem

760 4221 1010 4278 accommodatum
1033 4223 1085 4290 143
1103 4222 1166 4278 eius
1179 4223 1229 4296 qui

760 4325 845 4364 55555
878 4306 915 4362 55
943 4325 991 4366 eo.
1032 4307 1083 4380 qui
1116 4307 1230 4382 positus
