2998 5020
409 361 453 407 ur
476 361 557 407 nnn.
579 360 642 406 nna.
665 359 687 406 v
709 359 782 406 one.
804 363 843 410 ra.
1084 342 1144 406 671

90 530 170 595 linis
196 549 278 609 esse,
310 549 349 596 ea
376 530 464 596 nobis
491 530 562 611 ipsa
589 547 662 594 cara
688 547 757 594 esse
785 535 914 610 propter
936 547 971 594 se
1004 533 1036 592 et
1056 529 1087 593 in
1109 527 1147 592 iis

90 651 151 698 esse
175 635 215 699 ed
245 634 321 698 bene
348 633 514 698 vivendum
541 637 695 696 momento
716 631 856 696 maxima.
900 631 980 695 Nem
1002 630 1051 696 cui
1073 648 1147 710 pro-

89 735 182 816 posita
202 734 244 799 sit
265 735 458 800 conservatio
480 734 542 814 sui,
575 752 702 799 necesse
728 740 778 798 est
803 733 873 798 huuc
895 740 1002 813 partes
1024 749 1147 813 quoque

88 837 133 901 sui
152 856 237 902 caras
255 856 336 916 esse,
359 838 571 919 carioresque,
594 855 655 917 quo
677 833 877 916 perfectiores
905 835 968 900 sint
994 839 1027 899 et
1047 835 1147 915 magis

86 940 117 1003 in
137 957 189 1003 suo
209 958 322 1021 genere
344 939 521 1005 laudabiles.
566 939 613 1003 Ea
634 939 715 1002 emin
736 939 801 1003 vita
819 937 982 1018 expetitur,
1005 955 1085 1018 quae
1108 935 1185 1002 sitb

87 1041 173 1104 aniuii
204 1041 404 1124 corporisque
438 1042 561 1122 expleta
593 1041 774 1118 virtutibus,
807 1041 838 1104 in
867 1059 965 1122 eoque
993 1055 1146 1103 summum

86 1144 191 1208 boumn
213 1143 287 1225 poni
308 1149 508 1222 necesseest‚
536 1144 660 1225 quando
671 1142 797 1225 quidem
818 1143 850 1206 id
871 1142 933 1206 tale
955 1159 1024 1206 esse
1046 1139 1147 1218 debet,

86 1252 239 1310 utrarum
260 1248 504 1326 expetendarum
526 1245 567 1310 sit
588 1251 767 1310 extremum.
813 1245 881 1322 Quo
903 1243 1033 1325 cognito,
1057 1241 1146 1306 dubi·

85 1349 141 1412 tari
162 1367 221 1412 nou
244 1355 356 1429 potest,
379 1348 462 1429 quin,
484 1367 552 1412 curn
575 1347 636 1429 ipsi
658 1347 796 1412 homines
818 1347 876 1412 sibi
898 1347 960 1411 sint
981 1365 1039 1426 per
1060 1363 1095 1408 se
1116 1349 1148 1408 et

85 1468 138 1514 sua
159 1455 269 1530 sponte
290 1451 362 1529 cari,
385 1457 491 1530 partes
514 1468 638 1532 quoque
650 1450 832 1531 etcorporis
851 1449 1146 1514 etanimieteorum
1165 1450 1207 1513 10

83 1569 194 1629 renmn,
222 1571 301 1634 quac
324 1559 397 1617 sunt
417 1553 448 1616 in
470 1552 632 1634 utriusque
653 1560 740 1616 motu
761 1558 793 1616 et
814 1557 911 1630 statu,
939 1569 997 1615 sua
1018 1549 1148 1614 caritate

83 1654 218 1718 colantur
240 1661 270 1719 et
292 1673 349 1735 per
371 1673 404 1719 se
427 1655 515 1736 ipsae
537 1661 735 1735 appetantur.
780 1656 830 1719 38.
854 1654 973 1731 Quibus
989 1651 1146 1734 expositio,

82 1755 174 1820 facilis
197 1765 244 1820 est
266 1756 449 1836 amaena,
472 1776 509 1822 co
532 1758 663 1821 maxime
685 1776 754 1822 esse
776 1757 949 1838 expetenda
966 1774 1003 1819 ex
1022 1751 1147 1830 uostris,

82 1876 159 1940 quae
179 1858 344 1939 plurimum
366 1859 480 1924 habent
501 1860 670 1942 dignitatis,
692 1865 727 1923 ut
749 1859 883 1939 optimae
904 1857 1051 1938 cuiusque
1073 1873 1146 1935 par-

81 1961 127 2037 tis,
156 1979 235 2041 quae
264 1979 321 2040 per
349 1979 382 2026 se
410 1969 586 2042 expetatur,
620 1961 719 2026 virtus
747 1961 789 2026 sit
815 1961 986 2041 expetenda
1008 1957 1146 2022 maxime.
1166 1961 1206 2024 15

81 2063 126 2125 lta
146 2061 214 2140 fiet,
246 2069 281 2125 ut
303 2063 396 2126 animi
418 2063 516 2127 dctus
539 2064 678 2144 corporis
700 2063 808 2128 virtuti
830 2067 1052 2143 anteponatur,
1079 2059 1146 2123 ani-

81 2165 179 2244 mique
192 2163 321 2228 uirtutes
340 2184 402 2229 uon
423 2165 614 2230 voluntarias
641 2167 766 2230 vincant
793 2166 924 2230 virtutes
946 2161 1147 2240 voluntariae,

81 2285 157 2346 quoe
180 2265 303 2346 quidem
326 2267 454 2347 proprie
475 2268 606 2332 virtutes
628 2267 825 2349 appellantur
835 2268 1026 2347 multumque
1048 2265 1146 2330 excel·

134 2477 152 2517 Ι.
170 2469 207 2518 lis
225 2469 337 2521 nocer.
375 2476 397 2522 2.
416 2481 531 2520 momentu
549 2473 631 2526 ornll
662 2472 832 2538 proposcisent
849 2472 872 2520 R
907 2477 929 2523 4,
952 2469 1008 2538 [duo
1024 2469 1147 2536 persentio-

78 2555 117 2656 ἷεδιΙ
132 2538 209 2656 {Hm
228 2538 391 2657 oziLbfiuoaclo
410 2539 468 2604 qnid
484 2539 533 2607 Eli]
585 2546 620 2590 ll.
640 2559 686 2590 aaa
704 2559 716 2591 e
734 2541 835 2591 carcaa
852 2540 875 2588 Ε
932 2545 967 2588 la.
987 2557 1004 2589 a
1021 2540 1107 2589 andrie
1126 2539 1147 2587 Ε

77 2793 133 2838 torn
157 2781 232 2839 locis
251 2781 382 2857 intellegi
405 2782 544 2852 debebat,
575 2801 662 2856 quarn
685 2783 767 2841 nulla
789 2793 866 2840 esset
887 2783 1019 2840 codicum
1042 2783 1072 2838 in
1095 2782 1147 2838 illo

76 2886 144 2924 onan
168 2865 239 2944 (laco)
262 2867 430 2924 auctoritas.
475 2867 533 2926 Sed
556 2867 648 2926 Gaius
670 2888 707 2926 ne
729 2869 759 2926 id
787 2870 903 2944 quidem
927 2868 1087 2938 intellexit,
1116 2887 1147 2923 ea

75 2971 139 3009 esse
162 2952 293 3009 animum
316 2960 346 3008 et
367 2971 482 3028 corpus.
526 2954 621 3010 Paulo
644 2964 711 3028 post
733 2956 810 3028 quod
832 2965 899 3031 post
926 2957 995 3010 vitae
1017 2953 1146 3028 appella-

76 3038 185 3094 tionem
205 3037 342 3136 'sequitur
364 3041 390 3094 in
413 3058 502 3113 eoque,
526 3048 629 3096 neutro
651 3059 767 3116 genere,
791 3041 827 3096 de
849 3059 884 3096 eo
902 3039 963 3096 dixi
975 3039 1082 3110 adm
1097 3039 1145 3094 21.

73 3123 109 3180 In
131 3123 213 3180 omni
236 3133 332 3180 autern
356 3124 498 3181 hocloco
521 3125 736 3183 conclusionem
759 3123 1147 3202 argumentisaepiusquasi

72 3209 104 3264 in
125 3209 252 3265 eundem
275 3208 375 3266 orbern
397 3210 511 3268 revolvi
533 3218 563 3266 et
585 3228 670 3286 eopia
680 3212 806 3285 quadam
818 3211 973 3268 verborum
990 3209 1146 3285 implicari,

72 3295 264 3369 perspicuum
287 3303 339 3352 est.

160 3389 184 3436 et
205 3399 298 3436 comm
321 3377 424 3458 rerum)
453 3381 588 3451 Rectius,
612 3381 730 3456 opinor,
759 3381 864 3441 Cicero
887 3380 1025 3438 dixisset·
1054 3389 1079 3436 ct
1100 3399 1146 3436 eae

70 3465 238 3522 reaNam
261 3465 350 3522 animi
374 3475 404 3522 et
426 3466 556 3541 corporis
579 3475 609 3523 et
631 3476 729 3542 partes
752 3466 962 3525 etaffectiones
985 3465 1068 3542 (quae
1084 3475 1146 3522 sunt

70 3553 100 3606 in
122 3560 193 3606 motu
217 3561 241 3607 et
263 3549 348 3624 statu)
372 3569 457 3608 cerae
480 3559 561 3620 sunt;
595 3549 782 3610 effectionum
810 3562 909 3649 partes
931 3572 989 3609 nou
1012 3561 1141 3650 apte
1103 3551 1146 3608 di·

69 3645 189 3692 cuntur.
233 3635 291 3694 Illo
314 3636 400 3693 ruodo
424 3636 568 3696 Stobaeus
590 3657 618 3713 p.
633 3639 712 3694 248.
733 3628 882 3696 dator
826 3657 905 3730 γαρ
925 3631 999 3695 εἶναι
1021 3657 1088 3733 ημιν
1109 3627 1144 3692 τὸ
1171 3675 1179 3682 -

68 3716 170 3812 σῶμα,
195 3714 284 3817 φίλην
305 3710 336 3777 da
336 3739 410 3819 cqc
432 3734 547 3797 ψυχην,
570 3715 643 3796 qaia
667 3712 698 3779 di
719 3712 757 3779 ccl
778 3741 893 3780 concur
914 3716 997 3798 με’,ρη
1020 3709 1069 3778 καὶ
1091 3711 1146 3785 τὰς

69 3790 213 3877 δυνάμεις
236 3793 285 3860 καὶ
307 3795 362 3871 τὰς
375 3801 518 3883 ενεργείας
537 3803 662 3886 (non
621 3826 679 3863 των
691 3795 868 3884 δυνάμεων).
896 3807 1005 3864 Mox'
981 3826 1043 3864 sune
1055 3805 1145 3863 dubio

68 3887 164 3946 etiarn
187 3890 339 3966 spinaco
361 3911 375 3947 e
397 3911 453 3948 car.
476 3889 541 3968 [Β]
564 3911 622 3950 non
645 3912 696 3948 sorr
717 3903 742 3948 et
762 3911 818 3949 car.
1005 3943 1007 3948 .

160 3977 208 4034 38.
232 3996 303 4051 quae
319 3979 467 4052 plurimum
490 3979 586 4035 liabent
575 3976 747 4052 icliqrzitatcsss)
770 3978 889 4035 Rectius
902 3989 987 4046 esset,
1001 3976 1145 4050 quodEr-

67 4060 185 4119 nescius
207 4063 386 4136 requirebat,
411 4063 532 4120 babeant.
570 4064 644 4121 Post
666 4064 743 4120 enirn
767 4064 882 4120 demum
906 4063 1051 4132 delinitur,
1074 4062 1146 4136 quid
1185 4113 1191 4122 .

67 4143 232 4216 plurimum
256 4148 407 4224 dignitatis
429 4149 551 4218 habeat3
583 4149 632 4206 bic
658 4149 803 4224 generalis
831 4149 912 4206 notio
935 4149 1093 4206 includitur
1114 4149 1144 4205 in

66 4225 247 4290 senientiam
272 4233 423 4290 infinitam.
463 4233 522 4294 Sed
545 4235 648 4294 Cicero
671 4243 767 4292 certae
790 4235 833 4291 rei
855 4235 1004 4292 notionem
1026 4253 1145 4311 praece·

65 4315 122 4388 pit.
170 4318 232 4378 Cir.
254 4319 292 4376 ad
314 4319 392 4390 1,55
416 4320 604 4396 (subornant).
