2962 5014
328 389 417 454 LXII
758 405 954 454 PRAEFtTw.

328 575 584 664 philosophorum
617 574 780 640 sententiis
813 575 1032 656 disputantem,
1081 575 1198 639 Eodem
1231 575 1327 659 igitur
1350 582 1401 638 aut

330 687 442 751 saltem
464 674 555 748 simili
577 685 670 748 modo
692 702 759 748 rem
780 683 952 749 instituisse
980 684 1012 748 in
1042 683 1090 748 bis
1118 682 1205 748 libris
1234 685 1400 750 censendus

331 813 368 858 eo
390 793 489 875 magis
511 798 574 871 est,
608 793 692 873 quod
714 811 776 856 nou
799 792 932 857 obscura
953 791 1084 874 vestigia
1111 792 1144 857 id
1165 797 1333 870 testantur,
1363 793 1401 856 dc

330 902 443 983 quibus
465 919 503 966 ex
525 899 631 982 ahqua
651 907 743 981 parte
764 900 826 965 iam
848 900 1047 966 alibidictum
1071 920 1091 965 a
1112 907 1230 965 meost
1257 900 1400 981 Inprimo

329 1011 409 1075 libro
438 1009 497 1074 etsi
520 1027 616 1089 saepe
643 1008 743 1089 ipsius
770 1009 898 1090 Epicuri
926 1009 1029 1073 verbis
1056 1009 1169 1087 utitur,
1193 1015 1296 1073 tamen
1319 1016 1402 1089 patet

330 1120 363 1202 (ξ
386 1119 425 1183 31
450 1124 483 1182 et
503 1117 545 1182 66
558 1117 650 1198 sqq.),
673 1117 880 1198 posteriorem
902 1116 1037 1200 aliquem
1059 1118 1087 1182 ci
1099 1117 1286 1198 Epicureum
1298 1119 1400 1181 durem

329 1226 434 1306 fuisse,
457 1243 513 1290 nec
535 1225 667 1290 obscure
688 1226 758 1306 ipse
770 1226 802 1308 (ξ
816 1228 870 1307 16)
892 1225 1070 1290 Phaedrum
1083 1225 1258 1307 significare
1274 1226 1402 1290 videtur.

328 1337 367 1400 ln
389 1334 525 1399 secundo
546 1333 625 1398 bbro
648 1353 836 1416 quamquam
857 1333 986 1398 liberior
1015 1343 1063 1398 est
1089 1333 1217 1414 Epicuri
1244 1335 1405 1399 insectatio

331 1461 513 1524 eorumque,
540 1461 622 1523 quae
643 1444 685 1507 ad
706 1442 853 1506 virtutem
875 1443 1150 1507 commendandam
1172 1443 1330 1521 dicuntur,
1351 1461 1405 1507 ex-

330 1552 462 1628 ornatio,
484 1558 589 1616 tameu
611 1551 704 1615 etiarn
727 1569 777 1630 ea,
811 1567 892 1633 quae
919 1550 1020 1615 videri
1046 1550 1169 1631 possint
1196 1551 1236 1614 ab
1262 1551 1330 1632 ipso
1351 1567 1405 1615 ex-

330 1661 474 1742 cogitata,
496 1679 516 1724 a
538 1658 666 1724 Graccis
690 1665 815 1739 sumpta
836 1677 915 1736 esse,
938 1659 1079 1739 exemplo
1102 1663 1151 1723 est
1171 1657 1256 1736 illud,
1280 1659 1405 1740 quodin

330 1770 348 1851 ξ
372 1769 436 1833 100
457 1767 774 1832 commemoravimus.
807 1765 873 1832 Nec
895 1766 1031 1832 dubitari
1051 1772 1165 1847 potest,
1188 1767 1408 1848 quinmaxinxa

330 1895 406 1957 pars
435 1875 611 1958 Chrysippo
639 1875 789 1940 debeatur
816 1877 849 1958 (ξ
876 1876 947 1956 44),
989 1875 1054 1939 sive
1080 1894 1117 1939 ex
1145 1875 1245 1956 ipsius
1266 1874 1344 1939 libro
1365 1895 1405 1942 ea

331 1985 438 2050 Cicero
470 1983 626 2064 excerpsit
653 1983 718 2048 sive
745 2003 783 2048 ex
815 1983 960 2064 abemus,
994 1983 1047 2064 qui
1075 2002 1145 2048 eum
1174 1989 1298 2048 secutus
1328 1996 1407 2052 erat.

332 2094 379 2158 De
401 2092 494 2157 tertio
516 2092 594 2156 libro
616 2091 789 2173 expositiun
818 2098 868 2156 est
893 2092 924 2156 in
947 2109 1080 2157 excursu
1101 2092 1223 2173 quinto;
1260 2097 1407 2174 quartum

331 2207 363 2266 et
385 2201 526 2281 quintum
548 2205 632 2264 totos
654 2200 693 2265 ab
705 2199 858 2264 Antiocho
881 2218 959 2280 esse,
988 2206 1020 2264 et
1047 2201 1117 2281 ipsa
1139 2201 1278 2265 ostendit
1299 2200 1408 2266 (icero

329 2315 361 2374 et
383 2309 498 2374 dictmn
521 2314 570 2373 est
591 2309 631 2372 da
649 2327 686 2373 ea
707 2327 743 2373 re
764 2309 795 2372 in
819 2327 951 2372 excursu
973 2309 1114 2390 septimo.

415 2419 486 2500 §4-
530 2417 665 2481 Ferreus
688 2416 741 2493 sit,
775 2435 868 2497 quem
890 2434 952 2481 non
974 2424 1100 2482 moveat
1125 2419 1227 2498 imago
1251 2417 1410 2483 Ciceronis

330 2527 411 2590 inter
432 2525 633 2607 gravissimas
656 2542 756 2603 curas,
779 2544 817 2589 cx
839 2525 978 2590 honestis
1001 2525 1104 2590 causis
1126 2533 1223 2604 ortas,
1245 2527 1285 2590 de
1306 2525 1410 2606 philo-

332 2633 442 2716 sophia
464 2633 627 2698 scribendo
649 2632 796 2696 solatium
818 2633 977 2714 capientis.
1033 2634 1095 2698 Sed
1123 2641 1226 2698 tamen
1254 2651 1316 2697 non
1339 2640 1411 2698 erat

331 2761 369 2807 ea
402 2742 495 2806 animi
528 2748 765 2823 temporumque
793 2741 931 2806 condicio
959 2742 1122 2822 aptissima
1144 2743 1185 2808 ad
1207 2741 1287 2806 hanc
1309 2747 1411 2806 mate·

333 2850 419 2928 nam,
443 2850 472 2913 ei
493 2849 689 2931 praesertim,
712 2849 765 2931 qui
788 2848 820 2913 in
842 2851 900 2916 hoc
921 2869 1036 2932 genere
1057 2850 1223 2932 cogitandi,
1245 2869 1308 2932 quo
1319 2849 1413 2930 ipsae

332 2957 474 3022 notiones
497 2957 579 3021 omni
601 2958 741 3021 detracto
763 2958 921 3022 involucro
944 2957 1111 3022 artificiose
1133 2965 1323 3036 tractantur,
1348 2977 1412 3021 non

333 3072 418 3130 esset
440 3065 722 3130 exercitatissimus.
766 3067 887 3147 Itaque,
909 3066 968 3130 nisi
991 3066 1201 3147 superstitiosi
1223 3065 1336 3130 merito
1349 3065 1412 3128 dici

330 3173 482 3252 volumus,
505 3172 712 3238 confitendum
724 3181 901 3255 estaperte,
924 3173 1074 3238 accidisse
1090 3175 1246 3238 interdum
1259 3173 1415 3252 Ciceroni,

332 3281 465 3364 quaein
487 3282 543 3346 tali
565 3301 660 3348 causa
682 3284 874 3364 expectanda
896 3289 993 3347 erant.
1036 3283 1116 3346 Nam
1143 3281 1316 3358 interdum,
1340 3299 1415 3344 cum

330 3390 492 3456 incidisset
513 3391 544 3454 iu
567 3409 617 3454 res
640 3391 840 3471 spinosiores,
863 3391 1016 3471 quaedam
1039 3390 1278 3454 nimisbreviter
1301 3397 1333 3454 et
1356 3388 1416 3452 ob·

332 3515 422 3564 scure
445 3499 614 3579 excerpsit,
649 3500 779 3563 maxime
806 3499 837 3562 in
865 3497 944 3562 libro
967 3499 1059 3562 tertio
1082 3501 1131 3574 (ut
1153 3497 1254 3578 capite
1277 3495 1418 3577 septimo

332 3606 579 3688 aliisquelocis),
602 3606 663 3670 alia
686 3607 730 3670 sic
751 3607 870 3688 posuit,
893 3613 1008 3669 utnon
1032 3607 1107 3670 satis
1130 3613 1313 3686 appareret,
1349 3622 1418 3686 quo

334 3721 515 3795 spectarent
537 3715 586 3794 (ut
607 3715 663 3792 III,
686 3714 728 3779 35
751 3719 783 3778 et
803 3716 876 3796 49),
908 3714 940 3777 in
968 3714 1153 3795 quibusdam
1176 3731 1238 3778 non
1262 3713 1340 3776 satis
1365 3719 1419 3775 at-

332 3824 433 3888 tendit
459 3823 500 3887 ad
528 3821 747 3902 disputationis
780 3841 981 3903 progressum
1009 3823 1059 3896 (ut
1080 3821 1118 3900 V,
1146 3823 1219 3902 46),
1253 3819 1421 3884 nonnuliis

331 3931 408 3996 locis
440 3935 694 4012 argumentorum
728 3931 848 3994 ratione
877 3930 1092 3994 conclusorum
1125 3927 1256 3993 formam
1284 3933 1317 3992 et
1350 3927 1421 3990 vini

215 4036 218 4040 ’
332 4056 445 4119 parum
467 4037 621 4120 expressit
642 4039 692 4119 (ut
712 4039 753 4117 II,
777 4039 848 4116 100,
870 4037 1148 4120 111,as,1v,5o),
1171 4056 1233 4102 uno
1256 4045 1287 4100 et
1308 4035 1423 4099 altero

331 4146 399 4210 ioco
422 4165 554 4226 prorsus
579 4145 734 4210 notionem
756 4145 801 4210 rei
823 4145 1028 4226 perturbavit,
1050 4154 1086 4209 ut
1107 4145 1161 4223 iV,
1174 4148 1225 4223 58,
1247 4144 1425 4224 alienaque

333 4253 504 4332 admiscuit,
527 4261 562 4319 ut
584 4273 653 4319 curn
666 4255 800 4336 Epicuro
823 4253 957 4318 Stoicam
978 4251 1049 4317 finis
1062 4252 1272 4319 definitionem
1290 4251 1425 4329 subicit,
