3000 5044
333 375 397 438 504
720 393 765 438 on
787 392 918 440 eminus
941 393 1012 440 non.

332 561 431 642 gitur,
465 560 538 642 quia
564 561 727 626 coniuncta
759 561 787 626 ei
814 561 914 626 virtus
942 569 1003 640 est,
1041 562 1072 626 in
1106 561 1275 644 sapientem
1305 560 1403 624 solum

333 663 430 742 cadit,
453 664 542 744 isque
563 661 633 727 finis
656 662 815 742 bonorum,
838 669 874 727 ut
895 663 934 728 ab
956 663 1034 746 ipsis
1057 663 1166 728 Stoicis
1189 664 1341 743 scriptum
1363 662 1408 725 ri-

333 765 668 843 demus,aXenoerate
680 771 774 846 atspue
785 765 824 829 ab
835 765 1003 830 Aristotele
1015 766 1201 830 constitutus
1213 772 1268 829 est
1294 765 1406 845 Itaque

333 866 373 931 ab
395 866 432 931 iis
455 866 633 932 constitutio
655 866 707 932 illa
728 867 830 948 prima
851 875 995 946 naturae,
1025 887 1045 932 α
1067 886 1129 951 qua
1151 873 1186 930 tu
1208 885 1334 948 quoque
1356 886 1406 930 or-

294 969 467 1047 bcliebare,
489 968 537 1033 his
559 988 659 1051 prope
681 969 783 1034 verbis
805 969 977 1052 exponitur.

419 1071 488 1134 VH.
514 1073 561 1135 16.
597 1071 705 1134 Omnis
728 1077 840 1136 natura
862 1071 929 1135 vult
951 1091 1020 1136 esse
1042 1072 1253 1136 conservatrix
1277 1071 1340 1148 sui,
1375 1081 1406 1132 ut

405 1321 424 1367 1.
444 1315 645 1365 αι’σονιιὶιιιειαίι
685 1325 720 1364 est
738 1316 813 1366 αι’νιιιι
831 1317 854 1366 Ε
899 1323 922 1364 ι.
944 1317 981 1366 δίε
1007 1315 1147 1382 [Amnon.
1182 1323 1271 1364 natura
1289 1313 1406 1380 [AJEPR

332 1392 415 1433 nostro
433 1384 454 1435 C
489 1383 618 1434 ordicbotr'c
633 1401 708 1450 prope
726 1385 749 1434 E
794 1390 815 1432 δ.
837 1385 868 1450 [ιι
886 1383 920 1452 Δ]

333 1626 412 1685 Oxx.
435 1635 548 1684 tantum
572 1646 609 1683 ex
622 1628 691 1703 Εχψ
709 1634 860 1683 annotant
883 1625 978 1682 Miror
988 1626 1126 1683 Beierum
1139 1627 1176 1682 ad
1188 1623 1247 1684 Off.
1258 1625 1292 1682 11
1302 1645 1332 1701 p.
1345 1624 1406 1680 428

332 1713 408 1769 Ιιειισ
430 1713 546 1769 tertiam
570 1711 850 1788 interpretationem,
873 1711 903 1767 in
926 1729 985 1785 qua
1007 1712 1082 1768 ratio
1099 1711 1224 1768 habetur
1247 1710 1407 1768 desiderio·

331 1817 395 1856 rum
419 1807 589 1854 naturarum
612 1798 803 1874 singularum,
826 1805 856 1853 et
878 1796 951 1853 illud
973 1797 1071 1869 etiam,
1094 1797 1222 1871 quodV,
1237 1797 1276 1852 26
1289 1796 1407 1874 legitur,

333 1882 512 1942 confundere
536 1902 601 1940 curn
625 1883 792 1942 Stoicorum
814 1881 958 1940 formulis.

416 1989 434 2025 α
456 1963 622 2066 Xenocrate)
646 1969 782 2028 Clemens
805 1968 894 2024 Alex.
918 1966 1026 2026 Strom.
1049 1969 1122 2062 Hp..
1140 1968 1197 2024 180
1210 1965 1292 2043 sylb.
1317 1959 1405 2026 Ξενο-

331 2038 442 2150 apolone
469 2044 521 2147 τὴν
545 2044 747 2144 εὐδαιμονίαν
761 2045 923 2109 ἀποδίδωσι
953 2049 1066 2146 κτῆσιν
1082 2050 1134 2128 τῆς
1163 2045 1273 2117 οἰκείας
1302 2042 1406 2124 αρετῆς

331 2128 381 2194 καὶ
404 2135 457 2212 τῆς
479 2127 651 2232 ναηρετικῆς
673 2121 834 2227 δυνάμεως.
869 2126 990 2236 eiga
970 2154 1010 2200 ως
1031 2124 1084 2209 μὲν
1106 2131 1135 2193 ἐν
1154 2121 1319 2233 ᾦγίνεται
1340 2125 1405 2228 pal·

330 2239 413 2278 νεται
435 2217 525 2298 λέγων
546 2211 599 2295 τὴν
621 2203 729 2320 ψυχήν·
753 2211 793 2286 αἱς
815 2211 844 2276 δ’
866 2210 913 2294 αφ’
927 2206 977 2290 ὧν,
1000 2211 1187 2294 ταςάρετιίς
1210 2211 1301 2286 ωςδ’
1322 2201 1405 2287 &Zeis

332 2324 372 2370 ως
393 2303 504 2382 μερῶν,
533 2296 588 2371 τὰς
609 2303 703 2370 καλας
724 2293 848 2378 πράξεις
872 2295 920 2362 καί
943 2323 998 2370 τας
1018 2299 1186 2370 σπουδαίας
1204 2297 1278 2372 ἔξεις
1305 2323 1338 2360 τε
1359 2288 1405 2357 καῖ

332 2384 484 2456 διαθέσεις
503 2379 693 2488 saracenicam
715 2383 765 2448 καὶ
787 2383 906 2463 σχίσεις
931 2407 970 2453 ως
985 2376 1100 2444 τούτων
1123 2381 1175 2445 οὐκ
1198 2376 1268 2445 ἄνει
1292 2408 1332 2446 τα
1355 2405 1405 2443 σω-

331 2464 443 2547 ματικὰ
465 2465 514 2531 καὶ
533 2492 572 2554 τα
595 2463 957 2573 e’uccc'c.(Extre1nahaec
979 2473 1090 2530 nullam
1102 2473 1406 2532 hebentsententiem.

332 2558 526 2618 scribendum
550 2549 607 2616 est:
630 2551 719 2625 ώςδ’
744 2579 784 2617 ων
807 2550 860 2615 οὐκ
882 2579 967 2626 ανεν,
994 2550 1034 2615 τὰ
1056 2575 1210 2631 σωματικα
1231 2577 1281 2615 και
1304 2549 1343 2616 τὰ
1365 2551 1406 2612 ἐκ·

331 2633 398 2710 coc:
421 2645 475 2716 Ea,
498 2645 784 2719 einequibuevirtus
807 2646 938 2702 exerceri
960 2651 1096 2718 nequeat,
1119 2645 1203 2740 ponit
1224 2645 1396 2740 corporis
1380 2649 1406 2697 et

333 2737 457 2787 externa
479 2730 646 2799 commoda;
670 2732 837 2789 continetur
858 2731 936 2788 enim
958 2731 1004 2788 his
1027 2729 1078 2786 ille
1101 2717 1259 2802 δύναμις
1242 2747 1405 2885 vappam.

332 2815 484 2912 Frequens
511 2817 589 2891 apud
612 2815 745 2874 Graecos
774 2815 965 2892 philosophos
989 2815 1149 2891 appellatio
1172 2811 1258 2888 (τῶν)
1287 2834 1328 2870 ων
1356 2829 1405 2868 σαι

333 2887 428 2982 ἄνευ.)

418 2991 567 3044 constitutio
590 2989 637 3043 illo
656 2991 748 3062 prinae
771 2986 897 3064 craturae)
926 2985 972 3042 Ea
994 2995 1048 3058 est,
1072 3004 1149 3060 quae
1172 2989 1186 3054 ἕ
1212 2986 1250 3042 32
1276 2986 1322 3042 his
1345 3002 1407 3042 ver·

332 3070 378 3127 bis
400 3073 597 3149 significatur:
620 3091 689 3146 quac
711 3082 799 3128 cotem
820 3081 920 3128 νιαιανσ
942 3091 1007 3128 suae
1024 3073 1132 3146 primae
1143 3074 1316 3128 institutionis
1328 3072 1404 3126 oblito
1483 3091 1484 3096 ¹

332 3165 389 3212 est!
411 3167 441 3214 et
463 3160 501 3228 V,
516 3159 554 3214 24
567 3159 627 3215 his:
651 3159 720 3214 Ιιαιιε
731 3159 804 3214 initio
815 3159 1002 3214 institutionem
1013 3155 1151 3234 (animal)
1174 3160 1315 3230 consumam
1333 3155 1405 3212 labe!

332 3253 356 3297 ct
378 3246 514 3314 incertam,
538 3262 672 3317 quaeque
694 3243 835 3317 aperitur,
858 3261 925 3298 curn
948 3242 1114 3317 exponitura
1138 3242 1209 3314 quid
1228 3243 1324 3318 primo
1346 3237 1405 3296 eni·

333 3328 454 3386 mallum
477 3337 544 3386 ortu
565 3337 671 3385 natura
693 3337 775 3403 petat
797 3337 826 3384 et
848 3326 952 3402 fugiat,
975 3328 1031 3384 hoc
1054 3336 1108 3396 est,
1131 3328 1280 3402 quomodo
1303 3337 1404 3384 nature
1483 3321 1484 3364 l

332 3412 472 3470 animalia
494 3415 531 3470 ab
555 3413 640 3470 initio
663 3414 831 3471 constituat.
860 3411 968 3490 (Gaius
990 3421 1077 3488 putat
1098 3413 1155 3470 dici
1170 3412 1405 3481 „accommodate
1483 3445 1484 3454 ι

332 3499 370 3554 ad
392 3507 542 3557 oratorum
555 3499 679 3574 primam
702 3499 940 3555 constitutionem
954 3517 1068 3562 causae,
1091 3499 1111 3554 i.
1123 3517 1158 3566 e,
1182 3499 1308 3574 primam
1320 3513 1405 3572 quee-

332 3583 457 3640 stionern
480 3603 591 3653 eorum,
614 3603 689 3658 qnae
711 3584 749 3640 od
766 3602 884 3640 eausam
895 3581 1105 3658 referuntur“.)
1149 3583 1214 3640 Nec
1230 3602 1337 3660 reapse
1353 3579 1404 3639 dil·

331 3668 391 3726 fert
412 3673 539 3726 institutio
561 3670 672 3726 hominio
695 3673 710 3738 §
734 3672 784 3725 41.
818 3668 868 3728 Sic
890 3677 987 3726 autern
1011 3669 1197 3726 emendatum
1212 3677 1278 3726 erat
1293 3677 1408 3744 praeter

331 3755 357 3811 L
380 3755 468 3812 etiarn
491 3756 521 3812 in
545 3755 608 3812 Pal.
633 3756 661 3826 2,
684 3755 871 3829 restituitque
882 3754 1058 3824 Lambinus,
1089 3765 1149 3812 turn
1173 3754 1325 3824 Davisius,
1349 3751 1404 3810 elii.
1483 3745 1484 3811 l

333 3840 369 3895 In
398 3842 461 3897 cod.
490 3841 649 3916 archetypo
678 3849 742 3897 erat
769 3850 869 3896 natura
897 3835 941 3920 (in
973 3839 1048 3896 Pell.
1077 3839 1196 3900 ceteris.
1227 3838 1404 3904 Davisienis,
1483 3861 1484 3864 ¹

333 3923 467 3997 Gzianis,
491 3924 563 4004 [B];
586 3925 665 3984 Oxx.
688 3934 802 3983 tantum
825 3945 841 3982 e
863 3945 881 4001 χ
903 3923 1068 4000 annotant).

418 4010 491 4087 Cep.
514 4012 586 4082 vn,
613 4013 660 4068 16.
697 4012 789 4070 Οιαιιίι
811 4021 910 4068 natura
932 4008 1002 4086 cet.)
1036 4009 1183 4084 Quoniam
1211 4010 1332 4067 eaedem
1362 4024 1404 4065 res

334 4114 372 4151 ex
400 4097 503 4154 eodem
525 4095 607 4154 fonte
630 4098 752 4154 haustae
774 4096 894 4153 uberius
917 4105 1106 4172 exponuntur
1128 4097 1178 4153 lib.
1202 4097 1240 4155 V.
1270 4097 1311 4151 24
1334 4113 1403 4170 sqq..

334 4199 378 4250 ea,
402 4200 477 4254 quae
500 4183 536 4238 ad
560 4181 711 4240 Ciceronis
734 4182 824 4238 verba
846 4200 912 4238 eum
925 4181 1107 4239 Graecorum
1125 4181 1340 4256 exemplarium
1364 4199 1405 4236 re·

334 4265 433 4339 liquiis
456 4268 654 4342 comparanda
675 4268 832 4342 pertinent,
856 4267 898 4324 ibi
920 4267 1062 4324 dicentur.
