2944 5040
489 435 661 482 1111111111
679 435 712 482 11
1079 417 1143 506 823

72 607 159 664 unius
182 625 220 664 ex
243 607 335 664 tribus
357 607 416 664 illis
438 607 525 664 rebus
547 624 648 680 causa,
683 627 806 682 quarum
834 608 885 664 alii
907 607 996 666 aliem
1017 609 1142 684 primam

71 691 173 768 appeti
195 691 333 762 dicerent,
357 693 472 750 etiamsi
493 692 559 768 quis
581 711 645 750 eam
668 711 728 751 rem
751 711 810 751 non
832 693 1052 768 adipisceretur.
1094 695 1142 751 Ita

71 797 130 836 non
158 777 252 834 solum
280 778 317 834 ab
346 778 479 854 appetitu
506 778 558 835 illo
587 778 624 834 ad
647 777 776 836 officium
798 787 970 854 perventum
993 789 1052 850 est,
1080 781 1140 852 sed,

70 862 150 938 quod
173 863 265 940 magis
286 863 392 922 mirum
414 873 468 936 est,
491 881 556 940 oum
579 863 649 921 boni
670 865 751 922 notio
773 883 811 921 ex
822 864 990 940 expletione
1006 865 1143 923 desiderii

70 947 215 1006 naturalis
237 957 301 1006 orta
323 958 353 1006 11
374 949 462 1006 dueta
483 955 569 1019 esset,
592 967 669 1007 nunc
691 957 789 1007 tamen
812 949 958 1020 oriuntur,
981 950 1032 1026 qui
1054 951 1141 1010 finem

69 1033 141 1091 boni
162 1033 194 1090 in
216 1033 267 1092 illo
289 1035 412 1092 honesto
433 1043 556 1110 ponunt,
579 1034 694 1092 etiamsi
716 1044 838 1092 1111111111
860 1035 1008 1110 appetitus
1020 1055 1079 1094 non
1090 1055 1141 1094 ex·

68 1120 195 1195 pleatur.
208 1113 237 1199 ¹)
269 1120 413 1196 Apparet,
436 1121 617 1178 occasionem
646 1119 737 1180 mirae
765 1120 851 1178 huius
878 1121 1001 1178 rationis
1023 1122 1140 1199 excogi-

69 1205 178 1262 tandae
200 1213 295 1262 ortam
317 1223 380 1262 esse
403 1225 419 1262 e
441 1205 610 1263 definitione
632 1206 700 1278 ills,
723 1225 783 1281 qua
803 1205 963 1282 Antipater
985 1208 1140 1268 Tarsensis

69 1291 216 1360 utebatur,
240 1307 305 1348 cum
328 1291 465 1348 virtutem
489 1301 518 1348 11
540 1309 684 1348 summum
712 1292 819 1348 bonum
847 1292 963 1349 dicebat
990 1310 1053 1349 esse
1080 1289 1140 1349 πᾶν

67 1366 102 1431 τὸ
127 1365 203 1430 καθ’
227 1365 318 1431 αὑτὸν
335 1393 428 1432 ctorem
446 1365 521 1452 πρὸς
544 1365 579 1432 τὸ
590 1364 740 1452 τυγχάνειν
755 1372 814 1434 τῶν
824 1355 1052 1452 προηγουμένων
1063 1367 1140 1433 κατὰ

68 1443 160 1532 φύσιν
183 1455 256 1540 (vid
278 1459 316 1516 ed
338 1461 395 1530 111,
415 1459 484 1536 22),
507 1478 595 1534 quam
617 1460 676 1517 iam
698 1481 716 1520 1
738 1461 873 1538 Diogene
895 1461 1040 1519 interdum
1060 1462 1139 1538 posi·

67 1553 131 1600 tam
153 1563 231 1610 1111
265 1545 430 1621 suspicatus
458 1563 520 1603 sum
544 1545 595 1625 (ad
617 1547 655 1617 V
674 1547 738 1621 20).
781 1548 881 1622 Atque
904 1546 977 1604 haec
999 1546 1138 1618 definitio,

66 1629 138 1686 dum
166 1611 256 1688 officii
283 1631 431 1688 notionem
454 1651 470 1688 e
497 1631 655 1688 selectione
681 1629 739 1688 cciv
766 1625 1001 1708 προηγουμένων,
1028 1633 1059 1690 in
1081 1651 1139 1708 qua

66 1723 170 1772 tamen
202 1715 408 1774 continebatur
434 1717 523 1774 etiam
552 1716 771 1774 commodorum
804 1716 922 1774 divinae
948 1716 1022 1794 legis
1049 1737 1139 1778 causa

64 1801 261 1877 contemptio,
289 1819 392 1877 parum
416 1803 487 1860 scite
510 1802 625 1860 ductam
648 1819 713 1860 cum
736 1801 854 1858 virtutis
875 1801 994 1860 notione
1016 1821 1140 1862 connec-
1210 1851 1215 1859 ,

64 1895 130 1942 1111
153 1897 283 1958 conatur,
306 1887 365 1944 vim
378 1887 495 1944 virtutis
506 1907 524 1944 a
535 1888 653 1946 Zenone
665 1887 831 1946 intellectae
850 1886 936 1944 valde
952 1887 1004 1944 illa
1020 1890 1138 1964 quidem

62 1971 205 2028 obscurat
227 1980 257 2030 et
277 1990 296 2028 a
317 1991 388 2030 vera
409 1973 530 2049 origine,
553 1991 629 2048 quae
641 1973 999 2048 positaostinuniversee
1015 1983 1138 2033 naturae

62 2056 142 2132 lege,
176 2057 223 2114 cui
245 2057 336 2115 libere
358 2058 584 2135 obtemperetur,
607 2058 741 2136 diiungit.
774 2057 833 2118 Sed
849 2067 946 2115 tamen
969 2078 1006 2116 ex
1024 2059 1137 2136 reliqna

62 2141 223 2218 disciplina
238 2142 472 2220 intellegebatur,
490 2143 635 2218 quomodo
647 2144 740 2202 virtus
752 2143 978 2202 constitueretur
988 2154 1018 2202 et
1028 2146 1137 2205 bonum

60 2246 79 2284 a
91 2228 313 2286 commodorum
330 2229 486 2304 adeptione
497 2229 659 2287 seiunctum
671 2229 842 2287 contineret.
864 2228 1031 2289 Carneades
1043 2241 1072 2289 et
1082 2232 1138 2290 hoc

60 2313 196 2390 neglegit
207 2323 236 2370 et
252 2324 405 2389 praeterea
426 2315 551 2372 virtutes
572 2314 645 2372 duas
667 2315 740 2372 alias
762 2333 820 2372 non
842 2315 960 2372 dolendi
982 2325 1011 2374 et
1033 2317 1136 2394 volup-

59 2399 136 2456 tatis
158 2399 307 2474 excogitat
328 2399 358 2456 in
380 2400 475 2474 iisque
501 2400 628 2476 aliquem
650 2401 766 2458 beatam
794 2399 886 2458 vitam
915 2419 1024 2476 ponere
1050 2421 1136 2478 posse

59 2491 160 2560 putat.
187 2484 291 2559 Itaque
301 2503 358 2542 non
372 2485 476 2542 mirum
488 2495 542 2556 est,
565 2485 637 2542 duas
659 2504 709 2544 eas
732 2485 768 2543 de
789 2485 847 2542 tine
869 2486 939 2544 boni
965 2488 1135 2561 sententias,

59 2587 140 2644 qnae
163 2579 223 2626 tam
245 2569 367 2628 ridicule
389 2571 530 2629 confictae
552 2570 619 2642 sint,
643 2569 796 2630 defensore
818 2572 955 2630 caruisse.

151 2654 306 2712 Postremo
329 2654 496 2714 Carneades
525 2656 671 2731 disputat,
704 2665 821 2732 praeter
848 2657 902 2716 bea
929 2657 1076 2734 simplices
1099 2659 1134 2718 de

57 2757 179 2797 summa
200 2741 342 2798 bonorum
365 2741 524 2799 sententias
546 2741 660 2800 iunctae
671 2751 701 2800 et
712 2741 842 2820 duplices
853 2751 912 2800 tres
924 2742 1024 2816 fuisse,
1047 2762 1134 2802 unam

57 2825 309 2884 Academicorum
332 2826 663 2903 Peripateticorumque,
691 2828 814 2886 alteram
837 2827 1048 2905 Calliphontis,
1076 2840 1134 2888 ter·

57 2912 134 2968 tiam
158 2910 291 2982 Diodori,
315 2930 370 2992 nec·
391 2931 461 2970 vero
482 2913 596 2989 pluras,
630 2913 655 2970 si
683 2931 779 2970 11111111
801 2923 906 2972 natura
928 2915 1045 2991 penitus
1067 2935 1133 2992 per-

55 2996 214 3072 spicietur,
238 3015 301 3054 esse
323 2998 463 3073 potuisse.
506 2997 545 3055 Et
567 3008 674 3070 11111111,
697 2999 722 3056 11
744 3017 814 3056 vera
836 3010 914 3058 esset
935 3003 1069 3077 superior
1091 3003 1134 3061 di-

55 3082 148 3154 visio,
172 3100 210 3138 ex
232 3091 370 3156 quattuor
392 3083 573 3159 simplicibus
590 3083 667 3140 effici
678 3084 921 3160 pcssedebcbant
938 3104 990 3143 sex
1001 3088 1133 3159 iunctam

54 3185 158 3242 neque
181 3176 313 3242 apparet,
336 3187 396 3240 cur,
420 3170 444 3227 si
466 3169 551 3228 initio
573 3179 652 3226 recta
675 3169 811 3244 voluptas
833 3181 863 3228 et
879 3172 1011 3231 vacuitas
1023 3173 1133 3233 doloris

54 3259 217 3330 separatae
239 3253 299 3310 sint
319 3252 396 3311 inter
418 3273 449 3312 sc
472 3263 501 3311 et
522 3273 541 3311 a
562 3255 664 3330 primis
675 3263 807 3326 naturae,
829 3275 888 3314 non
905 3269 983 3314 recte
995 3259 1132 3336 coniungi

52 3339 177 3416 possint
199 3347 249 3396 aut
271 3338 407 3415 voluptas
429 3349 459 3397 ct
486 3339 617 3398 vacuitas
645 3340 755 3398 doloris
782 3349 833 3398 ant
861 3342 1000 3400 utralibet
1028 3345 1131 3404 harum

54 3435 88 3482 et
112 3423 210 3500 prime
232 3435 363 3482 naturae.

146 3511 248 3584 Atque
270 3510 342 3567 haec
364 3511 414 3584 qui
436 3509 561 3586 partitus
584 3520 659 3580 arat,
683 3511 759 3568 idem
783 3511 887 3569 deinde
915 3532 1045 3590 pugnare
1073 3535 1131 3574 non

51 3593 188 3664 destitit,
222 3595 252 3652 in
282 3595 360 3652 omni
382 3597 437 3654 hac
460 3596 629 3670 quaestione
657 3596 693 3654 dc
717 3596 801 3669 bonis
829 3607 858 3655 11
880 3599 964 3657 malis
987 3620 1045 3658 non
1068 3621 1131 3660 esse

50 3698 157 3738 rernm
182 3678 289 3739 Stoicis
312 3699 375 3738 cum
403 3681 609 3756 Peripateticis
636 3682 865 3740 controversiam
888 3685 959 3762 (111,
972 3686 1036 3762 41),
1060 3705 1131 3762 quo·

50 3785 126 3823 rum
150 3765 235 3822 alteri
258 3765 420 3842 simplicem
442 3766 630 3837 sententiam,
665 3767 749 3824 alteri
782 3768 911 3827 iunctam
934 3783 963 3828 11
985 3772 1130 3848 duplicem

50 3851 217 3922 habebant,
240 3850 270 3908 id
293 3861 345 3918 est,
368 3861 459 3910 totam
470 3852 552 3909 illam
563 3851 751 3928 partitionem
774 3863 906 3913 evertere
933 3865 963 3914 et
984 3857 1029 3928 id,
1052 3859 1131 3934 quod

56 4003 285 4013 -u-———-

88 4095 107 4146 ‘t
127 4089 198 4154 Ergo
216 4089 277 4137 haec
296 4087 405 4138 allicitur
422 4089 509 4139 tabula
528 4088 627 4136 finium:

535 4156 566 4204 Α.
603 4157 717 4220 Adipisci

130 4229 452 4236 ...ο-...η--ν--ὴ-
487 4231 675 4236 .-.,--.----

162 4247 260 4309 11110)
279 4244 433 4308 voluptatem
453 4231 495 4293 11111
514 4245 539 4308 (2
542 4246 550 4308 )
569 4259 622 4292 vac.
641 4245 736 4293 doloris
755 4251 856 4312 1111118)
875 4247 954 4312 prima
973 4258 1084 4298 naturae.

496 4313 525 4361 B.
561 4313 757 4362 1111111111ιηί1

127 4388 172 4430 snt
189 4385 227 4445 (1)
245 4381 466 4446 voluptatiscanse
487 4390 530 4429 1111
549 4382 574 4444 (2
577 4383 586 4446 )
605 4397 657 4431 vec.
676 4382 728 4435 dcl.
747 4399 767 4433 c.
787 4391 832 4432 sut
849 4385 886 4450 (³)
900 4399 1037 4450 primorum
1046 4395 1097 4436 nat.
1108 4403 1129 4436 c.
