3034 5030
435 436 478 480 uu
502 435 583 480 nnn.
606 435 669 480 aru.
692 435 714 480 u
738 435 865 482 ceree.
1130 418 1194 483 323

125 603 226 679 tireris,
249 603 276 667 si
299 603 474 682 perstiteris
497 605 537 668 ad
561 621 675 682 eorpus
697 621 748 680 ea,
771 621 852 683 quae
880 603 957 680 dixi,
985 602 1117 681 referre,
1140 610 1196 668 aut

20 715 21 756 ἓ
126 705 293 768 deserueris
305 713 403 768 totam
414 705 541 785 Epicuri
553 704 753 784 voluptatem,
771 703 796 767 si
808 705 979 785 negaveris
1010 706 1079 770 108.
1104 706 1196 782 Quod

127 825 192 870 vero
213 825 231 870 a
252 813 285 870 te
307 807 500 886 disputatum
523 813 581 884 est,
604 805 738 870 meinos
755 824 825 870 esse
837 807 1015 887 vuluptates
1028 814 1059 870 et
1070 807 1195 872 dolores

127 909 209 972 animi
230 927 324 990 quam
346 908 495 988 eorporis,
518 908 591 989 qiua
613 907 707 971 trium
718 913 893 988 temporum
904 909 1063 990 particeps
1074 909 1195 974 animus

129 1011 172 1086 sit,
191 1028 321 1091 corpore
343 1016 446 1074 autem
470 1010 649 1090 praesentia
673 1009 772 1074 solum
785 1010 968 1089 sentiantur,
992 1011 1044 1091 qui
1066 1011 1098 1075 id
1120 1016 1234 1091 pro-5

129 1111 187 1175 bari
207 1119 325 1192 potest,
358 1117 394 1174 ut
421 1112 462 1189 is,
495 1109 548 1191 qui
570 1119 702 1192 prepter
729 1129 778 1176 me
806 1110 925 1192 aliquid
946 1113 1096 1193 gaudeat,
1124 1113 1196 1193 plus

129 1231 211 1292 qturn
233 1232 290 1294 ego
312 1213 382 1292 ipse
410 1213 568 1293 gaudeat?
612 1213 737 1296 [Animo
765 1213 909 1293 voluptas
938 1213 1037 1278 oritur
1064 1223 1197 1296 propter

192 1389 209 1432 i.
231 1381 263 1450 [si
278 1382 306 1432 tr·
322 1384 372 1446 (vel
391 1381 422 1440 in)
438 1383 570 1446 perstiteris
590 1381 623 1450 A]
643 1383 668 1432 si
684 1381 707 1432 in
725 1400 752 1432 eo
768 1381 860 1446 perstit.
881 1383 1044 1434 LPMCROr.
1098 1389 1121 1433 3,
1141 1400 1197 1433 uero

129 1451 208 1499 onnE
247 1450 296 1500 late
314 1459 372 1515 (pro
390 1468 406 1499 o
423 1459 453 1508 tet
474 1451 590 1501 LPMCR
625 1459 647 1501 ⁴.
672 1451 765 1500 animus
780 1452 900 1515 particeps
920 1451 965 1501 La
1010 1458 1031 1503 5.
1047 1453 1082 1514 fit
1099 1452 1197 1503 LMCR

128 1519 178 1581 quid
190 1519 292 1583 probari
308 1517 431 1585 [effutit
449 1517 508 1582 quid
525 1517 551 1568 id
565 1521 631 1584 prob.
650 1521 668 1568 E
688 1518 730 1582 qui
742 1521 808 1584 prob.
826 1519 914 1571 LCOr.
967 1525 997 1573 6.,
1009 1519 1198 1586 oiiquidpoudet

129 1587 165 1636 0r.
204 1587 258 1652 piae
276 1615 308 1625 -
325 1587 431 1652 qoudeat
449 1603 499 1639 om.
521 1585 685 1654 [ApPMcu
739 1591 760 1636 7.
780 1587 863 1637 Arreni
878 1587 944 1638 001¹.

86 1805 92 1820 ¹
128 1753 188 1817 apte
208 1745 339 1800 homiuem
356 1747 437 1818 sueto
460 1761 525 1800 eum
548 1747 682 1817 reqionum
699 1745 811 1800 historia
833 1755 1057 1820 componuntur.
1081 1745 1196 1802 Vellem

129 1827 221 1886 liceret
241 1829 340 1887 faeere
363 1831 497 1886 hominum
520 1826 679 1905 clarorum]

204 1918 228 1970 si
243 1919 395 1990 perstiteris
418 1947 459 1956 -
482 1913 595 1989 roser-re)
630 1913 771 1991 [Secutus
794 1933 857 1971 sum
880 1932 958 1972 nunc
987 1933 1052 1971 eurn
1075 1915 1196 1972 Baitero

130 1997 183 2056 uu.
203 2009 232 2056 et
253 2002 288 2057 B.
317 2001 395 2057 Nam
417 2003 444 2056 in
467 2019 496 2056 eo
517 2010 641 2075 apparet
664 1999 836 2075 corrigendo
859 2009 960 2056 notum
983 2017 1020 2056 ex
1044 2018 1093 2068 eo,
1117 2000 1196 2073 quod

129 2082 155 2138 in
175 2087 202 2141 A
223 2086 346 2142 obserue
369 2085 510 2160 scripturn
534 2094 593 2156 est,
627 2085 657 2142 id
680 2093 778 2142 autern
801 2085 898 2161 ipsum
921 2084 961 2162 (si
982 2083 1023 2162 iu')
1045 2103 1082 2141 err
1105 2085 1197 2160 gerni·

55 2227 60 2234 ,
130 2169 236 2226 natione
264 2169 391 2244 quadam
418 2170 584 2227 litterarum
617 2179 715 2246 potest
742 2179 837 2227 ortum
861 2187 934 2226 esse.
979 2171 1076 2226 Persio
1101 2172 1197 2243 facere

130 2272 214 2328 neque
241 2256 320 2331 apud
343 2255 515 2314 Ciceronem
543 2273 639 2330 neque
667 2256 745 2330 apud
773 2255 848 2312 alios
877 2255 940 2312 eius
962 2255 1068 2312 aetatis
1090 2273 1196 2330 prosse

129 2340 259 2397 orationis
282 2341 442 2416 scriptores
463 2359 541 2398 nune
563 2341 680 2416 legitur,
704 2340 755 2396 sed
777 2340 855 2415 apud
878 2347 980 2415 poetas
1003 2349 1033 2396 et
1044 2339 1195 2409 Tacitum3

129 2443 220 2482 verum
254 2426 330 2482 dixit
361 2425 466 2484 Cicero
494 2445 552 2483 non
581 2426 677 2482 minus
705 2425 867 2482 insolenter
894 2429 962 2482 insto
977 2427 1073 2498 socero
1095 2421 1196 2505 (Verr.

128 2509 181 2578 III,
204 2508 284 2588 136).
329 2512 434 2568 Restat
456 2511 515 2568 elie
537 2509 759 2578 offensiuncula,
783 2509 863 2584 quod
884 2511 921 2566 ad
938 2514 1076 2583 nepaoen's
1097 2511 1196 2584 requi-

126 2593 194 2652 ritur
214 2597 398 2654 accusativus
421 2615 486 2654 curn
509 2596 654 2653 infinitivo
678 2599 716 2671 (te
738 2593 865 2674 reserre),
889 2603 922 2652 ut
944 2613 980 2652 ea
1001 2595 1144 2653 orationis
1167 2605 1197 2652 et

129 2682 280 2739 sententiae
298 2681 395 2738 iorrna
411 2681 587 2757 praecedere
605 2681 741 2738 debuisse
758 2679 902 2737 rideatur.
936 2683 1032 2738 Persio
1054 2685 1081 2736 iu
1102 2699 1132 2737 eo
1154 2714 1195 2722 -

126 2769 226 2838 referre,
249 2768 328 2841 quod
350 2787 367 2824 θ
389 2766 584 2824 deterioribus
607 2765 690 2822 codd.
709 2775 903 2840 propagatum
927 2774 985 2836 eet,
1009 2766 1115 2823 Latine
1138 2766 1196 2823 diei

20 2915 21 2922 χ
127 2853 233 2926 nequit3
256 2852 408 2926 multoque
431 2852 526 2909 minus
550 2859 616 2926 post
635 2853 785 2925 perstiteris
811 2854 837 2906 in
854 2871 884 2906 eo
905 2851 1000 2908 audiri
1023 2870 1195 2926 pronomen,

20 2985 21 3012 ,
126 2948 155 2992 ut
176 2938 210 2994 sit
228 2941 379 3012 perstiteris
401 2941 428 2993 in
450 2957 493 3006 oo,
518 2947 542 2994 te
564 2969 604 2976 -
628 2939 736 3008 referre.
770 2939 870 2993 Antea
882 2945 999 2992 secutus
1016 2956 1095 2993 eram
1108 2936 1196 2993 Lam-

20 3017 22 3064 ἶ
126 3021 182 3079 bini
204 3033 232 3079 et
243 3023 373 3081 Ernestii
396 3022 609 3080 coniecturam:
632 3025 657 3076 si
677 3025 703 3077 iu
727 3040 756 3077 eo
773 3031 870 3096 perat,
892 3025 931 3078 ud
952 3041 975 3078 o.
988 3041 1019 3077 eo
1039 3025 1194 3096 --oesorri¹

20 3107 21 3176 ἦ
127 3108 179 3163 Sed
200 3113 224 3164 in
248 3129 277 3164 eo
298 3108 503 3165 auctoritatem
525 3106 754 3164 infirmissimam
776 3104 889 3183 habet]

207 3196 274 3250 108.
308 3214 325 3249 a
349 3193 385 3266 te)
409 3194 481 3250 Late
503 3187 574 3268 ξχψ,
598 3190 677 3250 Gud.
703 3196 734 3262 1,
759 3193 842 3262 Bas,
867 3191 932 3248 add.
955 3199 1041 3262 vett,
1070 3202 1195 3268 excepto

126 3277 226 3349 Marso,
246 3285 319 3335 'ante
341 3279 422 3336 Man.
467 3280 571 3352 Itaque
594 3297 611 3334 a
635 3286 659 3333 te
680 3287 800 3334 notatur
820 3278 851 3334 iu
875 3297 931 3354 mg.
955 3277 1036 3336 Crat.

203 3368 251 3438 qui
271 3367 301 3420 rii
317 3365 434 3438 probari
449 3373 547 3440 potest,
571 3360 613 3440 ut)
637 3361 717 3439 [Hoc
734 3363 793 3418 iarn
816 3371 903 3419 antea
925 3363 1058 3419 dixeram
1070 3361 1196 3420 fortasse

20 3465 21 3512 t
124 3447 301 3507 efficiendum
326 3467 341 3506 θ
364 3449 427 3506 eod.
452 3449 511 3506 Erl.
535 3449 694 3524 seriptura3
717 3447 793 3504 idem
818 3448 1043 3523 significetquid
1064 3447 1154 3522 (Pall.
1167 3455 1197 3504 et

20 3575 21 3594 r
124 3533 197 3590 Oxx.
221 3531 303 3608 Εξψ)
333 3545 453 3610 eratque
483 3535 578 3610 ipsum
607 3535 636 3590 in
660 3535 695 3590 B.
739 3533 851 3590 Addito
875 3536 904 3590 id
925 3534 1034 3590 lenitur
1056 3533 1145 3590 etiarn
1168 3543 1197 3589 ut

20 3599 21 3624 ¹
123 3619 278 3677 subiectum
302 3621 393 3677 verbo
412 3622 534 3695 probari,
558 3638 624 3677 curn
647 3619 733 3676 simul
756 3619 792 3675 ed
817 3638 977 3695 pronomen
999 3616 1169 3695 reseratus]

200 3708 333 3778 portoient,
359 3709 425 3781 plus
448 3727 529 3780 qrtoot
552 3725 599 3778 eqo
621 3709 677 3780 ipse
697 3706 830 3776 perarderet)
852 3706 920 3762 Non
944 3705 1037 3762 solum
1060 3705 1091 3762 in
1115 3705 1195 3761 dete·

122 3789 242 3848 rioribus
265 3791 349 3847 codd.
372 3791 508 3848 erunibus
532 3791 635 3862 (Peli,
660 3791 844 3858 Davisianis,
869 3791 963 3860 Oxx.,
987 3789 1055 3848 Gzii
1078 3799 1196 3865 praeter

20 3895 21 3934 r
123 3873 179 3930 Erl.
190 3887 219 3932 et
231 3875 334 3951 Spir.),
358 3876 408 3933 sed
421 3877 509 3933 etianr
522 3877 551 3933 in
564 3876 629 3932 Pal.
646 3878 659 3932 l
674 3885 702 3932 et
715 3875 756 3954 [B
768 3874 812 3953 et]
824 3877 870 3932 El.
884 3879 900 3932 2
915 3876 1088 3932 exciderunt
1105 3877 1196 3932 verba

118 3963 241 4033 plus-
263 3963 390 4034 perederet.
424 3962 600 4020 Restitrusee
618 3981 653 4017 ea
676 3961 792 4018 videtur
811 3962 898 4032 Vite,
921 3971 1062 4018 annotata
1084 3961 1142 4018 ianr
1165 3960 1195 4017 in

123 4065 174 4122 urg.
192 4045 271 4109 Crat.
301 4047 360 4106 Sed
374 4045 467 4105 Gzius
487 4047 584 4122 priore
602 4046 667 4103 loeo
685 4067 700 4104 θ
715 4047 792 4122 Spir.
814 4047 913 4123 posuit
926 4049 1035 4120 prrudet.
1060 4047 1091 4104 Si
1112 4047 1153 4103 ita
1165 4047 1194 4102 in

20 4201 21 4212 γ
122 4131 195 4206 Spir.
207 4141 280 4202 eret,
299 4133 434 4189 ruendum
448 4133 477 4188 id
489 4132 554 4188 fuit.
578 4131 618 4209 [B
627 4131 771 4209 portoient]
795 4133 824 4188 N
825 4152 872 4189 arn
885 4143 913 4188 et
925 4133 1020 4188 oratio
1033 4132 1195 4188 coniuncti·

20 4227 21 4276 i
121 4235 185 4274 vum
208 4216 252 4291 (in
275 4217 405 4292 generali
428 4218 548 4274 notione
572 4219 775 4292 sententiaque
793 4217 952 4293 pendente)
976 4217 1107 4292 postulat
1124 4217 1195 4274 etin

20 4309 22 4388 ζ
119 4304 233 4374 pendeat
249 4303 295 4360 bis
311 4303 408 4378 posito
431 4303 580 4360 aberravit
602 4303 715 4360 librarii
727 4304 838 4374 oculus,
862 4321 928 4359 curn
950 4303 1011 4372 illu,
1035 4321 1110 4376 quae
1123 4303 1195 4372 dixi,

20 4397 21 4400 ’
120 4388 326 4471 verbaomisit.
355 4385 494 4468 (Veteres
517 4389 660 4462 quaedam
683 4389 759 4459 edd,
788 4399 821 4445 ut
842 4388 935 4446 diensi
957 4398 987 4445 et
1009 4387 1099 4460 Crat,
1123 4389 1195 4445 haec

939 4507 988 4558 ⁶21*
