2956 5028
402 407 446 452 11
470 407 549 452 mss.
567 407 630 454 nm.
647 407 671 452 n
693 407 821 455 11111.
1082 390 1142 454 237

5 639 6 654 ,
84 573 208 638 1111111111
228 581 335 638 contra
356 591 426 638 eam
448 571 552 639 farere
578 593 640 638 non
663 575 793 653 cudere,
827 575 887 640 nisi
919 575 1010 640 aliter
1039 575 1144 640 amicis

5 693 6 716 1
83 675 236 740 sidereum.
280 675 454 740 sideramus
487 694 544 740 nos
577 675 702 757 quidem
724 677 950 755 adulescentes,
979 677 1035 742 sed
1057 676 1145 741 multi

84 776 249 858 amplissimi
270 776 339 856 viri,
361 795 494 858 qnorum
516 795 606 842 nemo
628 779 750 843 censuit
771 779 842 859 plus
859 778 976 844 Fadiae
997 779 1144 858 dandum,

83 896 166 958 qnam
187 886 291 959 posset
311 880 354 943 sd
376 897 445 944 earn
466 879 534 960 lege
556 879 694 944 Voconia
716 880 891 961 pervenire.
936 880 1051 944 Tenuit
1072 898 1144 961 per-

83 979 367 1060 megnamScxtilius
389 979 603 1060 hereditatem,
624 981 716 1060 unde,
738 981 766 1046 si
788 987 913 1048 secutus
936 988 1021 1046 esset
1037 985 1184 1046 eorumr')

83 1081 266 1160 sententium,
299 1082 354 1165 qui
386 1082 518 1148 honeste
546 1087 578 1146 et
605 1088 691 1148 reeta
713 1083 928 1149 emolumentis
950 1083 1091 1148 omnibus
1113 1089 1146 1148 et

77 1283 226 1412 ficulna
237 1293 259 1335 ct
275 1285 346 1335 mlta·
359 1285 407 1334 12ss
432 1285 476 1335 red
492 1285 562 1335 ctiam
584 1303 614 1335 m.
632 1285 752 1337 PMCOr.
807 1291 830 1336 8.
856 1285 912 1352 plur
938 1303 969 1338 ee
990 1285 1028 1336 dic
1047 1287 1067 1336 L
1091 1285 1147 1351 plus

84 1553 171 1600 mente
191 1543 263 1620 legis
284 1543 365 1619 apud
387 1543 578 1602 Henboldnm
599 1543 733 1601 Monuni.
750 1544 852 1620 Legal.
873 1563 901 1619 p.
925 1545 966 1601 74
995 1542 1147 1623 [Momms.

83 1625 162 1702 Corp.
182 1628 273 1686 Inscr.
295 1629 362 1686 Lat
384 1647 412 1684 n.
439 1629 497 1685 197
520 1649 549 1704 p.
572 1626 644 1705 45],
678 1628 794 1686 etiarnsi
826 1629 886 1705 legi
913 1629 1066 1687 Voconiae
1096 1629 1147 1685 ed-

82 1711 137 1768 dita
165 1711 281 1786 fuisset,
316 1713 400 1770 cuius
431 1713 475 1771 rei
506 1713 538 1770 in
568 1713 634 1789 lege
660 1713 823 1772 factionum
851 1715 1061 1772 certaminibus
1088 1733 1146 1771 111

83 1797 184 1872 agitate
212 1817 302 1856 causa
329 1797 412 1855 nulla
439 1807 516 1868 erat,
550 1807 648 1855 tamen
676 1799 728 1855 vix
756 1799 794 1855 nd
823 1799 1026 1874 posteritatem
1049 1799 1148 1856 11111

84 1892 232 1960 propagate
254 1892 343 1955 esset,
367 1893 401 1940 ut
421 1902 440 1940 1
462 1883 609 1940 communi
631 1883 696 1940 inre
718 1883 842 1940 iurando
865 1883 1078 1960 seiungeretur.

158 1969 204 2024 sed
223 1966 315 2043 111111)
347 1967 501 2025 Edebatur
527 1969 577 2026 sed
602 1971 682 2025 etiam
709 1967 748 2044 (ct
769 1986 788 2025 a
809 1969 945 2028 Manutio
967 1968 1006 2026 ad
1028 1967 1147 2038 Gaium,

83 2051 127 2124 qni
146 2055 222 2110 11111
241 2053 395 2110 revocavit
417 2071 455 2110 ex
476 2053 571 2111 tribus
593 2053 669 2124 suis,
698 2053 779 2112 Oxx.
801 2049 886 2130 Εξχ).
929 2054 1039 2112 Melius
1061 2054 1148 2111 ornit-

86 2135 149 2193 titnr
168 2147 234 2212 post
254 2157 304 2196 noe
326 2140 442 2213 puellam

154 2225 226 2297 plne.
248 2242 333 2298 quam
350 2233 442 2298 posset
463 2224 503 2280 cd
523 2241 581 2279 eam
598 2225 654 2297 leqe
667 2224 779 2280 Vocom'a
796 2222 950 2299 pertende)
973 2223 1148 2280 Perizonius

84 2303 127 2376 (de
146 2306 208 2383 lege
224 2305 374 2385 Voconia)
396 2317 426 2365 et
447 2316 515 2383 post
536 2326 603 2364 eum
625 2307 677 2364 alii
699 2308 755 2365 hoc
776 2307 987 2365 intellexerunt
1010 2307 1046 2364 de
1068 2317 1149 2364 certe

84 2392 197 2462 quadem
229 2411 358 2462 summe,
392 2411 479 2467 quem
513 2393 578 2468 lege
600 2393 737 2450 Voconia
763 2393 881 2450 licuerit
908 2392 1036 2450 feminae
1056 2392 1148 2450 ¹relin-

83 2491 171 2547 11111
212 2477 418 2546 Recentiores,
448 2477 634 2552 maximeque
657 2477 797 2536 Savinius
824 2475 869 2555 (in
891 2477 1010 2554 scriptis
1032 2477 1149 2534 Acade-

85 2559 150 2616 miae
171 2561 267 2620 Berol.
289 2581 317 2619 a
344 2563 421 2620 1821
447 2582 475 2638 p.
499 2561 593 2637 229),
615 2571 696 2620 recte
718 2563 885 2637 disputent,
908 2563 1027 2621 omnimo
1050 2562 1149 2619 sublo-

83 2653 122 2700 tas
140 2645 313 2704 feminarum
335 2647 514 2705 hereditates
537 2666 574 2704 ex
597 2666 699 2706 eorum
721 2641 919 2718 testamentis,
954 2647 1004 2722 qui
1026 2647 1091 2723 lege
1114 2667 1149 2704 ca

85 2739 248 2789 tenerentur.
302 2732 343 2790 Et
374 2751 460 2809 sane,
493 2731 608 2790 etiamsi
635 2732 700 2810 lege
722 2733 817 2790 Fadio
843 2733 976 2790 licuisset
998 2732 1088 2790 filiam
1111 2751 1148 2790 ex

83 2814 173 2888 aliqua
192 2827 276 2892 parte
298 2817 435 2874 heredem
459 2826 635 2876 testamento
658 2818 834 2892 relinquere,
856 2817 888 2875 id
905 2817 961 2875 hoc
972 2825 1149 2874 testamento

84 2916 134 2956 uon
152 2899 270 2966 feceret,
293 2920 354 2978 quo
375 2903 513 2960 heredem
535 2921 626 2960 unum
638 2901 795 2962 Sextilium
813 2903 980 2978 scripserat,
1004 2911 1148 2978 rogatum,

84 2995 111 3039 ut
140 2985 175 3043 nd
206 2986 295 3044 filiam
330 2987 429 3044 omnia
461 2987 658 3063 pervenirent.
703 2987 847 3048 Sextilius
875 2988 966 3064 igitur
993 3005 1031 3044 ex
1060 2995 1149 3044 teste·

86 3078 171 3128 mento
193 3083 244 3128 aut
265 3072 366 3129 omnia
387 3073 503 3130 tradere
525 3073 652 3130 debebat
673 3081 726 3129 eut
747 3072 820 3130 nihil
843 3073 923 3130 dare.
966 3072 1072 3146 Itaque
1096 3071 1150 3130 So·

85 3153 170 3213 mmm
196 3157 288 3214 verbe
311 3157 464 3216 Ciceronis
491 3157 534 3215 sic
556 3155 716 3234 intellegit,
750 3166 784 3214 ut
816 3165 902 3233 putet
933 3157 1029 3232 legem
1050 3157 1150 3214 Voco-

85 3237 153 3296 niam
173 3242 311 3300 universe
333 3243 446 3300 servari
467 3242 564 3300 iuberi
585 3261 651 3300 cum
674 3242 819 3300 eiusmodi
842 3241 969 3317 quedam
992 3242 1150 3299 verborum

85 3323 287 3398 moderatione,
320 3335 354 3384 ut
375 3327 459 3402 quasi
486 3327 630 3386 incertum
652 3327 850 3402 relinquatur,
885 3327 1016 3402 possitne
1038 3326 1152 3401 aliquid

84 3407 116 3464 nd
134 3409 253 3470 Fadiam
275 3412 441 3488 pervenire,
464 3410 520 3470 etsi
540 3421 653 3470 certum
669 3411 768 3484 fuerit,
791 3412 866 3470 nihil
882 3412 1042 3487 pervenire
1055 3430 1151 3488 posse.

84 3490 180 3552 Nescio
202 3505 311 3568 tamen,
344 3515 383 3554 an
415 3497 446 3554 id
468 3496 573 3556 Cicero
601 3497 647 3555 his
675 3497 774 3554 verbis
802 3497 967 3574 significare
1006 3515 1065 3554 non
1098 3515 1152 3572 po·

85 3579 175 3650 merim
196 3591 227 3638 et
248 3581 379 3640 occurrit
399 3591 553 3658 praeterea
574 3582 664 3640 eliud.
697 3582 865 3640 Praeterita
887 3583 965 3638 enim
983 3590 1047 3639 erat
1057 3581 1152 3639 Fadia

85 3659 129 3719 illo
148 3673 333 3738 testamento,
357 3667 435 3742 quod
457 3667 488 3724 in
510 3667 572 3724 filia
594 3667 744 3743 praetorio
766 3667 829 3724 iure
852 3685 911 3724 non
933 3666 1050 3723 licebat.
1090 3667 1151 3724 Ite·

85 3763 132 3818 que
151 3749 245 3808 Fadia
270 3751 303 3808 im
329 3751 483 3810 dimidium
506 3751 632 3811 Sextilio
653 3769 821 3810 accrescere
854 3752 973 3809 videtur
1004 3751 1150 3822 debuisse,

85 3829 132 3888 nisi
152 3835 222 3908 quid
244 3836 447 3912 impedimenti
474 3836 560 3894 nobis
588 3837 680 3914 ignoti
708 3835 807 3895 fuerit.
851 3837 896 3894 Ea
917 3855 988 3912 pars
1009 3837 1151 3893 hactenus

84 3913 134 3974 dici
153 3929 271 3995 poteret
292 3920 358 3998 lege
380 3921 516 3980 Voconia
538 3921 575 3980 ad
597 3940 662 3980 11111
684 3922 855 3998 pervenire,
890 3921 984 3998 quod,
1013 3938 1079 3978 curn
1110 3929 1153 3977 te·

84 4008 248 4063 elementum
280 4005 356 4083 legis
378 4015 408 4064 et
429 4006 641 4065 iurisiurandi
676 4007 819 4084 religione
842 4005 987 4066 Sextilius
1010 4013 1151 4077 tueretur,

85 4093 179 4161 tamen,
201 4091 268 4167 lege
290 4109 350 4148 non
372 4091 562 4166 prohibente,
585 4092 664 4150 tiliae
681 4092 853 4150 debebatur.
896 4090 1075 4149 Huiusmodi
1098 4089 1153 4147 ali·

84 4170 144 4242 qnid
165 4175 346 4252 significasse
369 4175 557 4236 mihiCicero
579 4177 711 4248 videtum
733 4178 786 4235 sed
808 4176 910 4236 timide
932 4177 1006 4233 haec
1028 4175 1152 4252 attingo,

85 4255 127 4328 qui
147 4258 217 4318 iuris
240 4261 334 4320 nodos
356 4269 387 4318 et
407 4261 575 4338 aenigmata
595 4281 655 4320 non
677 4261 782 4319 norim.
827 4259 931 4338 [Nunc
958 4260 1058 4337 potius
1080 4271 1153 4336 puto

86 4337 210 4416 Fadium,
245 4347 302 4406 etei
325 4346 484 4406 Sextilium
510 4356 659 4424 rogasset,
690 4357 724 4404 ut
749 4346 849 4406 omnia
875 4346 913 4404 ad
936 4345 1027 4404 filiam
1049 4363 1153 4421 perve-
