2920 5012
331 411 375 476 42
720 430 766 476 nn
787 429 919 478 nmmos
942 429 1015 476 uon.

331 604 439 664 censet
465 598 561 678 enim,
595 599 704 664 eedem
731 599 786 664 illo
811 598 970 664 individue
999 603 1031 664 et
1058 597 1158 664 solide
1183 615 1317 679 corpora
1338 594 1417 662 ferri

332 701 479 768 deorsum
490 719 547 766 suo
558 702 698 782 pondere
709 702 750 767 cd
761 701 887 780 lineum3
910 701 991 766 hunc
1001 701 1176 766 naturalem
1191 715 1261 766 esse
1277 700 1417 765 omnium

333 821 500 885 corporum
526 810 652 868 motum.
703 805 753 869 19.
780 803 901 870 Deinde
933 803 1048 869 ibidem
1075 803 1166 869 homo
1193 810 1314 882 acutus,
1343 820 1418 866 cum

331 905 408 970 illud
430 913 621 986 occurreret,
655 906 682 972 si
703 907 806 972 omnia
827 907 974 972 deorsum
1000 924 1019 970 e
1045 906 1172 988 regione
1193 903 1351 970 ferrentur
1372 913 1416 982 et

293 1014 369 1078 but
385 1007 457 1087 dixi,
479 1009 520 1073 ad
534 1008 655 1088 lineam,
678 1027 846 1091 numquum
868 1007 943 1089 fore,
965 1015 1001 1073 ut
1022 1013 1144 1074 atomus
1166 1008 1265 1072 altere
1281 1005 1418 1070 alteram

331 1116 441 1192 posset
461 1109 628 1194 attingere,
650 1111 872 1193 itaqueettulit
892 1129 958 1175 rem
976 1109 1233 1175 commenticiam:
1255 1108 1418 1175 declinere

404 1319 422 1363 1.
442 1323 464 1364 ct
481 1317 586 1366 cmceili
605 1315 841 1381 smimodeoroum
860 1313 1023 1366 LPMCBOr.
1060 1320 1082 1364 2.
1100 1314 1186 1366 iabou
1203 1329 1249 1379 pro
1265 1313 1360 1364 hmucE
1392 1323 1416 1363 4.

254 1434 256 1457 Ι
330 1381 429 1434 deorsus
450 1382 537 1451 [A]P
572 1382 793 1452 b.[ad11'mam.i¹]
822 1387 883 1450 sore
900 1383 1050 1448 uinquumE
1089 1393 1180 1432 monton
1198 1383 1220 1432 E
1241 1381 1356 1450 [athomos
1378 1379 1414 1448 A]

331 1610 407 1666 quae
429 1591 513 1668 ottigi
537 1611 627 1668 supro
649 1592 686 1650 sd
709 1597 723 1662 ς
750 1595 797 1650 15.
826 1593 933 1650 Roimw
954 1592 1131 1649 nomenh.l.
1149 1591 1253 1648 eodem
1275 1589 1363 1648 modo
1377 1591 1418 1646 de

330 1696 430 1735 erroro
458 1678 527 1754 poni
555 1677 686 1745 videtur,
720 1698 780 1753 quo
801 1678 880 1756 opud
907 1678 1078 1735 Lucretium
1100 1679 1131 1743 Ι,
1166 1678 1227 1735 740
1251 1675 1419 1751 (Principiis

330 1773 417 1820 mmm
439 1769 465 1822 in
488 1783 576 1820 rerum
593 1767 683 1838 secere
705 1767 813 1840 roomo)
841 1775 871 1822 ot
898 1765 1020 1821 verbum
1049 1763 1236 1838 coniunctum
1263 1759 1342 1819 inira
1370 1763 1418 1831 ΙΙ,

334 1849 381 1906 18.
415 1850 461 1908 De
470 1849 592 1925 Epicuri
614 1849 745 1926 physicis
756 1868 831 1925 quoe
850 1861 1021 1926 sequuntur,
1044 1859 1115 1906 note
1137 1857 1206 1906 sunt
1222 1847 1420 1924 etexplicata

330 1935 369 1992 cb
391 1935 437 2005 iis,
460 1935 512 2011 qui
534 1936 570 1991 de
594 1946 724 1993 veterum
746 1935 935 2012 philosophie
957 1935 1145 2010 scripserunt.
1191 1927 1194 1936 ’

416 2023 540 2079 deorsum
562 2041 610 2077 ouo
627 2023 760 2097 pondere)
785 2021 835 2081 Sic
851 2031 969 2097 praeter
990 2021 1051 2078 Erl.
1077 2019 1166 2090 „alim
1190 2017 1270 2094 opud
1286 2015 1418 2088 Guium3

329 2105 399 2164 Bes.
421 2126 478 2165 om.
501 2109 633 2168 deorsum.
657 2117 687 2164 et
708 2117 793 2183 putet
814 2105 908 2166 Gzius
930 2107 1034 2164 obesse
1051 2124 1153 2182 posse,
1176 2105 1256 2179 quod
1278 2103 1350 2160 setis
1375 2105 1420 2160 sit.

329 2193 369 2248 ad
390 2195 494 2254 linteam.
518 2193 602 2266 quasi
623 2211 682 2249 non
705 2213 812 2250 curcum
835 2211 952 2268 quoque
979 2193 1019 2249 od
1047 2195 1142 2250 ὥιεανη
1169 2191 1206 2248 iri
1233 2189 1336 2265 possit.
1365 2189 1420 2246 De

330 2287 410 2334 motu
433 2287 598 2337 atomorum
610 2278 648 2334 od
659 2279 767 2336 lineam
779 2289 809 2335 et
820 2277 1025 2347 declinatione,
1049 2296 1124 2352 queo
1138 2295 1208 2334 casu
1225 2276 1286 2344 fiet,
1308 2275 1421 2332 brevio

330 2373 360 2420 et
381 2363 507 2422 obscum
533 2383 587 2421 nec
610 2365 681 2422 setis
704 2364 858 2422 emendata
881 2375 950 2422 sunt
973 2363 1094 2439 Epicuri
1117 2362 1209 2420 verbo
1231 2361 1310 2436 opud
1321 2361 1418 2437 Diog.

329 2448 427 2506 chrt.
449 2451 490 2520 Χ,
515 2450 555 2506 43
578 2461 608 2506 et
632 2451 668 2507 61
694 2450 757 2520 (ubi
780 2459 1024 2507 commemoretur
1046 2439 1063 2524 ἡ
1083 2437 1164 2505 κάτω
1186 2437 1269 2520 φορὰ
1286 2435 1334 2502 ord
1352 2444 1420 2502 τῶν

331 2525 411 2590 ἰδίων
430 2531 553 2610 βαρῶν),
577 2535 781 2606 luculentiore,
804 2555 879 2610 quoe
902 2535 1057 2592 Lucretius
1074 2533 1197 2608 exponit
1218 2533 1259 2602 Π,
1283 2532 1323 2589 80
1347 2549 1420 2605 sqq.

330 2616 392 2677 cfr.
414 2619 476 2678 Cio.
498 2621 537 2678 N.
546 2622 583 2678 D.
606 2622 631 2686 Ι,
657 2623 706 2690 69,
729 2622 765 2679 de
790 2622 855 2678 Fet.
879 2623 928 2678 22.
972 2621 1092 2678 Tertius
1114 2629 1279 2676 atomorum
1302 2625 1418 2686 motus,

330 2721 416 2777 quem
440 2705 628 2766 Democritus
651 2707 746 2764 solum
770 2707 928 2783 probabat,
957 2706 1007 2780 qui
1036 2705 1124 2782 plage
1146 2703 1327 2773 efficeretur,
1362 2703 1419 2759 hic.

330 2789 484 2848 omittitur.
528 2791 616 2865 Quod
638 2793 686 2850 hic
707 2794 747 2849 od
768 2795 873 2861 lineam,
895 2793 932 2849 de
955 2793 1030 2849 Fato
1053 2791 1228 2848 modrimem
1250 2789 1367 2846 dicitur.

419 2877 466 2932 19.
503 2877 609 2934 Deinde
641 2880 750 2950 ibidem)
784 2879 896 2935 Eodem
930 2877 1016 2934 modo
1050 2877 1126 2934 dixit
1158 2876 1191 2934 11
1222 2873 1317 2933 Aeso.
1352 2874 1417 2942 44;

331 2961 474 3018 transitur
490 2980 509 3017 a
519 2962 578 3020 loci
589 2964 626 3020 ed
638 2964 779 3039 temporis
791 2964 950 3030 notionem,
973 2963 1069 3020 nisit:
1088 2981 1175 3038 poeste
1185 2963 1272 3018 eodem
1286 2963 1419 3034 temporis

331 3057 466 3103 mommio.
511 3046 573 3107 cfr.
595 3050 632 3106 ed
654 3050 718 3106 Ao.
741 3051 782 3118 Π,
810 3050 857 3118 11,
881 3050 914 3106 2:
936 3049 1032 3105 ibidem
1053 3050 1123 3105 illico
1140 3066 1211 3123 puer
1231 3047 1282 3103 cbo
1304 3055 1329 3102 tc
1350 3065 1419 3102 crem

330 3134 459 3208 epistilia.
1058 3171 1060 3178 .

414 3221 577 3292 montmoret)
599 3221 836 3295 interpretentur
847 3221 1047 3280 ade-mmmmm
1070 3228 1239 3292 repiaeqnamt.
1263 3226 1296 3274 ut
1313 3214 1418 3273 simile

329 3305 369 3362 sit
390 3303 426 3376 ei,
450 3305 529 3378 quod
551 3305 628 3363 libro
640 3307 681 3376 ΙΙ,
708 3307 767 3363 108
791 3305 932 3381 scriptum
955 3315 1000 3361 est
1019 3303 1106 3380 paulo
1128 3301 1317 3360 insolentius:
1341 3305 1418 3374 quid

329 3401 462 3451 oocrrrrot.
485 3411 535 3447 mon
558 3393 667 3460 meterem
696 3399 925 3466 componuntque
948 3407 998 3446 eos
1022 3391 1116 3450 locos,
1140 3388 1296 3463 inquibus
1318 3386 1355 3443 de
1373 3386 1418 3444 iis

328 3475 449 3552 ponitur
481 3475 537 3533 hoc
569 3477 706 3538 verbum.
747 3477 797 3550 qni
836 3475 948 3549 aliquid
981 3475 1162 3552 argumentis
1190 3472 1342 3540 refellunt,
1379 3483 1419 3530 ut

329 3559 415 3620 Osce.
438 3560 479 3632 Π,
505 3561 532 3623 7,
557 3562 650 3619 Aeed.
674 3563 715 3625 11.
734 3564 784 3618 44.
807 3562 974 3620 Hictemon
996 3560 1096 3618 obstet
1118 3560 1264 3617 sententio
1284 3557 1417 3626 infinita,

329 3664 404 3720 quoe
427 3645 580 3725 subicitur,
603 3649 739 3724 cogitque
762 3648 895 3722 accipere
918 3665 971 3722 pro
994 3665 1039 3716 eo,
1062 3645 1141 3720 quod
1163 3655 1222 3702 est:
1250 3648 1277 3701 io
1298 3653 1417 3701 mortam

328 3735 428 3789 veniret
449 3741 474 3788 ct
495 3736 622 3805 comitanti
641 3736 802 3791 obintrat-inm
825 3733 967 3789 inderetur.
996 3731 1069 3789 Mox
1092 3749 1146 3808 pro
1168 3733 1293 3788 decrerim
1314 3728 1417 3788 ePul.

333 3819 346 3874 1
371 3819 484 3874 deorsus
507 3818 649 3889 seribere,
673 3837 739 3876 oum
762 3818 864 3894 paucis
886 3827 954 3874 ente
981 3817 1080 3874 verbio
1103 3817 1227 3874 deorsum
1249 3823 1416 3887 teneretur,

329 3901 411 3959 nulla
426 3902 503 3960 rotio
521 3913 593 3960 erat.
622 3905 696 3962 Mihi
709 3903 838 3962 nondum
850 3903 922 3960 certi
939 3901 1109 3977 quidquem.
1132 3911 1162 3960 et
1173 3901 1252 3977 quod
1264 3902 1416 3958 bonorum

329 3987 463 4044 codicum
486 3989 586 4063 ulique
608 3991 773 4046 constantia
795 3988 991 4053 confirmetur,
1015 3985 1152 4045 effectum
1175 3987 1211 4044 do
1229 3988 1285 4044 hcc
1295 3985 1415 4060 duplici

328 4072 425 4129 forme
446 4073 572 4144 videtur,
596 4075 651 4132 etsi
674 4076 710 4132 de
732 4095 859 4150 quorsum
883 4083 913 4130 et
933 4092 1050 4146 quorsus
1073 4073 1267 4132 Gernhurdus
1284 4079 1416 4130 conatus

329 4167 375 4214 est
396 4159 527 4234 regulam
551 4161 729 4218 constituere
747 4157 800 4240 (cd
821 4157 887 4218 Cet.
909 4159 981 4216 Mei.
1004 4160 1059 4223 42;
1093 4179 1209 4234 quorsus
1232 4159 1305 4228 duee,
1329 4159 1416 4232 quod

329 4241 380 4300 ille
402 4243 518 4318 probet,
541 4255 587 4303 ost
608 4246 638 4302 in
662 4246 781 4322 optimis
804 4244 887 4302 codd.
909 4243 974 4302 Cot.
998 4245 1048 4313 42,
1072 4243 1131 4303 Off.
1154 4245 1212 4314 ΠΙ,
1238 4245 1293 4316 68,
1316 4243 1415 4320 Legg.

328 4328 354 4398 Ι,
379 4329 429 4398 62,
453 4330 504 4386 sed
527 4350 654 4404 qraeormem
676 4334 741 4388 baec
763 4329 845 4388 Lcel.
868 4330 918 4398 42,
940 4328 1019 4386 Phil.
1042 4331 1113 4400 vn,
1137 4331 1199 4403 26).

417 4417 507 4488 itaque
528 4419 631 4491 amit)
645 4416 779 4475 Insciens
790 4415 885 4472 oratio
903 4423 933 4470 et
948 4431 1023 4488 quoe
1035 4415 1218 4474 dubitatione
1229 4433 1288 4473 non
1300 4425 1415 4472 cereat-
