2998 5020
411 447 455 492 ar
479 447 558 493 unu.
583 447 644 492 ara
666 447 688 494 v
711 447 783 492 car.
804 449 826 494 v.
1094 429 1157 493 633

90 614 203 678 similia
225 619 298 678 sunt
319 617 417 696 prima
438 616 470 680 in
493 617 610 694 animle,
634 617 722 698 quasi
743 617 889 682 drtumm
912 616 1035 697 igniculi
1057 623 1089 680 et
1109 635 1157 681 se-

90 718 181 782 mina.
225 718 271 781 Ex
298 717 346 782 his
374 719 473 783 tribus
501 737 568 784 curn
591 739 686 784 unum
713 719 827 800 aliquid
851 719 904 799 sit,
938 738 999 800 quo
1025 720 1158 800 primum

89 829 204 886 natura
230 826 391 884 moveatur
417 821 464 886 vel
492 823 531 886 ad
559 823 767 902 appetendum
795 823 843 886 vel
871 824 911 887 ad
938 821 1157 903 repellendum,

89 941 148 987 uec
169 923 335 1004 quidquam
359 924 481 988 cumino
503 931 628 1006 praeter
649 925 726 989 haec
746 925 806 990 tria
816 925 917 1006 possit
932 943 1010 1003 esse,
1031 943 1158 990 necesse

87 1031 139 1090 est
166 1026 290 1091 omnino
318 1025 450 1092 officium
478 1032 533 1092 aut
559 1025 695 1108 fugiendi
728 1033 782 1092 aut
810 1028 958 1110 sequendi
985 1029 1025 1092 ad
1052 1030 1196 1093 commo

160 1237 182 1280 2.
201 1230 299 1294 aliquod
315 1247 409 1290 omnes,
428 1231 471 1282 Or.
507 1233 588 1298 priona
611 1233 676 1283 aru
715 1239 737 1282 3.
757 1233 794 1283 cel
816 1233 971 1298 appetendum
994 1235 1053 1290 (om,
1072 1233 1157 1297 odil]

86 1299 289 1364 capallerrdumh
324 1308 345 1348 t.
364 1301 496 1365 ροιεὶιιιΕ
533 1307 554 1352 5.
574 1303 735 1367 uutqfficiam
756 1305 772 1350 l.
807 1296 1026 1368 out(prood)E
1128 1339 1130 1344 ·

86 1509 212 1581 aestiua,
234 1510 340 1567 vitiose
367 1511 396 1567 in
420 1510 563 1568 divisione
585 1511 661 1568 idem
678 1511 709 1568 in
736 1519 819 1588 parte
842 1512 920 1568 tertii
942 1512 1057 1588 generis
1080 1512 1158 1586 poni,

85 1595 168 1670 quod
191 1594 284 1671 ipsum
314 1597 355 1652 sic
382 1595 411 1652 in
440 1597 567 1654 secundo
594 1615 700 1672 genera
728 1599 935 1668 constituatur,
969 1607 1002 1655 ut
1029 1617 1087 1654 non
1121 1616 1158 1654 ex

86 1681 178 1739 tertio
200 1681 317 1757 decerpi
342 1691 371 1738 et
393 1683 471 1759 eligi,
489 1683 540 1740 sed
562 1683 708 1740 diversum
732 1702 796 1740 esse
818 1684 966 1752 videatur3
990 1702 1046 1740 non
1069 1691 1158 1754 recte,

84 1769 164 1824 haec
175 1766 264 1824 deleri
281 1767 414 1825 iubentes
433 1769 478 1845 (et
488 1769 597 1825 delevit
609 1765 805 1846 Schuetzius),
828 1770 857 1826 in
869 1770 1005 1826 librarios
1022 1788 1085 1826 eam
1098 1770 1158 1826 cul·

84 1873 158 1929 pam
181 1851 368 1910 transierunt.
407 1855 484 1911 Nam
507 1854 578 1912 alibi
600 1873 716 1929 quoque
738 1855 767 1911 in
791 1855 836 1912 his
859 1855 960 1932 primis
977 1855 1081 1914 Cicero
1100 1874 1158 1912 nna

85 1959 155 1996 carm
180 1938 346 1995 valetudine
369 1940 497 2016 (integra
520 1941 649 1997 universi
668 1937 816 2020 corporis)
845 1941 1021 1998 vacuitatem
1049 1941 1158 1998 doloris

85 2025 181 2098 (hanc
203 2024 250 2080 vel
280 2025 361 2082 illam
385 2033 497 2100 partein
511 2025 696 2102 attentantis)
713 2037 847 2084 numerat
870 2024 931 2106 (hio
954 2029 1003 2092 47,
1026 2027 1083 2098 III,
1108 2028 1157 2095 51,

86 2109 350 2188 1v‚20,27‚35).
397 2113 468 2170 Iuris
490 2131 543 2188 pro
562 2115 630 2170 cirea
653 2113 730 2188 Spir.
748 2112 823 2188 (art.
841 2112 934 2191 Gaii),
946 2115 1024 2182 Bae,
1042 2121 1158 2170 servato

13 2262 17 2270 Ι
86 2196 200 2252 veteris
222 2195 448 2272 orthographiae
472 2197 605 2272 vestigio.
654 2200 747 2256 Cetera
770 2209 983 2274 procacemque
1006 2198 1099 2258 Gzius
1121 2219 1158 2256 ex

84 2281 226 2338 caninibus
247 2281 322 2353 suis,
347 2283 433 2340 modo
456 2303 492 2340 ne
515 2284 550 2340 de
562 2284 676 2358 aliquot
694 2285 850 2356 erraverit,
874 2285 928 2342 etsi
951 2305 988 2342 ex
1010 2286 1037 2342 P
1058 2292 1159 2342 nostro

85 2374 222 2443 apparet,
244 2385 303 2424 non
325 2369 355 2426 iu
379 2369 449 2426 solis
472 2369 591 2446 optimis
606 2371 650 2427 ita
661 2371 799 2445 scriptum
813 2369 920 2440 hrisse3
943 2371 1001 2427 vid.
1013 2371 1050 2427 ad
1061 2371 1116 2442 IV,
1130 2375 1157 2427 4.

176 2471 288 2526 qumana
311 2457 408 2511 cimilia
430 2465 492 2512 aava
510 2458 601 2530 pauca
623 2459 648 2512 in
671 2453 782 2537 oreimis)
805 2457 852 2514 Ita
863 2455 967 2516 Cicero
979 2457 1093 2514 locutus
1105 2466 1158 2526 est,

87 2549 121 2596 ut
144 2556 204 2594 non
226 2539 313 2614 plane
335 2549 492 2616 appareat,
516 2559 585 2597 num
608 2542 690 2612 haec,
713 2561 788 2616 quae
812 2543 906 2618 prima
928 2543 957 2599 in
980 2543 1085 2600 animis
1108 2561 1158 2618 ap-

85 2625 189 2699 pellat,
212 2643 332 2700 prorsus
355 2627 384 2682 iu
407 2645 442 2683 eo
464 2646 571 2700 genere
594 2628 800 2699 numeraverit,
824 2648 898 2702 quae
921 2629 1160 2704 primaanatura

84 2717 305 2786 appeterentur.
333 2712 455 2768 Nullum
479 2713 580 2770 virtuti
603 2714 753 2789 proprium
777 2714 872 2772 locum
897 2733 960 2771 esse
982 2714 1011 2770 in
1034 2715 1159 2771 hoctar-

85 2797 129 2854 tio
152 2814 269 2872 genere,
293 2795 380 2854 facile
403 2799 461 2855 iam
484 2817 522 2854 ex
544 2819 579 2856 eo
602 2799 792 2875 intellegitur,
816 2800 1067 2874 quodCarneadis
1083 2801 1159 2870 finis,

84 2881 234 2956 qui.hinc
262 2882 391 2954 ducitur,
426 2885 534 2941 virtute
561 2895 647 2942 vacat
674 2886 729 2963 (22
758 2883 843 2964 cet.);
883 2887 968 2962 plura
1001 2886 1095 2943 dicem
1128 2887 1158 2943 in

84 2985 150 3024 exc.
172 2967 228 3024 IV.

171 3073 253 3110 renum
273 3053 392 3130 aliquid)
415 3055 643 3113 Pronominihus
666 3057 761 3113 neutri
785 3057 900 3132 generis
923 3058 1058 3114 universe
1081 3059 1159 3132 posi-

85 3139 122 3196 tis
146 3139 176 3195 in
200 3139 357 3197 dividendo
380 3159 467 3198 voces
490 3141 691 3198 substantivae
714 3143 911 3212 subiciuntur3
940 3144 1039 3217 itaque
1062 3151 1095 3200 ut
1116 3144 1159 3200 di·
1255 3217 1258 3224 γ

84 3225 163 3282 citur
184 3245 217 3281 ea
240 3227 282 3282 hie
304 3228 459 3302 corporibus
482 3229 591 3298 trullum,
615 3228 657 3284 sic
679 3228 860 3286 necessario:
882 3231 977 3298 eada,
997 3231 1089 3286 horrcvu
1103 3226 1157 3305 (ex

84 3310 130 3368 his
153 3311 250 3382 rebus,
275 3312 378 3368 harum
401 3310 513 3391 rerum)
536 3315 609 3384 nihil,
632 3331 690 3370 non
713 3315 824 3384 trullum,
848 3323 893 3371 at:
915 3335 961 3372 uec
978 3317 1158 3389 comamquid·

83 3417 180 3470 quom,
204 3415 263 3453 non
287 3399 383 3466 ulman,
412 3417 430 3454 a
453 3400 519 3454 ulad
541 3407 571 3455 et
592 3401 742 3473 quidquam
764 3400 867 3475 regula
890 3399 1093 3458 transferenda
1115 3410 1158 3458 est

83 3483 120 3538 ad
144 3501 195 3552 ea,
229 3501 305 3557 quae
332 3483 362 3540 in
386 3484 540 3541 scribendo
563 3485 723 3560 permutari
747 3486 856 3558 solent,
889 3495 922 3543 ut
943 3507 1032 3543 colaia
1054 3489 1160 3562 aliquid

84 3567 200 3625 dicatur
222 3567 270 3646 (ut
291 3588 345 3644 pro
358 3567 438 3628 Cael.
453 3570 492 3626 77
516 3571 681 3627 arietatorum
705 3568 939 3650 lemunvoliqur'd),
962 3591 1021 3629 non
1038 3576 1157 3648 aliquod.

84 3653 174 3710 Recte
198 3654 289 3730 igitur
316 3654 404 3730 paulo
433 3664 500 3731 post
527 3656 668 3712 edebatur
695 3659 734 3714 od
760 3677 849 3714 eonon
871 3660 990 3733 aliquid,
1024 3679 1078 3734 pro
1100 3678 1158 3734 quo

83 3737 176 3796 Gzins
199 3749 267 3814 post
278 3741 434 3797 Davisium
447 3741 566 3816 scripsit
577 3744 689 3816 aliquod
699 3761 736 3799 ex
748 3743 810 3799 Erl.
823 3753 853 3800 et
865 3743 942 3820 Spir.
955 3742 1019 3822 [B].
1053 3745 1111 3804 Sed
1124 3764 1158 3802 ea

83 3825 184 3900 regula
206 3825 280 3882 nihil
304 3835 432 3884 mutatur
454 3827 554 3884 addito
567 3849 646 3884 urium
659 3823 707 3908 (ut
718 3847 782 3885 cum
796 3833 995 3904 arctamquidqae
1006 3830 1158 3906 dicirnus);

84 3909 181 3984 itaque
204 3911 252 3967 hic
275 3931 391 3986 quoque
415 3913 457 3969 sie
469 3913 582 3988 scripsi,
606 3915 819 3990 Wesenbergio
831 3917 1015 3987 admonente,
1039 3936 1091 3992 pro
1108 3920 1157 3973 ali-

85 3999 170 4068 quoq
193 3995 311 4072 (contra
329 3997 365 4053 de
378 3983 461 4056 Orat.
473 3999 513 4056 II.
528 3999 588 4054 292
601 4001 715 4074 aliquod
737 4021 817 4056 ιιιιιιιιι
829 3999 1057 4080 argumentum).
1085 4003 1157 4059 Mox

86 4099 137 4153 pro
153 4086 273 4158 primum
296 4082 363 4160 (cfr.
390 4083 442 4156 lc)
466 4085 553 4141 etiam
572 4084 649 4160 Spir.
662 4083 718 4162 [B]
741 4094 771 4142 et
782 4085 860 4144 Gud.
875 4088 892 4143 2
906 4085 1002 4164 („tres
1019 4086 1158 4166 optimi“)

87 4175 115 4221 et
134 4179 188 4242 χψ,
213 4168 243 4224 id
266 4178 325 4240 est,
349 4176 380 4225 et
401 4169 537 4226 meliores
561 4179 590 4226 et
612 4171 789 4228 deteriorum
811 4173 927 4247 aliquot
950 4192 1039 4248 prave
1056 4177 1157 4249 panio.

85 4247 159 4327 [Nec
182 4263 254 4329 puto
277 4254 384 4311 fuisse:
407 4274 460 4328 quo
478 4259 567 4330 primo
589 4266 688 4312 iaciture
711 4253 780 4335 cet]

166 4341 282 4413 officiam
304 4351 352 4397 cat
368 4343 495 4414 soqicrnli
516 4339 585 4419 cet.)
609 4343 703 4415 Quam
726 4341 874 4400 fallaciter
895 4343 944 4402 hic
963 4343 1054 4402 officii
1067 4345 1158 4411 notio,

86 4421 184 4482 deinde
207 4425 322 4484 honesti
345 4427 537 4502 confingatur,
561 4436 591 4484 et
613 4429 756 4486 eiusmodi
778 4429 910 4501 honesti,
944 4438 978 4487 ut
1007 4430 1036 4487 in
1062 4432 1158 4488 studio
