2920 5012
330 377 371 444 76
719 395 764 440 nn
785 395 918 444 nntnnns
939 397 1012 444 nou.

329 563 360 628 in
382 562 562 644 sangvinenn
585 581 674 628 sunm
696 569 760 628 tam
782 564 923 630 crudeles
945 564 1058 646 fuisse,
1091 566 1167 632 nihil
1201 573 1237 632 nt
1259 569 1299 632 de
1325 567 1411 632 utili-

329 666 458 744 nonu,
491 664 568 730 nihil
601 671 637 730 nt
663 667 702 732 de
728 667 897 732 commodis
925 667 990 732 suis
1012 667 1208 750 cogitarent?
1252 671 1296 735 At
1316 669 1350 735 id
1372 689 1412 736 ne

328 766 548 850 feraeqndem
564 765 687 848 iaciunt,
709 775 746 832 ut
765 769 811 834 ita
832 775 926 836 ruent
945 769 1054 852 itaque
1074 771 1211 852 nubent
1234 778 1279 852 ut,
1300 789 1411 837 earnm

400 960 421 1005 l.
440 952 497 1004 nott
516 982 544 992 -·
564 953 702 1005 uttlt'tnttllun
725 971 774 1006 om.
794 956 815 1004 L
833 955 991 1022 voluptatem
1010 957 1053 1008 Or.
1092 964 1116 1012 2.
1135 967 1161 1008 ut
1178 975 1229 1010 ont.
1248 959 1269 1010 C
1291 956 1350 1026 [ad,
1370 974 1412 1008 su·

329 1039 419 1090 persen.
438 1033 465 1072 at
483 1021 517 1092 Δ]
556 1029 579 1073 ³.
598 1033 670 1088 atque
688 1024 731 1074 Or.
768 1026 888 1074 turbem
905 1025 1003 1077 LMCR

328 1215 425 1291 posita
446 1215 668 1286 coniunctione,
690 1216 775 1273 utin
797 1217 884 1274 Verr.
907 1218 946 1288 V,
973 1219 1047 1275 184:
1076 1221 1187 1293 clipeum
1214 1219 1348 1294 capitote
1370 1229 1413 1275 at-

318 1321 380 1390 ·que
401 1305 453 1360 iota
475 1322 537 1362 aree
559 1305 673 1358 omilium
694 1305 837 1359 nationum.
877 1301 1057 1361 Generalins
1073 1304 1267 1380 praeponitur
1283 1305 1313 1361 in
1338 1315 1415 1362 orat.

330 1387 366 1444 de
389 1387 458 1464 imp.
481 1389 586 1462 Pomp.
601 1387 655 1444 69:
679 1388 726 1445 loc
749 1389 869 1462 beneficio
892 1389 925 1446 P.
944 1389 979 1445 R.
1003 1400 1085 1464 atqw
1107 1392 1158 1448 inc
1175 1399 1308 1466 potestate
1327 1409 1414 1466 proe-

329 1477 407 1530 ton'o.
431 1473 650 1551 Explicativam
672 1483 848 1548 potestatem
871 1475 1129 1534 coniunctionibus
1146 1476 1291 1546 tribuunt,
1310 1475 1366 1550 qui
1384 1476 1414 1532 in

328 1560 514 1618 naturalibos
547 1559 691 1617 sermonis
712 1559 921 1616 inflexionibus
951 1579 1044 1618 novas
1066 1561 1298 1637 significationes
1321 1579 1415 1636 quae·

320 1654 404 1703 nunt.
449 1645 590 1706 Offendet
610 1643 735 1702 forsitan
758 1645 886 1719 aliquem
908 1646 1035 1720 repetita
1054 1648 1083 1704 in
1101 1658 1245 1722 cognatae
1263 1647 1414 1723 signifiea-

328 1731 417 1790 tionis
450 1732 550 1790 verbis
582 1730 780 1806 praepositio;
803 1730 855 1786 sed
882 1731 1020 1806 exempla
1046 1751 1168 1808 prorsus
1191 1732 1300 1790 similia
1322 1733 1416 1790 habet

328 1817 482 1893 Zuntptins
504 1818 542 1874 ad
564 1815 666 1874 Divin.
688 1816 718 1873 in
741 1815 827 1874 Caec.
851 1819 907 1887 41,
932 1817 982 1891 qui
1011 1827 1109 1874 tamen
1138 1837 1197 1875 non
1221 1818 1293 1875 satie
1315 1829 1416 1875 atten-

328 1903 405 1960 disse
428 1904 554 1974 videtur‚
577 1901 665 1958 aliam
683 1921 747 1959 esse
765 1901 908 1959 rationem
927 1902 1076 1960 interioris
1093 1903 1173 1960 illius
1185 1904 1415 1975 coniunctionis,

328 2007 404 2062 qnae
426 1989 635 2065 particulaqoe
658 1987 792 2045 eflicitur.

413 2078 446 2132 de
468 2075 638 2138 tetidwtiboul
664 2073 713 2134 Sic
736 2072 879 2147 quidquid
901 2083 947 2130 est
968 2073 1101 2130 codicum
1125 2069 1231 2150 (etiam
1253 2093 1311 2150 mg.
1332 2073 1415 2134 Crat.

329 2169 359 2216 et
381 2160 445 2218 cod.
468 2155 576 2240 vict),
604 2160 661 2216 nisi
683 2160 762 2233 quod
789 2159 819 2215 in
842 2158 907 2215 Pal.
931 2160 948 2216 2
977 2168 1008 2216 et
1029 2158 1105 2218 CCC
1129 2179 1217 2217 voces
1239 2161 1306 2216 nilo!
1330 2171 1362 2216 ut
1383 2163 1417 2216 de

329 2247 387 2302 until.
410 2246 535 2303 omissae
558 2255 643 2302 erant
664 2245 702 2304 ob
724 2243 882 2320 repetitum
904 2246 971 2301 nihil
993 2255 1021 2302 ut
1043 2247 1085 2302 de.
1131 2245 1190 2305 Sed
1207 2263 1261 2302 nec
1284 2248 1417 2303 utilimtes

329 2339 408 2387 reete
432 2331 474 2388 sio
496 2350 514 2388 a
535 2333 678 2388 cottnnodis
700 2329 812 2406 diiungi
835 2329 982 2400 videntur,
1006 2340 1039 2387 ut
1061 2331 1094 2388 fit
1116 2331 1145 2388 in
1163 2331 1219 2388 heo
1235 2332 1417 2406 repetitione

332 2417 414 2473 vocis
436 2418 515 2479 ollii.
539 2434 593 2473 neo
604 2417 752 2492 voluptas,
776 2433 851 2491 quae
863 2416 1023 2492 praecipua
1044 2425 1098 2486 est,
1122 2417 1261 2474 hocloco
1280 2426 1417 2492 praetor·

328 2501 365 2558 iri
388 2502 527 2577 potuisse.
572 2503 757 2576 Itaqueiam
780 2502 810 2558 in
833 2501 878 2557 ed.
901 2501 979 2558 lunt
1002 2503 1144 2578 seriptum
1167 2511 1226 2560 est:
1259 2503 1293 2560 de
1315 2505 1412 2578 volup-

329 2588 441 2653 tutibusq
481 2589 695 2664 probatumque
728 2607 746 2644 e
779 2586 893 2656 multis;
932 2588 1003 2661 quin
1041 2599 1121 2644 reete
1161 2587 1414 2663 coniungerentur

329 2675 466 2730 comoeda
494 2683 523 2730 et
550 2677 690 2735 utilitates.
724 2672 802 2747 quod
824 2672 966 2730 Davisius
999 2673 1230 2730 confirmandum
1264 2674 1414 2749 exemplis

329 2759 453 2834 putavit,
477 2778 562 2817 nemo
586 2759 744 2816 dubitarat.
788 2759 852 2816 Neo
875 2767 972 2815 tanwn
996 2759 1048 2816 illa
1064 2767 1239 2834 argumenta
1255 2777 1414 2816 assensum

329 2853 515 2919 extorquent.
570 2845 649 2903 Nam
683 2855 713 2902 et
745 2863 799 2920 pro
827 2844 978 2920 voluptate
1006 2855 1086 2901 reete
1107 2845 1156 2902 hie
1178 2845 1209 2901 in
1231 2845 1320 2902 rebus
1345 2863 1414 2921 gra-

330 2929 416 2987 vibus
439 2941 468 2988 et
491 2931 624 2989 tristibus
646 2931 815 2988 nominatur
836 2930 901 2988 sola
923 2947 973 3002 ee,
1007 2948 1083 3004 quae
1106 2930 1169 2987 eius
1198 2931 1294 2988 locum
1318 2939 1412 3001 tenet,

330 3015 456 3088 utilitas,
490 3017 528 3074 ad
556 3035 644 3092 quam
673 3017 778 3074 deinde
806 3017 975 3090 Torquatus
1004 3016 1148 3074 maiorum
1176 3033 1296 3073 suorum
1331 3015 1414 3073 facta

330 3101 552 3179 interpretando
580 3103 671 3160 trahit
699 3101 765 3180 (cfr.
783 3102 829 3172 ΙΙ,
855 3103 910 3159 82:
932 3104 1055 3158 utilitatis
1076 3121 1161 3158 eausa
1183 3135 1225 3142 -
1247 3119 1294 3175 ope
1315 3103 1412 3176 volup·

329 3187 423 3266 tatis),
457 3199 487 3246 et
519 3189 549 3245 in
583 3188 751 3246 huiusmodi
784 3187 913 3244 oratoria
945 3187 1032 3244 nnius
1065 3187 1195 3245 notionis
1228 3187 1413 3244 diiunctione

330 3274 423 3330 multa
444 3273 501 3332 sibi
513 3274 618 3334 Cicero
641 3273 800 3351 permittit;
823 3273 913 3330 habet
935 3272 1012 3330 enlin
1036 3273 1132 3330 oratio
1154 3273 1210 3330 hoe
1232 3273 1297 3330 loeo
1319 3273 1413 3329 vehe-

331 3359 470 3416 mentiam
503 3361 660 3435 quandam.
705 3359 767 3418 cfr.
789 3359 826 3415 ad
861 3359 900 3416 29
935 3369 965 3416 et
997 3357 1076 3416 infla
1104 3359 1143 3416 50
1167 3354 1229 3439 (nee
1251 3359 1345 3414 divelli
1367 3377 1413 3415 nec

329 3443 469 3525 dittrolo').¹

415 3534 452 3588 ita
485 3541 566 3590 ruant
598 3535 689 3605 itaque
722 3526 839 3603 turbent)
875 3531 971 3603 Itaque
1004 3529 1153 3586 habebant
1185 3547 1286 3586 omnes
1319 3528 1413 3586 Lbini
1457 3587 1458 3601 χ

329 3616 423 3688 codd,
447 3617 523 3674 Pell.
546 3618 616 3674 item
640 3635 758 3687 onnnes‚·
773 3617 863 3685 Mon,
887 3616 981 3686 vict,
1005 3614 1085 3673 Oxx.
1107 3623 1215 3690 praeter
1236 3609 1292 3684 Εξς
1315 3615 1413 3672 Davi·

330 3702 390 3759 sius
424 3706 515 3778 iwqoe
548 3713 650 3762 tenens
683 3711 775 3770 tecet3
814 3701 866 3758 sed
900 3719 966 3758 ecee
1001 3699 1094 3759 Gaius
1127 3709 1229 3757 narrat
1261 3700 1412 3770 universe,

226 3779 229 3784 ’
332 3789 475 3864 „scriptos
498 3807 564 3846 eum
587 3788 657 3846 olim
680 3787 819 3864 vulgata“
843 3787 953 3843 habere
974 3797 1069 3861 αιᾳυο,
1097 3795 1131 3842 nt
1157 3795 1218 3843 tres
1241 3804 1309 3843 suos
1333 3786 1413 3862 opti·

329 3892 402 3931 mos.
445 3875 541 3950 Atqui
564 3874 599 3932 de
622 3874 668 3930 his
690 3873 809 3948 optimis
835 3871 901 3929 falli
929 3891 996 3929 eum
1023 3871 1152 3929 ostendit
1173 3871 1250 3942 Erl.;
1282 3870 1412 3930 fortasse

329 3959 419 4036 igitur
446 3960 544 4018 nullus
579 3959 672 4018 codex
706 3968 824 4034 praeter
857 3959 929 4016 duos
968 3957 1035 4014 illos
1063 3957 1227 4034 singulares
1249 3955 1329 4016 Oxx.
1360 3958 1412 4014 ha·
1456 3989 1457 4000 κ

330 4045 380 4102 bet
406 4057 501 4120 atquo;
535 4045 666 4104 Orellius
694 4045 750 4114 ait,
785 4045 827 4102 ita
854 4063 918 4101 esse
945 4043 975 4100 in
1004 4043 1148 4101 adven.
1174 4043 1269 4112 1480;
1303 4042 1412 4100 deinde

330 4131 372 4188 sie
404 4131 497 4190 edidit
529 4131 696 4201 Victorius;
730 4133 820 4205 itaque
852 4138 970 4206 praeter
1004 4129 1057 4187 CR
1095 4129 1184 4187 etiam
1212 4128 1247 4186 P.
1275 4129 1410 4199 Mersus,

330 4215 425 4286 Crat,
459 4227 527 4274 oett.
570 4217 736 4294 Aptissime
769 4216 811 4274 sic
833 4215 937 4274 Cicero
971 4214 1046 4270 dixit
1079 4215 1109 4271 in
1143 4214 1226 4272 brevi
1254 4221 1284 4270 et
1312 4213 1411 4271 conci·

329 4310 392 4358 tata
424 4303 565 4360 oratione.
610 4301 832 4362 Coniunctionis
856 4300 933 4362 Gaio
961 4301 1079 4376 ignotae
1108 4304 1146 4356 ita
1168 4333 1210 4342 -
1232 4303 1323 4373 itaque
1352 4299 1410 4356 trie

331 4388 467 4464 exempla
490 4389 624 4447 llondiue
653 4387 744 4446 habet
764 4387 823 4458 ΙΙΙ,
846 4407 874 4463 p.
899 4387 975 4457 500,
1010 4386 1061 4460 qni
1083 4385 1183 4444 neseio
1210 4403 1263 4442 our
1284 4385 1409 4459 antiquo
1455 4395 1456 4402 ’
