2928 5012
353 415 426 479 XIV
795 435 989 482 Paternum.

353 611 501 686 quantum
524 625 574 670 res
596 606 741 687 posudat,
764 625 802 670 ne
824 607 863 671 de
885 625 954 670 mea
970 604 1031 670 fide
1043 606 1209 684 dubitetur,
1232 625 1303 670 cum
1316 609 1361 672 do
1376 627 1436 670 un«

282 703 284 710 ’
316 727 320 734 ·
352 713 619 794 praestantissimo
641 715 746 779 codice
768 715 908 778 omnibrm
930 713 995 778 fere
1018 715 1139 794 paginis
1161 733 1262 778 meum
1285 715 1438 778 testimo-

353 823 436 886 nium
458 840 478 885 a
500 821 663 887 Goerenzii
685 822 853 902 discrepet,
884 841 960 887 neve
982 822 1119 902 imperiti
1142 823 1235 886 certis
1257 823 1438 886 auctorita-

352 929 434 993 tibus
456 929 579 993 inanem
602 931 733 1011 speciem
756 931 894 994 codicum
918 930 1199 994 Goerenzianorum
1223 939 1438 1010 opponantur

352 1055 388 1102 ex
413 1038 479 1102 eius
502 1038 659 1102 erroribus
682 1055 779 1102 novos
800 1045 973 1119 procreent.
1023 1037 1212 1102 Goerenzius
1239 1037 1339 1118 igitur
1371 1057 1438 1102 non

352 1146 459 1220 solum,
482 1165 561 1227 quas
583 1147 610 1210 ei
632 1145 756 1226 placuit,
779 1147 950 1227 scripturas
973 1167 990 1210 e
1012 1146 1166 1210 codicibus
1184 1146 1249 1211 suis
1262 1147 1438 1225 excerpsit

351 1263 469 1320 ceteras
491 1273 585 1335 saepe
607 1255 740 1334 optimas
763 1263 794 1319 et
815 1255 946 1320 maxime
969 1255 1119 1319 notabiles
1142 1254 1252 1330 omisit,
1275 1263 1332 1318 aut
1357 1255 1438 1316 sub-

351 1363 421 1428 inde
446 1363 545 1426 minus
568 1363 658 1443 plene
680 1371 712 1427 et
733 1371 885 1438 accurate,
909 1364 983 1444 quid
1004 1364 1036 1426 in
1058 1362 1214 1428 codicibus
1237 1369 1338 1440 esset,
1364 1373 1438 1426 tra-

350 1470 438 1546 didit,
461 1472 516 1534 sed
538 1471 582 1535 ita
603 1472 740 1553 graviter
761 1472 874 1552 ubique
892 1472 1022 1550 erravit,
1051 1472 1095 1536 ita
1117 1471 1228 1535 mrdms
1251 1471 1436 1550 scripturas

350 1577 510 1656 confinxit,
532 1581 576 1643 ita
599 1580 723 1644 nomina
744 1580 883 1644 codicum
905 1579 1107 1660 permutauit,
1130 1598 1209 1661 quae
1239 1579 1269 1642 in
1298 1579 1434 1658 optimis

351 1693 448 1764 erant,
471 1687 614 1768 pessimis
637 1688 753 1765 tribuit,
775 1707 855 1768 quae
877 1688 907 1751 in
930 1688 1082 1768 pessimis,
1105 1687 1242 1768 optimis,
1265 1687 1310 1750 ita
1333 1687 1433 1750 etiam

349 1794 381 1857 in
402 1795 441 1858 iis
462 1795 551 1872 iocis,
580 1797 631 1861 ubi
654 1797 692 1860 ab
715 1795 783 1861 aliis
805 1796 980 1860 admonitus
1003 1801 1084 1872 erat,
1112 1805 1146 1859 ut
1167 1796 1361 1872 attenderet,
1388 1797 1433 1858 de

350 1901 436 1966 falsis
458 1905 661 1982 asseveravit,
685 1913 720 1968 ut
741 1904 816 1969 nihil
834 1922 979 1984 umquam
1001 1903 1064 1967 ulla
1087 1921 1123 1966 ex
1145 1909 1236 1983 parte
1258 1903 1357 1967 simile
1381 1905 1430 1965 vi-

352 2011 450 2075 derim
472 2019 510 2087 et,
534 2013 592 2075 nisi
615 2012 687 2076 mihi
710 2020 820 2092 stupor
842 2011 973 2076 hominis
995 2021 1027 2075 et
1047 2011 1237 2091 perversitas
1259 2010 1291 2074 in
1313 2013 1429 2076 ceteris

353 2137 476 2200 quoque
497 2120 590 2184 rebus
612 2129 777 2200 perspecta
799 2127 916 2198 essent,
945 2119 995 2182 vix
1017 2119 1093 2183 mois
1115 2119 1183 2199 ipse
1205 2119 1300 2183 oculis
1323 2120 1428 2183 credi-

352 2234 441 2290 turus
463 2227 582 2293 inerim.
616 2231 661 2292 Ac
681 2235 806 2308 poterat
826 2229 886 2292 iam
909 2237 981 2292 ante
1004 2235 1265 2308 magnaexparte
1280 2227 1427 2307 intellegi,

352 2354 431 2416 quae
453 2334 530 2400 fides
542 2335 712 2401 Goerenzio
735 2337 908 2414 deberetur,
931 2336 1138 2417 attigeratque
1161 2336 1296 2400 Orelbus
1319 2336 1426 2416 suspi-

351 2443 451 2510 cione.
484 2446 568 2525 quod
595 2450 659 2509 tam
687 2462 781 2524 saepe
808 2445 897 2525 quasi
925 2444 1031 2508 dedita
1054 2461 1150 2524 opera
1172 2443 1250 2508 falsa
1271 2445 1310 2508 de
1332 2443 1425 2508 editis

349 2551 436 2615 libris
459 2560 490 2615 et
511 2552 641 2616 aliorum
664 2552 820 2616 codicibus
843 2552 989 2616 narravit
1023 2551 1092 2616 Non
1106 2551 1296 2631 paucaenim
1313 2552 1424 2616 similia

351 2667 424 2722 sunt
446 2661 482 2738 ei,
505 2662 588 2741 quod
613 2662 653 2725 ad
675 2662 700 2736 1,
713 2661 753 2724 39
777 2659 943 2737 commisit,
977 2660 1028 2723 ubi
1057 2651 1126 2724 cum
1153 2661 1193 2724 ad
1216 2659 1292 2723 haec
1312 2661 1421 2724 verba:

349 2771 454 2830 storea
471 2773 613 2846 porrecto
635 2789 744 2844 maan,
773 2787 851 2849 quoe
872 2787 983 2831 omaus
1009 2767 1153 2848 sipaificct
1173 2767 1289 2831 Paulus
1311 2767 1420 2830 Manu-

350 2874 412 2938 tius
434 2883 615 2940 annotasset
636 2877 849 2957 repetitionem
872 2875 1056 2940 substantivi
1085 2884 1156 2955 post
1178 2893 1347 2955 pronomen
1369 2895 1419 2938 re·

350 2983 477 3047 iativurn
500 3003 560 3048 non
583 2985 737 3049 insolitam
760 3003 842 3061 esse,
876 2984 934 3048 sibi
962 2993 1064 3048 tannen
1093 2985 1124 3048 iu
1153 2991 1286 3048 mentem
1307 2983 1419 3052 vern-e.

349 3091 489 3157 additum
511 3091 645 3158 fortasse
667 3111 858 3157 essemonus
879 3093 918 3157 ab
940 3092 1053 3173 aliquo,
1077 3092 1129 3172 qui
1141 3097 1308 3168 vereretur,
1331 3111 1367 3154 ne
1378 3093 1418 3154 ad

349 3207 484 3264 statuam
507 3201 610 3281 potius
632 3220 725 3283 quam
747 3202 787 3266 ad
810 3220 935 3266 manum
957 3217 1127 3282 pronomen
1149 3219 1228 3280 qaroc
1246 3197 1415 3272 referretur,

348 3308 418 3372 hinc
440 3310 524 3389 apud
547 3308 753 3374 Goerenzium
775 3310 850 3374 haec
873 3317 946 3372 nata
969 3313 1054 3372 sunt:
1080 3308 1206 3389 „Nugas
1223 3317 1414 3372 autemtrac·

350 3422 395 3480 tat
417 3417 562 3481 Davisius
585 3417 634 3493 (-
653 3425 686 3482 at
697 3418 724 3481 is
736 3436 774 3481 nc
786 3417 880 3482 verbo
892 3417 1014 3498 quidem
1026 3417 1108 3480 hunc
1130 3417 1230 3480 locum
1242 3415 1339 3496 attigit
1352 3415 1413 3494 —),

349 3543 418 3589 cum
429 3545 542 3588 monas
555 3524 624 3588 ideo
636 3525 746 3590 abesse
757 3525 839 3604 velit,
851 3531 887 3588 ut
897 3544 975 3605 φησι
986 3526 1026 3588 ad
1038 3528 1174 3588 statuam
1185 3523 1350 3588 referatur*
1359 3525 1410 3601 (d).

349 3633 396 3697 De
418 3633 584 3698 Cratandri
606 3651 729 3714 quoque
750 3633 889 3714 margine
913 3651 1007 3712 saepe
1029 3633 1166 3714 graviter
1194 3639 1290 3708 errat,
1321 3631 1410 3695 inter-

348 3742 422 3805 dum
444 3761 543 3823 usque
565 3743 606 3806 ad
629 3760 778 3806 summam
805 3742 1015 3819 mirationem,
1049 3749 1083 3805 ut
1106 3760 1174 3804 cum
1203 3741 1250 3823 id¹
1283 3741 1358 3820 quod
1379 3740 1408 3802 in

348 3868 410 3914 una
432 3849 559 3913 Gruteri
582 3849 716 3914 editione
738 3869 757 3913 a
780 3850 976 3930 typographo
998 3850 1204 3930 depravatum
1228 3858 1289 3925 est,
1314 3849 1341 3912 in
1363 3867 1408 3911 co·

347 3956 422 4020 teris
445 3957 587 4021 omnibus
609 3957 730 4038 legitur,
754 3958 796 4022 ibi
818 3977 875 4038 pro
899 3959 985 4022 varia
1008 3958 1164 4038 scriptura
1187 3955 1326 4020 annotari
1338 3956 1407 4018 scri-

346 4064 391 4128 bit
414 4066 467 4146 (ad
489 4065 526 4144 V,
545 4065 612 4148 91).
657 4065 704 4130 De
727 4066 860 4130 editione
883 4065 980 4128 Marsi
1003 4068 1155 4147 quaedam
1178 4063 1314 4144 exempla
1333 4061 1406 4126 infra

345 4191 468 4254 ponam.
512 4172 603 4236 Nunc
629 4191 699 4236 cum
726 4173 860 4238 codicem
887 4174 1110 4256 ErIangensem
1136 4173 1247 4237 iterum
1275 4171 1405 4234 collatrun

345 4281 489 4360 habeam,
523 4287 687 4361 praeterea
719 4282 760 4345 ad
794 4281 981 4346 deteriorum
1009 4282 1147 4347 codicum
1177 4298 1351 4345 consensum
1377 4287 1405 4341 ot

345 4389 584 4469 discrepantiam
617 4389 832 4470 perspicienda
870 4390 1010 4454 idoneam
1043 4389 1203 4452 materiam
1237 4386 1402 4468 collegerim,
