2920 5012
328 352 370 418 52
720 372 765 418 un
787 370 918 419 ruimus
940 371 1012 418 nou.

329 561 365 608 se
386 542 480 607 etiam
501 539 625 606 videon
646 540 751 606 multis
772 539 1000 622 voluptatibus,
1022 558 1092 606 oum
1111 539 1173 622 ipsi
1194 545 1326 604 naturae
1345 557 1403 621 pa·

330 645 455 726 trioque
488 641 587 708 amori
623 643 809 724 praetulerit
843 643 892 708 ins
930 642 1103 708 maiematis
1142 649 1237 724 atque
1273 641 1404 723 imperii.

332 749 383 812 24.
407 745 510 823 Quid?
544 744 580 809 T.
604 744 783 826 Torquatus
814 745 856 826 is,
884 744 938 827 qni
966 744 1074 810 consul
1104 763 1175 810 cnm
1196 744 1250 810 On
1274 743 1405 810 Octavio

330 847 402 928 luit,
440 866 510 912 cum
541 846 626 912 illam
655 847 853 912 severitatem
877 847 910 912 in
932 865 969 912 eo
992 844 1055 912 tilio
1079 846 1232 926 adhibuit,
1260 865 1351 929 qncm
1373 846 1406 911 in

291 948 529 1032 5odoptionem
550 950 588 1014 D.
611 949 715 1016 Silano
737 950 1000 1032 emancipaveret,
1032 954 1069 1013 ut
1090 967 1174 1030 eum,
1201 949 1407 1014 Macedonum

401 1125 422 1170 l.
441 1129 464 1170 et
480 1125 535 1185 ipro
552 1121 676 1182 dramJE
710 1119 790 1184 patrio
813 1137 903 1184 quoqne
926 1119 1024 1170 Ptoou
1047 1119 1171 1184 primoque
1192 1119 1213 1168 1,
1249 1124 1271 1168 ³.
1291 1119 1320 1170 L.
1344 1117 1407 1170 Tor·

329 1199 511 1253 quotusomnee
523 1187 584 1258 [cum
596 1187 625 1240 G.
637 1187 671 1239 N.
683 1192 735 1240 Oct.
746 1188 781 1257 Δ]
801 1206 852 1239 cum
864 1187 889 1241 G.
902 1187 984 1240 Oeen
1012 1186 1407 1258 o.[si1aaoa1manctpararc

332 1363 403 1420 ordo
436 1363 520 1435 sinit,
553 1372 587 1420 ut
608 1362 687 1420 nitra
713 1381 799 1422 veroa
827 1364 899 1422 fines
927 1381 1084 1439 progressa
1110 1361 1242 1420 infinitae
1264 1363 1408 1420 orationis

330 1449 377 1506 vis
398 1445 526 1525 putetur.
571 1447 764 1527 [Scrnpnlum
786 1459 885 1506 tamen
906 1449 963 1506 hoc
990 1445 1097 1526 inicit]
1141 1447 1244 1508 Simile
1271 1447 1352 1505 dicas
1375 1449 1409 1506 11

332 1534 368 1591 de
397 1534 498 1592 Divin.
523 1536 577 1592 67:
610 1537 685 1610 quod
705 1538 762 1610 r'poe
789 1546 813 1592 et
840 1555 924 1610 equus
951 1537 1007 1592 aas
1034 1543 1140 1610 repente
1165 1535 1321 1604 condiderit,
1355 1555 1409 1590 non

332 1639 397 1677 ecoe
418 1621 538 1678 neratde
560 1621 608 1677 loo
635 1617 750 1695 quedem.
795 1619 855 1679 Sed
877 1620 959 1697 ipsae
981 1637 1070 1677 voces
1097 1621 1145 1677 loc
1172 1621 1278 1694 quidem
1306 1619 1409 1678 admo·

331 1713 416 1777 nent,
446 1713 480 1762 nt
501 1705 606 1764 melina
628 1707 719 1763 verba
740 1706 982 1782 interpungamns
1004 1714 1034 1762 et
1055 1707 1130 1780 quod
1150 1705 1209 1762 alio
1230 1703 1410 1762 referamus:

331 1791 422 1865 Atque
443 1795 522 1848 etaiam
543 1812 561 1847 α
584 1801 608 1848 to
630 1791 807 1849 Flaminiana
828 1802 930 1849 ostento
952 1793 1060 1849 collecta
1081 1801 1159 1848 eunt:
1186 1789 1290 1862 „Quod
1303 1793 1363 1866 ipse
1385 1802 1410 1848 et

330 1895 416 1951 equae
438 1880 493 1934 aaa
515 1887 621 1952 repente
641 1879 812 1934 conciderit.“
861 1873 959 1958 (Haec
991 1895 1029 1933 ex
1062 1876 1187 1934 adverso
1219 1875 1358 1934 dicuntur
1381 1887 1412 1934 et

331 1961 388 2020 hoc
419 1962 547 2038 primum
574 1971 619 2020 eet
646 1963 822 2032 membrum,
852 1963 898 2019 cni
920 1964 1040 2020 Marcus
1062 1957 1215 2040 occurrit)
1257 1961 1319 2018 Non
1342 1983 1411 2020 eone

331 2047 452 2104 rnlrolile
485 2049 533 2105 lroo
565 2049 680 2124 quidem.
736 2047 841 2119 „Quod
871 2051 946 2106 euelli
973 2050 1059 2124 penu
1090 2049 1193 2104 hastati
1223 2049 1327 2120 a'qnum
1356 2069 1411 2105 nora

327 2135 475 2209 potuerit*
524 2133 627 2192 Timide
653 2136 775 2208 fortasse
807 2136 917 2208 eiqndter
948 2134 1072 2190 evellebat
1105 2141 1172 2189 cett
1225 2133 1331 2206 Itaque
1366 2134 1411 2191 ibi

331 2219 406 2292 quod
426 2218 547 2294 ponitur
574 2219 605 2276 in
631 2219 682 2290 iis,
706 2237 781 2293 qnae
804 2219 941 2276 universe
964 2238 1030 2276 cnm
1053 2218 1268 2294 significatione
1290 2218 1411 2276 dicendi

331 2311 384 2360 aut
410 2303 555 2361 sentiendi
578 2305 789 2380 comprehensa
818 2313 900 2374 snnt,
923 2304 1121 2381 particulatim
1144 2303 1352 2379 adiungendis,
1376 2313 1412 2362 nt

332 2407 436 2464 saepe,
460 2386 510 2466 [de
538 2408 597 2464 quo
624 2409 731 2466 genere
759 2391 821 2447 dixi
849 2390 959 2466 Opnsc.
987 2391 1035 2462 Π,
1065 2409 1093 2465 p.
1123 2387 1209 2466 736]Ι
1264 2388 1412 2448 Similiter

332 2473 463 2550 Philipp.
476 2475 514 2546 V,
541 2477 577 2532 17
601 2469 661 2556 (Au
682 2477 730 2532 illa
752 2495 804 2533 non
823 2479 991 2549 pravissimis
1013 2479 1161 2550 a'qnonumn
1183 2479 1411 2550 monumentisque

334 2560 413 2617 traua
435 2561 537 2618 ordinis
558 2562 598 2618 od
614 2563 780 2636 posteritate
802 2565 954 2618 mumdum
982 2571 1044 2618 eunt
1070 2562 1203 2624 notando,
1236 2561 1310 2634 quod
1338 2581 1411 2618 unam

333 2646 375 2702 M.
398 2645 530 2704 Antonius
552 2649 579 2703 in
602 2647 653 2704 lac
674 2647 739 2703 urbe
762 2649 857 2722 polam
879 2667 967 2704 secum
990 2647 1111 2703 habuerit
1132 2656 1250 2702 ommno
1272 2641 1342 2726 eto.)
1367 2649 1412 2704 sic

332 2732 407 2805 quod
428 2731 594 2789 annectitur
615 2731 781 2808 pronomini
804 2735 864 2798 illa,
888 2739 921 2788 ut
942 2733 979 2789 ad
1001 2731 1096 2808 ipsam
1119 2730 1292 2788 sententiam
1316 2734 1412 2807 perti·

333 2824 403 2872 neat
424 2816 469 2874 vis
491 2817 574 2874 verbi
596 2817 813 2892 praecedentis,
848 2819 932 2892 quasi
955 2818 1007 2875 sit:
1030 2838 1066 2874 αιι
1088 2837 1138 2874 roma
1161 2817 1319 2887 noturrdum,
1338 2819 1412 2889 ,An-

334 2905 432 2958 tonium
454 2902 578 2959 lamense
600 2911 655 2959 etc.
699 2897 775 2982 (cfr.
798 2902 884 2962 Caes.
905 2904 940 2962 B.
963 2903 1050 2971 c.1,
1075 2903 1130 2959 23:
1153 2921 1245 2979 pauco
1267 2903 1344 2978 uprsd
1366 2924 1413 2960 eos

334 2988 466 3061 loquitur,
494 2989 568 3063 quod
589 2991 658 3059 etc.)
703 2987 845 3066 [Proprio
867 2988 933 3046 loco
955 2988 1121 3046 habendum
1150 3007 1229 3060 esee,
1257 2988 1336 3062 quod
1360 2988 1413 3047 ci-

335 3090 402 3130 cero
425 3073 480 3145 bis,
503 3073 534 3130 in
556 3073 658 3131 Pison.
676 3076 714 3132 66
738 3083 769 3132 et
789 3074 820 3131 iu
842 3076 929 3132 Verr.
946 3075 985 3145 V,
1012 3075 1081 3145 175,
1104 3075 1207 3131 eodem
1230 3073 1325 3146 modo,
1349 3093 1413 3148 qno

335 3157 440 3215 comici
462 3159 648 3234 aliquotiens,
671 3161 745 3234 quod
766 3178 832 3216 cum
860 3160 1047 3218 coniunctivo
1067 3159 1167 3235 posuit
1187 3158 1238 3230 ita,
1260 3167 1294 3216 nt
1316 3169 1413 3216 esset:

335 3245 463 3318 sisorte,
493 3248 609 3316 edoma,
633 3245 695 3301 dixi
718 3245 885 3302 Emendatt.
907 3245 973 3303 Liv.
995 3265 1024 3321 p.
1047 3247 1108 3302 415
1132 3254 1193 3302 not.
1236 3245 1314 3302 Nam
1338 3244 1415 3302 olim

335 3328 384 3385 hio
405 3329 437 3385 in
459 3329 636 3387 Pisonianae
664 3330 730 3388 loco
752 3333 858 3388 uidetur
879 3330 1066 3388 scribendum
1088 3331 1295 3410 indicaveram.
1341 3329 1415 3389 Sin·

335 3413 437 3490 gulare
459 3424 505 3472 est
527 3415 615 3472 etiam
637 3424 668 3472 et
688 3416 827 3488 indidem,
850 3416 964 3492 opinor,
988 3427 1095 3488 ortum,
1118 3414 1334 3490 quodOvidins
1356 3415 1415 3472 ali-

335 3508 408 3574 quot
429 3499 503 3557 locis
525 3503 599 3575 quod
620 3520 686 3558 cum
709 3501 897 3559 coniunctivo
919 3500 1004 3577 ponit
1025 3501 1088 3559 fere
1115 3521 1169 3577 pro
1191 3520 1357 3577 quamquam
1379 3502 1416 3558 in

336 3585 537 3643 concedendo:
559 3586 680 3643 Heroid.
702 3588 763 3658 IV,
790 3589 864 3658 157,
898 3587 1018 3644 Metam.
1040 3587 1117 3658 vul,
1142 3588 1218 3659 705,
1241 3587 1331 3644 Trist
1353 3587 1414 3658 IV,

337 3671 366 3740 9,
387 3671 435 3743 17,
453 3689 492 3728 ex
502 3673 600 3730 Ponto
610 3673 666 3743 IV,
682 3674 730 3744 10,
749 3674 804 3742 253
827 3691 895 3730 nam
906 3673 1029 3730 Heroid.
1040 3673 1145 3743 XVII,
1170 3673 1229 3730 251
1248 3672 1415 3743 erxynl,

337 3757 389 3828 41,
411 3765 446 3813 nt
466 3775 521 3832 par
542 3767 597 3829 est,
619 3777 678 3816 non
700 3756 846 3836 numero]

423 3842 473 3900 24.
511 3843 541 3900 Τ.
559 3841 728 3922 Torquatos)
752 3844 864 3901 Verum
891 3861 1070 3919 praenomen
1092 3843 1219 3918 plurium
1243 3841 1417 3900 coniectura

336 3927 518 3998 restitutum
546 3947 615 3986 uam
643 3929 727 3986 codd.
750 3929 838 3986 etiarn
860 3929 985 3986 aliorum
1008 3929 1044 3986 L.
1089 3928 1214 3988 Constat
1235 3947 1294 3985 uon
1316 3928 1417 3986 solum

337 4011 442 4070 eLiv.
465 4014 534 4089 epit
559 4015 598 4071 54
622 4023 651 4072 et
673 4015 741 4074 Val.
764 4015 845 4071 Max.
870 4015 907 4086 V,
932 4015 961 4087 8,
986 4015 1020 4086 3,
1043 4014 1095 4071 ubi
1117 4015 1219 4071 eadem
1241 4032 1288 4071 res
1310 4032 1416 4070 narra-

337 4105 386 4154 tur
406 4098 532 4173 plonius,
556 4109 585 4156 et
602 4099 763 4158 didascalia
773 4101 908 4176 Hecyrae
920 4099 1127 4171 Terentianae,
1149 4099 1201 4156 sed
1213 4119 1228 4156 e
1240 4098 1418 4175 fragmentis

337 4181 523 4258 Capitolinis.
556 4183 708 4262 [Baiterns
729 4204 908 4262 praenomen
931 4183 1053 4262 omisit]
1087 4185 1198 4245 Consul
1219 4184 1278 4242 fuit
1295 4204 1321 4241 a.
1343 4185 1417 4242 165.

423 4269 461 4326 D.
492 4269 585 4327 Silano
618 4269 845 4351 enwnoipooerat)
880 4270 986 4346 Itaque
1019 4271 1098 4347 apud
1131 4271 1249 4329 Livium
1282 4280 1313 4328 et
1344 4271 1418 4328 val.

336 4353 419 4411 Max.
441 4353 505 4431 ipse
527 4356 566 4413 D.
578 4355 697 4415 Silanus
719 4357 895 4433 appellatur.
937 4357 1063 4433 Proprie
1085 4365 1184 4414 autem
1196 4355 1300 4416 Cicero
1323 4355 1419 4428 dixin
