3018 5052
322 397 387 463 486
713 415 758 462 ns
780 415 909 466 suusus
931 417 1002 465 sou.

323 583 442 650 ovilem
464 589 547 653 reete
567 583 754 666 appellaturi
775 585 915 650 videmur
935 585 1062 668 (Graeci
1083 580 1260 670 enacmin),
1287 587 1388 668 grovi-

323 691 373 752 ter
394 692 427 751 et
447 685 571 767 copiose
592 703 662 752 esse
682 691 855 752 tractatum
1487 733 1488 748 ,

410 788 466 854 Ill.
500 788 600 865 Quam
621 787 718 854 multa
738 789 782 854 illi
803 791 843 855 de
864 808 899 854 re
920 790 1044 871 publica
1064 791 1271 872 seripsemmtl
1299 809 1389 873 quam
1487 779 1488 800 ¹

325 891 422 956 multo
444 892 484 956 de
504 890 638 972 legibust
660 909 753 973 quam
775 891 871 956 multa
893 910 954 958 non
971 892 1076 957 solum
1086 899 1254 975 praecepta
1272 893 1305 957 iu
1316 893 1389 958 arti·

286 992 391 1072 libus,
413 994 469 1058 sed
490 993 583 1058 etiam
604 993 744 1075 exempla
764 993 796 1058 in
819 993 1008 1060 orationibus
1030 995 1109 1060 bene
1126 995 1249 1060 dicendi
1260 995 1389 1077 relique·

324 1097 410 1160 ronti
453 1093 590 1160 Primum
617 1095 697 1161 enim
728 1095 799 1176 ipsa
825 1095 891 1176 ille,
924 1115 1004 1178 quae
1031 1097 1184 1164 subtiliter
1210 1097 1389 1163 disserenda

323 1203 421 1276 erant,
442 1196 539 1278 polite
559 1205 693 1278 apteque
715 1196 873 1276 dixerunt,
905 1205 971 1262 tum
992 1197 1189 1278 definientes,
1222 1204 1290 1263 tum
1318 1217 1388 1281 par-
1488 1255 1489 1276 ,

324 1299 445 1378 tientes
467 1305 503 1363 ut
523 1298 619 1364 vestri
641 1298 748 1376 etiem;
771 1300 827 1365 sed
848 1317 904 1364 vos
926 1300 1111 1381 squalidius3
1138 1300 1269 1380 illorum,
1296 1289 1388 1379 videa¹

323 1419 417 1484 quam
438 1401 534 1466 niteat
555 1401 661 1466 oratio.
706 1403 734 1466 6.
763 1401 883 1466 Deinde
903 1419 954 1480 ea,
987 1421 1066 1484 quae
1094 1402 1295 1485 requirebant
1321 1421 1387 1467 oro·

267 1504 308 1569 10
325 1504 438 1569 tionem
460 1509 601 1568 ornatam
623 1508 655 1568 et
675 1519 814 1584 gravem,
847 1521 941 1586 quam
967 1503 1128 1586 magnifice
1154 1511 1229 1570 sunt
1248 1505 1333 1570 diota
1352 1505 1388 1570 ab

323 1605 398 1686 illis,
419 1623 512 1687 quom
534 1604 709 1688 splendide!
731 1605 771 1672 (le
792 1605 919 1684 iustitia,
940 1606 981 1670 de
1001 1607 1220 1688 temperentia,
1242 1607 1283 1672 de
1304 1605 1387 1672 lorti·

323 1708 441 1786 tudine,
462 1708 502 1773 de
523 1707 672 1787 amioitia,
694 1707 734 1772 de
755 1713 859 1773 aetate
881 1708 1036 1790 degendo,
1058 1702 1104 1773 de'
1119 1708 1330 1790 philosophia,
1351 1708 1387 1772 de

324 1810 515 1892 capessendo
536 1827 571 1874 re
592 1809 722 1891 publica,
744 1808 901 1874 hominum
921 1827 985 1872 noa
1006 1809 1112 1891 spinas
1139 1810 1331 1890 vellentium,
1356 1819 1387 1873 ut
1489 1829 1490 1840 ¹

394 2036 414 2079 l.
433 2029 581 2096 appellamus
599 2033 607 2091 (
627 2047 655 2082 ro
673 2029 818 2097 appellaturi
832 2029 947 2092 numeri
965 2030 986 2082 C
1032 2029 1124 2082 Graece
1146 2031 1214 2084 1²0ss
1257 2036 1281 2080 ³.
1298 2029 1386 2096 pallito

324 2100 414 2149 omli
465 2117 535 2164 pom
557 2128 585 2137 -
710 2115 758 2150 om.
778 2099 798 2148 L
851 2101 873 2149 7.
888 2098 962 2164 polito
979 2109 1050 2164 atque
1067 2099 1175 2150 &aava
1193 2101 1217 2150 Ε
1264 2117 1317 2150 οισι
1333 2099 1386 2164 ‹iot-

323 2168 412 2218 aiontes
429 2166 498 2219 PCR
546 2173 568 2220 Β.
588 2185 665 2218 eornm
684 2167 705 2220 C
744 2173 781 2217 lt.
800 2167 829 2218 de
846 2168 1000 2234 imma-anah
1017 2185 1067 2222 om.
1085 2183 1179 2228 omues,
1198 2168 1242 2220 Or.
1298 2173 1334 2218 la.
1353 2167 1388 2233 [do

323 2236 429 2286 aniciis
446 2252 494 2287 om.
514 2234 563 2303 Eh]
642 2241 679 2286 la.
702 2235 843 2302 republica
859 2236 889 2286 ds
905 2241 1062 2302 temperantia
1078 2237 1261 2302 &fortitudine
1277 2237 1387 2286 mm

324 2305 422 2370 (lomim
436 2306 470 2368 Ε)
488 2303 517 2355 de
533 2303 616 2370 spinae
634 2306 718 2370 (opinis
731 2305 926 2370 LPthlomnea
944 2323 970 2356 n
983 2306 1087 2372 publiea,
1105 2305 1135 2356 de
1147 2307 1332 2372 &opuntius
1349 2321 1387 2354 aec

323 2391 386 2424 mora
402 2373 517 2424 tonnam
534 2390 580 2424 oca
597 2373 680 2440 spanos
698 2374 741 2426 Or.

409 2581 481 2658 Cep.
504 2582 561 2641 111.
594 2601 676 2656 quoin
698 2585 783 2640 malm
804 2615 844 2624 -
868 2581 1058 2640 leodicenus·
1077 2581 1255 2660 reh'qaemnt)
1283 2583 1386 2640 Rheto

323 2668 430 2740 ricem,
464 2685 539 2742 quae
566 2685 632 2725 eum
659 2667 847 2744 philosophie
867 2685 971 2744 purum
992 2667 1076 2725 firmo
1095 2667 1213 2726 vinonio
1235 2669 1387 2744 coniunge-

324 2754 419 2824 batur,
442 2752 545 2812 Cicero
567 2752 615 2810 hie
636 2761 757 2829 propter
777 2771 862 2811 usum
884 2753 1068 2828 eloquentiae
1090 2753 1120 2811 in
1142 2753 1278 2830 regendis
1300 2753 1387 2811 homi·

323 2838 410 2896 uibus
431 2838 469 2894 ad
490 2837 606 2895 civilem
628 2838 724 2896 locum
746 2838 889 2912 adiunxit,
912 2839 963 2913 qui
984 2839 1048 2916 ipse
1069 2839 1100 2896 in
1123 2839 1226 2896 morali
1237 2847 1388 2914 pannosa

323 2924 394 2982 alibi
417 2923 469 3000 (V,
496 2924 543 2994 10,
566 2921 660 2981 Aoad.
682 2925 707 2996 1,
731 2925 787 2995 32,
814 2924 905 3002 Lsgg.
927 2924 952 2994 Ι,
977 2925 1031 2998 62)
1059 2942 1125 2982 eum
1147 2923 1303 2982 dialectica
1324 2941 1388 2980 oon·

323 3009 427 3086 iomgit,
450 3009 500 3083 qui
522 3009 550 3066 ei
572 3009 653 3068 loeus
675 3009 880 3085 assignabantur
901 3010 939 3066 ab
961 3009 1007 3082 iis,
1029 3010 1080 3084 qui
1102 3027 1166 3067 eam
1189 3009 1388 3086 philosophiae

324 3103 437 3172 partem
458 3093 615 3165 faciehant,
638 3095 727 3152 etiem
748 3113 767 3151 a
789 3095 896 3154 Stoicis
923 3092 997 3174 (vid.
1019 3095 1105 3172 Diog.
1129 3095 1227 3152 Laena
1250 3093 1327 3166 Vll,
1351 3097 1385 3150 41

325 3190 355 3239 at
376 3179 426 3252 42,
451 3179 553 3240 Seneo.
575 3180 670 3256 Epist.
694 3181 744 3250 89,
770 3178 831 3255 17).
865 3181 947 3238 Artes
968 3199 1042 3255 quas
1058 3180 1145 3251 dicat,
1168 3181 1336 3256 expositum
1348 3189 1388 3236 est

326 3266 364 3323 ad
385 3266 443 3336 111,
467 3267 501 3335 43
534 3265 590 3335 his,
613 3265 720 3340 quihus
741 3275 900 3342 praecepta
921 3267 995 3323 bens
1017 3265 1131 3323 dioendi
1157 3265 1389 3332 continebantur,

323 3351 485 3410 sonti-arias
506 3351 591 3426 ponit
612 3351 769 3421 orationes,
792 3369 868 3426 quoe
890 3351 1026 3426 exempla
1053 3358 1150 3420 erant,
1184 3369 1287 3409 eorum
1309 3349 1388 3407 Peni-

323 3437 527 3513 pstetieornm,
550 3435 601 3512 qni
623 3436 711 3494 etiam
733 3445 865 3494 oratores
886 3435 1016 3506 fuerant,
1039 3444 1073 3493 ut
1095 3435 1263 3493 Demetrius
1284 3435 1388 3493 Phalo-

323 3540 391 3580 raus
412 3519 480 3600 (afr.
501 3523 540 3594 V,
554 3523 587 3580 7:
609 3523 644 3578 ob
655 3523 697 3579 hos
715 3532 833 3591 oratores
850 3555 890 3564 —
906 3519 1070 3596 anteum).
1099 3520 1386 3595 Quemquamautem

323 3606 463 3666 contrarii
484 3623 574 3665 eausa
594 3609 724 3664 mam
745 3607 922 3678 nominavit,
945 3606 1050 3664 deinde
1072 3615 1184 3676 tamen,
1215 3606 1300 3681 quasi
1327 3604 1386 3662 uni-

322 3711 407 3750 verse
429 3694 511 3749 libros
532 3691 649 3762 dixerit,
672 3709 788 3770 omnem
810 3691 1073 3768 Penipatetioorum
1090 3690 1236 3749 scribendi
1247 3691 1386 3750 rationem

323 3778 433 3836 laudat.
476 3778 662 3835 Abori-arunt
683 3777 778 3836 Gzius
807 3787 838 3835 et
866 3777 1004 3836 Orellius.
1047 3777 1121 3834 Mox
1148 3786 1204 3834 aem
1230 3779 1386 3850 deffluentes.

273 3867 275 3872 '
323 3863 401 3938 quod
423 3861 516 3921 Gzius
538 3881 576 3920 ex
598 3863 677 3922 ΟΠ.
698 3860 743 3932 Εξ
764 3873 795 3920 ot
815 3863 908 3920 tribus
930 3862 1049 3938 optimis
1060 3863 1122 3922 suis
1132 3862 1217 3920 codd.
1229 3860 1316 3940 [ΑΒ]
1338 3879 1385 3936 po

323 3949 390 4019 suit,
413 3948 503 4018 tenui,
527 3949 605 4022 quod
626 3949 669 4006 ita
689 3949 875 4024 interpretor,
898 3957 1053 4022 utromque
1070 3966 1121 4005 eos
1137 3967 1190 4006 suo
1204 3943 1385 4024 temporete-

322 4034 407 4106 cisse,
429 4042 463 4091 ut
481 4043 542 4091 tum
565 4033 726 4104 definissent,
749 4042 810 4090 tum
832 4041 930 4090 autem
951 4033 1139 4109 pertinentur.

409 4121 438 4177 6.
459 4121 702 4194 clemenstia,
725 4119 857 4176 homiliam
883 4121 977 4194 spinos
1004 4117 1164 4192 Manum)
1198 4114 1265 4196 [Sic
1292 4115 1386 4173 edide-

323 4201 411 4281 ram]
444 4203 480 4262 In
504 4203 696 4261 dasem'bendo
724 4203 889 4264 Stoicorum
917 4203 1078 4262 disserendi
1105 4221 1212 4280 genere
1234 4202 1386 4278 imaginem

323 4289 630 4367 sumpsitechirungis
652 4290 730 4347 lauto
752 4298 782 4347 et
803 4297 887 4346 caute
909 4297 938 4346 et
960 4287 1125 4346 minutatim
1136 4297 1230 4346 artem
1252 4303 1387 4344 exeo-een·

323 4373 417 4444 tibns3
440 4375 491 4432 sed
507 4375 594 4432 simul
616 4393 666 4434 eas
688 4395 735 4433 res
757 4375 855 4452 elegit,
877 4393 999 4448 quarum
1012 4374 1229 4432 nomineoliem
1241 4373 1386 4431 obioerent
