2998 5020
396 387 439 431 nr
463 386 543 432 man.
566 387 629 432 nnn.
652 389 673 432 v
695 386 768 433 oar.
792 391 867 433 i-a.
1102 371 1161 434 621

93 575 162 620 rum
180 561 262 636 sunt,
285 575 379 620 unum
391 557 584 637 populariter
596 556 753 637 scriptum,
776 557 860 644 qnod
872 548 1040 634 ἐξωτερικόν
1057 558 1165 638 appel-

92 658 206 738 labant,
228 659 362 724 alterum
382 659 531 738 lineatim,
554 660 638 740 quod
659 659 691 723 in
714 659 943 725 commentariis
965 659 1166 740 reliquerunt,

92 779 156 826 non
183 779 307 843 semper
333 761 415 828 idem
442 762 544 828 dicere
571 763 729 840 videntum
763 778 820 828 nec
851 761 881 826 in
915 780 1035 828 summa
1062 770 1166 828 tamen

91 863 163 943 ipsa
183 871 239 930 ant
258 864 394 930 varietas
416 870 465 930 est
486 864 558 944 ulla,
580 866 664 946 apud
679 865 882 945 hosquidem,
905 883 984 946 quos
1002 865 1166 939 nominavi,

92 975 149 1032 aut
174 967 257 1032 inter
288 968 374 1048 ipsos
401 967 562 1032 dissensio.
607 967 669 1032 Sed
696 985 765 1031 cum
793 967 883 1033 beata
910 968 974 1032 vita
996 972 1205 1048 quaeraturo

92 1070 188 1151 idque
210 1070 251 1136 sit
273 1088 378 1148 unum,
401 1071 485 1150 quod
506 1069 704 1151 philosophia
726 1076 868 1150 spectare
890 1077 922 1135 et
943 1071 1032 1151 sequi
1048 1072 1166 1151 debeat

92 1174 176 1238 sitne
198 1177 235 1237 ea
257 1178 323 1236 tota
346 1174 406 1238 sita
426 1172 457 1236 in
480 1177 638 1254 potestate
660 1171 809 1254 sepientis
832 1191 872 1236 an
884 1173 985 1254 possit
1007 1182 1062 1238 aut
1083 1174 1167 1238 labe-

91 1275 204 1340 factari
226 1281 281 1341 aut
302 1275 380 1355 eripi
403 1275 494 1340 rebus
517 1275 665 1350 adversis,
688 1275 718 1338 in
742 1293 778 1339 eo
801 1293 1031 1357 nonnumquam
1053 1277 1167 1340 variari

92 1379 176 1442 inter
198 1397 251 1442 eos
272 1385 304 1441 et
326 1376 461 1442 dubitari
484 1377 615 1441 videtur.
667 1377 758 1454 Quod
784 1380 916 1442 maxime
944 1376 1038 1442 efficit
1065 1378 1167 1442 Theo-

91 1481 217 1563 phrasti
239 1481 277 1544 de
299 1480 391 1544 beata
412 1478 476 1543 vita
498 1479 589 1557 liber,
619 1480 653 1543 in
680 1498 741 1560 quo
763 1480 893 1544 multum
916 1481 1082 1544 admodum
1104 1479 1167 1543 lor·
1188 1484 1228 1547 10

146 1725 170 1769 8.
189 1718 353 1768 videamarE
387 1719 411 1766 in
428 1719 543 1768 remmia
561 1728 639 1768 tamen
658 1719 704 1768 LR
738 1723 762 1770 5.
775 1717 913 1785 [dirempto
927 1718 1042 1770 discensio
1061 1717 1106 1786 ljh]
1146 1725 1167 1768 6.

89 1787 304 1854 philosophicas:
359 1791 380 1835 7.
401 1804 433 1836 αα
451 1787 631 1850 labefactarr'E
668 1793 691 1839 8.
711 1803 835 1850 numquam
854 1805 898 1836 non
918 1788 938 1836 11
978 1794 1014 1838 10.
1034 1789 1119 1852 fortior
1136 1797 1170 1836 ent

93 1874 151 1922 ¹pro
161 1859 281 1922 fortunae
299 1855 382 1918 datur)
402 1855 422 1903 P

183 2050 308 2118 hieratica,
332 2049 406 2122 quod
426 2050 453 2103 io
475 2049 669 2104 commentanda
691 2047 869 2122 reliquerunt)
897 2048 965 2106 Non
982 2047 1099 2105 dicendi
1120 2068 1169 2124 ge-

91 2154 165 2192 nere
189 2143 219 2190 et
240 2132 387 2190 scribendi
408 2141 472 2190 arte
493 2133 615 2208 politius
638 2131 723 2204 dicit,
757 2133 809 2190 sed
836 2133 866 2190 in
889 2151 948 2208 quo
971 2134 1080 2190 veritas
1103 2135 1170 2190 snb-

90 2221 177 2278 tilius
189 2219 337 2293 exquisita
353 2219 392 2276 sit
408 2229 437 2275 et
453 2219 560 2276 nudius
571 2217 777 2293 astrictumque
800 2219 948 2294 explicata
959 2238 1013 2277 nec
1031 2218 1171 2276 adullam

92 2303 318 2363 similitudinem
351 2304 547 2362 communium
581 2304 753 2380 opinionum
781 2313 811 2361 et
838 2305 1000 2363 communis
1028 2305 1171 2362 sermonis

92 2391 227 2448 studiose
250 2390 478 2447 accommodata.
512 2385 598 2470 (cfr.
622 2409 707 2464 quern
731 2391 828 2447 locum
851 2389 945 2449 Gaius
967 2389 1081 2462 laudat,
1113 2387 1171 2448 Off.

93 2477 193 2546 11‚35
217 2485 247 2532 et
268 2494 357 2551 supra
378 2476 437 2546 111,
451 2470 516 2556 40.)
559 2474 771 2534 Commentarii
794 2485 890 2533 autern
914 2485 991 2546 sunt,
1015 2475 1171 2550 quosquis

92 2564 125 2620 in
150 2579 235 2618 suum
257 2579 455 2636 paucorumve
478 2579 563 2618 usum
586 2562 764 2637 compositos
786 2561 865 2620 domi
887 2562 994 2619 retinet
1021 2579 1075 2619 nec
1102 2561 1173 2618 iusti

92 2648 167 2706 libri
189 2647 292 2704 habitu
314 2655 343 2704 et
365 2647 497 2704 oratione
520 2656 639 2705 ornatos
661 2647 750 2724 vulgo
772 2647 914 2723 legendos
936 2647 1025 2704 tradit
1048 2655 1078 2704 et
1094 2665 1172 2704 eom-

93 2733 227 2802 mendat,
251 2733 352 2807 quales
375 2741 459 2790 erant
481 2733 703 2808 magistratuum
728 2741 756 2790 et
774 2734 957 2790 sacerdotnm
969 2732 1172 2790 commentarii

93 2829 151 2876 ant
172 2827 322 2876 oratorum
346 2818 443 2894 (Brut.
471 2819 539 2888 164,
569 2819 693 2891 Quintil.
716 2820 757 2888 X,
777 2820 805 2888 7,
825 2817 965 2896 30-32)
987 2830 1039 2876 aut
1060 2837 1172 2884 eorum,

94 2904 160 2980 qui,
184 2921 259 2977 qnae
283 2903 474 2979 philosophos
496 2913 548 2960 aut
570 2904 644 2961 alios
657 2905 795 2961 docentes
807 2904 990 2968 audiverant,
1015 2904 1172 2961 memoriae

94 3007 190 3048 eausa
211 2988 355 3046 notabant
377 2989 511 3064 (Tuscul.
523 2990 581 3060 111,
594 2989 657 3064 54).
686 2991 750 3047 Nec
762 2989 882 3066 propria
894 2990 1069 3066 significatio
1082 2989 1172 3058 vocis,

94 3093 188 3150 quarn
210 3074 394 3132 retinendam
417 3093 481 3132 esse
504 3075 592 3132 etiam
615 3094 652 3132 ex
675 3077 765 3133 verbo
783 3078 947 3150 reliquorum!
963 3085 1086 3151 apparet
1104 3075 1173 3150 (hoe

94 3170 155 3228 est,
179 3179 236 3216 non
260 3179 297 3216 ex
321 3161 538 3218 commentariis
550 3162 581 3218 in
593 3161 686 3218 luceru
700 3157 910 3237 protulerunt),
934 3159 1071 3224 mutatur.
1095 3160 1174 3234 quod

94 3245 284 3321 (lucrandam
307 3257 457 3303 oratorum
479 3247 537 3322 ipsi
559 3247 761 3304 commentarii
783 3246 922 3322 descripti
951 3257 979 3302 et
1003 3246 1072 3303 editi
1096 3256 1173 3316 sunt,

94 3341 152 3388 aut
175 3331 253 3404 quod
275 3332 433 3407 scriptores
461 3332 573 3407 aliquot
596 3333 756 3389 modestiae
779 3351 868 3389 cansa
890 3351 941 3389 eos
964 3332 1071 3402 libros,
1101 3349 1175 3404 quos

95 3417 241 3486 edebant,
265 3417 307 3474 sic
329 3417 548 3493 inscripserunt.
592 3417 697 3492 Itaque
726 3419 813 3474 etiam
837 3418 895 3486 ΙΙΙ,
917 3419 953 3474 10
975 3420 1175 3474 cominiaitom'os

94 3504 268 3560 An'atotclioa
290 3503 332 3559 ita
349 3503 407 3560 dici
429 3513 514 3579 puto,
538 3513 571 3560 ut
592 3505 664 3560 haec
687 3503 723 3560 de
745 3523 845 3560 eornm
865 3504 1007 3561 librorum
1028 3501 1124 3560 forma
1147 3512 1174 3558 et

95 3588 215 3664 origine
237 3589 382 3646 sententia
404 3589 592 3665 significetur.

187 3675 269 3748 idque
290 3677 324 3730 ait
347 3695 426 3732 unam
449 3673 518 3750 cet.)
540 3675 695 3746 vidndi,
710 3677 758 3732 6⁶2.
782 3675 877 3732 Paulo
889 3683 957 3750 post
967 3677 1020 3730 sito
1032 3673 1176 3730 omittitur

94 3762 127 3818 in
153 3757 234 3817 Gnd.
258 3761 286 3814 2.

193 3845 373 3920 lleoplraoo'
394 3847 427 3902 de
449 3846 526 3902 beato
550 3849 603 3902 cita
625 3843 707 3925 dher)
734 3835 800 3922 arpi
824 3839 1014 3920 εὐδαιμονίας
1035 3844 1174 3918 (Diogen.

97 3933 201 3988 Laert.
211 3931 250 3995 V,
264 3932 319 4000 43;
342 3930 417 3988 alius
429 3940 474 3988 est
485 3933 562 3990 enim
585 3923 651 4006 περὶ
662 3930 715 4007 τῆς
726 3924 815 3996 θείας
826 3921 1017 4002 εὐδαιμονίας
1038 3929 1097 3985 ibd.
1110 3922 1175 4007 49),

98 4017 186 4074 errius
208 4015 315 4091 ipsum,
338 4026 372 4072 ut
393 4017 519 4088 videtur,
542 4017 658 4074 initium
681 4017 802 4092 ponitur
813 4015 986 4084 infra5863
1009 4015 1177 4071 nominatur

98 4103 179 4160 liber
201 4102 289 4158 etiam
313 4103 401 4160 Tuse.
414 4103 452 4171 V,
466 4104 515 4171 24,
539 4102 689 4161 molliores
711 4111 809 4160 autern
833 4101 896 4158 eius
918 4101 1081 4156 sententiae
1099 4118 1177 4156 corn·

98 4195 304 4244 memorentur
314 4189 409 4246 Acad.
422 4189 506 4260 I‚33‚
525 4189 567 4260 Π,
583 4189 652 4260 134,
669 4190 763 4246 ·Tusc.
775 4189 814 4259 V,
827 4189 882 4256 853
905 4203 959 4242 nec
971 4185 1083 4257 dubito,
1107 4185 1176 4259 quin

99 4274 129 4330 in
155 4273 258 4330 eodem
281 4274 358 4330 libro
381 4274 579 4350 Theophrasti
601 4275 711 4332 devita
733 4271 1114 4348 contemplativaindicium
1127 4290 1178 4328 ex-

10 4383 14 4394 ·
99 4359 231 4435 positum
255 4358 353 4417 fuerit.
398 4359 430 4420 Si
458 4370 555 4418 tamen
579 4360 716 4420 Ciceroni
743 4360 809 4432 illa,
843 4378 919 4434 quae
947 4377 1016 4416 mox
1038 4357 1177 4433 appellat,
