2998 5020
345 384 407 449 668
736 403 778 448 nn
801 401 931 448 rimans
953 401 1024 446 norv.

345 572 556 654 intellegatur3
590 573 644 638 sed
667 579 750 636 certe
772 587 851 651 opus
872 577 930 646 est
951 569 1106 636 eavalera
1125 579 1157 634 et
1178 571 1286 651 vigera
1308 579 1340 634 et
1360 587 1403 633 ua·

345 675 462 739 tmales
484 685 586 757 motus
609 693 745 756 ususque
767 673 889 750 habere,
912 682 947 736 ut
968 690 1024 738 neo
1046 672 1129 736 absit
1149 673 1223 754 quid
1234 691 1344 738 eorum
1359 689 1405 736 uec

346 795 474 858 aegrum
497 777 727 842 debilitatumve
749 775 798 842 sit
842 775 879 839 ld
907 775 986 840 enim
1015 781 1128 839 natura
1149 775 1317 840 desiderat
1359 773 1406 836 Est

346 887 449 943 autem
471 879 561 944 etiam
583 880 663 944 actio
686 879 838 960 quaedam
860 877 1013 958 corporis
1035 896 1115 958 quaa
1136 887 1238 942 motus
1259 884 1294 941 et
1316 885 1406 941 suus

308 985 477 1048 ducturae
499 989 703 1063 congruentes
726 987 822 1058 tenat3
845 981 877 1044 in
900 979 1010 1060 quibus
1033 981 1060 1044 si
1076 991 1221 1060 peccetur
1231 978 1406 1044 distortione

346 1091 378 1146 et
400 1083 620 1164 depravatione
642 1085 776 1165 quadam
798 1101 835 1146 ac
856 1091 942 1147 motu
964 1089 1085 1148 statuve
1106 1082 1245 1159 deformi,
1268 1093 1305 1146 ut
1321 1082 1347 1145 si
1362 1089 1405 1143 aut

347 1185 488 1250 manibus
510 1185 704 1266 ingrediatur
727 1186 796 1266 quia
819 1195 873 1250 aut
895 1191 1065 1260 nonanto,
1094 1185 1148 1248 sed
1177 1192 1275 1262 retro,
1310 1183 1406 1263 iugem

346 1287 438 1369 plane
461 1306 495 1352 se
517 1287 584 1368 ipsc
607 1297 638 1352 et
659 1288 810 1352 hominem
833 1305 948 1350 exuens
971 1306 1007 1350 ex
1023 1286 1406 1351 hominanaturamodissc

347 1391 496 1454 videatur.
548 1391 754 1467 Quamobrem
786 1389 878 1453 etiam
912 1388 1065 1454 sessiones
1098 1390 1250 1470 quaedam
1282 1395 1315 1453 et
1347 1385 1407 1450 fleri

289 1497 330 1562 10
346 1489 498 1573 fractique
519 1501 632 1570 motus,
654 1491 760 1572 quales
782 1497 1001 1571 protervorum
1023 1491 1179 1555 homiuum
1205 1499 1260 1554 aut
1280 1489 1405 1554 mollium

300 1647 306 1660 .
346 1613 417 1660 esse
443 1594 557 1672 solent,
590 1601 698 1659 contm
721 1601 863 1658 riaturam
887 1599 971 1668 sunt,
1006 1601 1055 1670 ut,
1085 1593 1205 1658 etiamsi
1227 1593 1321 1656 animi
1342 1590 1406 1654 titio

346 1697 379 1761 id
406 1697 542 1774 eveniat,
580 1697 735 1760 tamenin
765 1714 894 1775 corpore
924 1695 1037 1758 mutari
1069 1695 1201 1759 hominis
1234 1703 1343 1758 natura
1368 1691 1405 1753 vi-

347 1801 465 1864 deatur.
510 1801 560 1864 36.
584 1799 694 1880 Itaque
717 1816 733 1861 e
755 1796 911 1862 contrario
933 1797 1084 1861 moderati
1106 1796 1339 1878 aequabilesque
1359 1796 1405 1858 ha-

348 1901 444 1980 bitus,
472 1899 649 1965 affectiones
683 1917 819 1980 ususque
841 1899 980 1980 corporis
1013 1899 1078 1979 apti
1106 1917 1177 1964 esse
1208 1900 1249 1962 ad
1276 1908 1405 1962 naturam

417 2111 439 2152 3.
459 2105 652 2155 dabr'totumer
690 2113 711 2154 ⁴.
731 2114 808 2153 autera
826 2119 874 2154 om.
895 2103 1027 2154 LPCROr.
1063 2104 1243 2168 ctlproeliaml
1262 2103 1282 2150 L
1300 2102 1355 2151 enim
1371 2097 1405 2147 PC

350 2179 372 2222 6.
391 2183 433 2223 aut
450 2184 512 2222 motu
531 2173 619 2224 LPCll
657 2177 677 2221 7.
694 2173 862 2238 prodimurL
898 2181 921 2224 tl.
941 2189 1026 2221 mena
1045 2183 1131 2236 tranap
1157 2167 1405 2236 posauovnineurcb

351 2251 409 2292 ante
426 2242 540 2291 dominam
558 2243 601 2294 Or,
639 2247 653 2290 9
681 2243 836 2292 duerniones
856 2240 1163 2304 l.q1mmetiamaeeac
1199 2239 1314 2304 quaedum
1331 2235 1405 2287 omss

353 2317 389 2358 ll.
409 2327 460 2361 cum
479 2323 535 2375 (pro
553 2310 676 2373 arrdaitL
733 2315 769 2360 ta.
795 2309 917 2361 vanr'otC
975 2309 1093 2358 detrectari
1110 2309 1245 2361 probor.
1300 2313 1335 2357 ll.
1355 2313 1405 2369 opio

349 2379 482 2430 LPcaoe

346 2581 441 2646 portae
453 2605 494 2612 -
505 2573 671 2643 interceptam,
690 2589 776 2645 quarn
788 2569 899 2626 frustra
911 2568 1002 2627 Gaius
1014 2587 1155 2626 excusare
1166 2581 1298 2626 conatur.
1319 2565 1406 2625 Iamb-

350 2657 380 2713 in
403 2655 481 2712 ouria
503 2656 653 2713 secundis:
679 2657 836 2725 „Fortasse
858 2658 948 2722 εἰκὼ
972 2665 1000 2711 et
1023 2655 1160 2729 probavit
1181 2655 1363 2712 Matthiaeua.

438 2743 493 2797 Est
514 2752 599 2798 uatem
624 2745 702 2798 eb‘om
713 2737 796 2820 actio)
820 2741 869 2799 Sic
881 2740 952 2810 Eri,
966 2740 1043 2816 Spir.
1056 2738 1121 2817 [B]‚
1145 2741 1220 2797 Mor.
1234 2745 1325 2816 (errat
1334 2735 1406 2797 Orel-

350 2826 436 2900 lius);
470 2846 557 2900 quam
586 2827 623 2884 sit
652 2837 752 2902 aptum
782 2836 811 2882 et
838 2835 963 2895 reolum,
998 2825 1176 2882 declaratum
1200 2837 1243 2883 ast
1267 2826 1302 2882 ad
1324 2827 1346 2887 Ι,
1367 2823 1406 2878 61.

349 2912 423 2972 Cum
446 2913 595 2970 ederetur:
619 2914 673 2968 Eat
694 2915 841 2968 orirnoctio
864 2909 968 2986 (etiam
980 2911 1059 2986 apud
1071 2910 1161 2981 Crat,
1184 2912 1273 2982 vict,
1297 2905 1406 2978 Lambb

348 2999 444 3055 Aldus
467 2999 546 3055 Man.
559 3007 588 3054 et
600 2999 784 3073 inpostreura
801 2997 928 3054 editione
942 2997 1052 3054 Paulus
1064 2997 1259 3072 scripserunt:
1281 2998 1333 3054 Est
1342 2997 1406 3052 obtin

349 3087 426 3153 actio,
446 3093 474 3140 et
491 3084 533 3140 sio
545 3083 632 3142 Grut.
645 3083 793 3158 ceterique
805 3102 869 3140 oum
894 3102 950 3159 mg.
963 3082 1053 3154 Crat,
1064 3083 1140 3140 Poll.
1155 3083 1184 3152 2,
1195 3085 1224 3152 5,
1247 3083 1303 3154 Er,
1315 3077 1405 3140 breed„

347 3163 398 3238 Εξ.
429 3168 522 3227 Gaius
544 3173 610 3226 anim
632 3188 649 3226 a
671 3167 781 3226 Guda
805 3169 945 3225 enotavit.
977 3170 1049 3226 Mox
1072 3187 1105 3225 aa
1127 3179 1197 3225 motu
1219 3189 1274 3245 pro
1294 3173 1405 3226 omrmtn

349 3254 415 3333 [B‚]
438 3254 531 3313 Gaius
554 3275 591 3311 ex
614 3251 802 3330 omnibua(?)
825 3255 896 3322 suia,
919 3265 1042 3329 excepto
1065 3251 1144 3312 Gud.
1158 3255 1185 3310 2.

419 3361 484 3396 -noa
507 3352 576 3410 onte,
600 3343 649 3397 aad
670 3337 753 3416 retro)
777 3340 956 3396 Notabiliter
977 3351 1039 3396 orcle
1059 3339 1144 3408 dixit,
1168 3340 1247 3414 quod
1258 3340 1373 3396 Plautus
1383 3343 1405 3388 el

350 3426 507 3484 Terentius
525 3446 641 3501 prorsus
664 3425 726 3482 sive
745 3445 872 3500 proretam
894 3429 933 3482 ire
955 3435 1006 3482 aut
1032 3427 1137 3495 ceder&
1171 3443 1225 3482 nec
1248 3425 1320 3491 scio,
1350 3418 1406 3494 qnia

349 3520 502 3586 praeterea
524 3511 565 3568 sic
584 3510 707 3579 dixerit;
729 3529 796 3567 narn
814 3512 892 3586 apud
904 3513 995 3586 Vergt
1010 3509 1121 3587 Goorg.
1144 3511 1201 3576 ΠΙ,
1221 3511 1281 3567 552
1298 3519 1355 3566 aare
1369 3512 1407 3567 esi

350 3607 411 3653 ante
433 3617 469 3653 se.
515 3596 617 3655 Simile
646 3607 690 3653 est
717 3597 795 3672 apud
817 3597 948 3654 Plinium
971 3597 1000 3653 in
1023 3597 1061 3653 H.
1085 3597 1123 3654 N.
1146 3597 1202 3658 xl,
1218 3597 1295 3670 249:
1325 3597 1405 3670 priora

347 3701 436 3756 pertua
454 3693 518 3756 post
540 3693 695 3743 corruantur„
716 3687 866 3756 posteriora
888 3687 914 3739 ia
927 3687 1045 3757 priorem
1055 3693 1176 3756 parterm
1198 3676 1405 3756 paulopostdi·

289 3811 290 3816 κ
350 3768 391 3824 cit
412 3771 439 3823 in
458 3772 618 3842 pontonem,
643 3769 731 3837 §248
755 3779 867 3824 autem:
889 3787 959 3842 qaue
980 3770 1081 3824 unmrul
1100 3778 1238 3840 patrarant,
1258 3785 1341 3839 panno
1356 3771 1405 3818 cub

349 3873 377 3910 aa
400 3852 443 3931 (in
468 3853 595 3928 priorem
618 3853 746 3929 partem)
761 3857 882 3927 ¹decreuit.
917 3853 1012 3910 Panlo
1034 3855 1292 3927 postmanente
1308 3851 1404 3908 arbon

349 3939 415 3995 dedi
429 3958 465 3996 cx
479 3939 539 3996 Erl.
548 3937 592 4019 [at.
604 3936 652 4018 B].
682 3937 774 3997 Gaius
787 3949 936 4013 tamquam
948 3958 985 3995 ex
1009 3957 1044 3996 eo
1067 3947 1097 3994 et
1108 3937 1185 4014 Spir.
1208 3937 1302 3995 dedit:
1323 3950 1405 3993 moa

351 4025 417 4080 bom.
441 4043 474 4080 aa
498 4027 566 4082 born.
604 4024 714 4102 [Paulo
737 4037 804 4100 post
826 4029 926 4082 tardari
947 4025 1034 4081 etiarn
1058 4025 1097 4092 Βς
1121 4024 1186 4080 edd.
1207 4019 1362 4098 immatura]

436 4111 484 4167 36.
507 4115 566 4186 opti
586 4111 655 4183 esee)
679 4110 729 4169 Sin
746 4111 834 4166 etiam
850 4109 927 4185 Spir.
945 4109 1010 4187 [B]‚
1033 4111 1118 4176 Mor„
1142 4129 1180 4166 ax
1202 4109 1250 4166 El.
1272 4105 1403 4167 Davisim.

349 4204 380 4250 et
395 4207 473 4252 reeta
484 4197 622 4271 probavit
634 4195 862 4272 Wesenbergius
873 4196 911 4252 ad
924 4195 1087 4255 Sestiacum
1100 4215 1128 4270 p.
1144 4197 1197 4264 16;
1213 4214 1282 4252 nam
1294 4196 1322 4252 in
1333 4190 1404 4249 unius
1470 4207 1471 4264 t

349 4281 477 4338 notionis
499 4282 632 4356 partibus
655 4281 831 4338 adiectivum
855 4281 892 4338 ad
914 4291 1075 4338 extremam
1098 4281 1341 4338 accommodatur.
1470 4265 1471 4311 ¹
