3018 5052
426 417 469 464 nr
493 416 572 463 nnn.
590 416 652 463 um.
670 417 704 463 ιιι
728 417 800 464 aar.
820 422 861 465 m.
1103 402 1169 466 473

184 591 233 654 ta.
257 588 356 665 Quam
377 587 481 668 gravis
503 605 586 665 vero,
608 605 700 668 quam
722 585 892 668 magnifica
914 604 1008 669 quam
1019 593 1167 654 constans

97 797 327 873 Wesenbetgius
355 795 385 852 in
412 793 579 854 Observata
603 793 687 854 Oritt.
719 795 750 852 in
778 803 851 854 orat.
878 813 933 870 pro
956 795 1053 856 Sestio
1075 815 1104 872 p.
1128 797 1166 854 29

97 891 158 941 not.
181 882 332 952 Librario,
355 898 413 939 non
435 889 591 956 perspecta
611 880 770 952 sententia,
798 879 874 940 Cata
895 880 977 940 visus
1004 890 1049 940 est
1070 882 1167 940 dicere

97 969 220 1038 debere,
253 985 310 1025 non
333 966 434 1023 labare
456 966 563 1024 omnia.
606 965 667 1026 Sed
687 976 840 1042 praeterea
860 966 1015 1024 Ernestius
1037 967 1170 1044 scripsit:

96 1058 123 1112 ni
144 1073 239 1125 unam,
272 1063 304 1109 ut
327 1051 518 1110 Marklandus
547 1047 704 1129 (Remarks
727 1071 765 1110 on
787 1051 836 1108 the
858 1052 989 1127 Epistles
1011 1051 1045 1110 oi
1063 1051 1169 1112 Cicero
1229 1041 1231 1050 ¹

97 1151 128 1196 to
147 1139 259 1198 Brutus
280 1158 308 1215 p.
321 1135 376 1216 49)
398 1137 487 1195 scribi
498 1137 646 1206 volueram
669 1135 727 1216 [sic
748 1136 863 1194 iamed.
880 1138 959 1196 1496
978 1145 1008 1194 et
1018 1135 1167 1219 Aeaeus}

98 1225 133 1282 Si
159 1226 241 1281 allam
276 1224 318 1281 sic
351 1221 486 1299 ponitur,
518 1231 551 1279 ut
582 1221 717 1280 sufficere
745 1223 873 1296 dicatur,
908 1223 932 1280 si
961 1221 1023 1281 ulla
1050 1224 1170 1282 omnino
1284 1289 1286 1294 ,

98 1309 163 1390 (vel
193 1310 265 1386 una)
298 1317 378 1366 mota
404 1307 508 1376 fuer-it,
540 1307 599 1366 vid.
626 1308 665 1365 ad
691 1309 753 1381 IV,
776 1309 832 1380 45;
866 1308 1018 1368 commoda
1044 1311 1170 1367 Wesen-

97 1395 218 1473 bergius
239 1395 360 1453 adhibet
381 1395 413 1452 Π
435 1394 529 1452 Acad
561 1394 636 1466 101,
663 1393 715 1451 ubi
736 1394 864 1470 primum
890 1393 933 1452 ita
954 1394 1076 1452 dicitur:
1109 1396 1170 1454 Hoc

96 1491 187 1539 αιιιειιι
208 1483 234 1538 n'
253 1483 291 1538 ita
313 1491 368 1550 est,
392 1489 421 1536 at
441 1499 539 1538 unam
560 1480 779 1538 moda'semibae
794 1482 905 1555 falsam
922 1482 1061 1553 namur,
1086 1499 1168 1556 prae-

98 1579 140 1626 sto
174 1577 226 1640 eat,
260 1569 308 1642 qui
338 1575 412 1640 neqet
444 1584 502 1622 rem
532 1567 615 1622 ullam
644 1568 749 1640 percipi
775 1585 857 1642 posse
889 1565 1024 1638 senalus,
1063 1565 1169 1624 deinde

97 1663 197 1710 autem
220 1651 278 1710 sic:
307 1651 341 1708 Si
361 1653 395 1708 nl
402 1653 467 1707 lam
487 1670 581 1708 aeneus
602 1653 688 1708 visam
702 1653 810 1726 salutm
831 1661 887 1723 eat,
914 1652 982 1708 nihil
997 1661 1087 1728 potest
1105 1671 1170 1728 per-

96 1743 159 1814 cipi.
203 1737 243 1795 Et
269 1746 367 1794 tamen
394 1736 532 1794 usitatius
559 1735 663 1796 Cicero
690 1755 772 1793 anam
798 1737 947 1813 positurus
973 1736 1066 1794 missa
1088 1737 1170 1794 vide·
1245 1743 1249 1749 '

97 1834 161 1893 tur;
195 1841 262 1880 nam
290 1841 356 1880 cum
384 1841 442 1880 nou
469 1825 624 1880 sententiam
650 1829 701 1879 aut
727 1823 861 1880 ἀισνιιιιιιι
887 1821 979 1894 dicat,
1008 1822 1075 1894 sed,
1107 1842 1170 1882 rem

98 1909 287 1966 extenuando
309 1925 429 1984 augens,
452 1909 575 1979 litteram
597 1907 666 1966 haia
687 1908 890 1966 extenuatioui
911 1908 1009 1983 aptius
1025 1915 1089 1966 erat
1105 1929 1167 1967 nna.

97 1994 281 2052 Niebuhrius
302 1991 433 2070 (Fragm.
457 1993 518 2053 Cic.
541 2001 627 2051 oratt.
650 2013 679 2069 p.
705 1992 778 2069 103)
801 1992 951 2070 professus
974 2003 1033 2064 est,
1055 1993 1170 2052 nullum

99 2100 129 2138 se
153 2079 327 2138 emendandi
349 2097 442 2154 ςιιιιιι
459 2078 544 2155 peius
556 2079 652 2138 odisse
664 2097 752 2154 quam
763 2078 846 2150 illud,
869 2079 948 2154 quod
959 2087 1062 2136 contra
1078 2080 1170 2138 libras

99 2165 284 2242 negationem
297 2175 348 2222 aut
359 2164 479 2222 adderet
490 2173 542 2222 aut
552 2164 677 2222 tolleret
700 2165 765 2241 Ego
793 2183 852 2222 non
879 2165 975 2222 solum
1002 2164 1118 2224 codices
1139 2166 1171 2222 in

99 2271 133 2309 eo
157 2251 263 2308 mendo
285 2251 323 2307 ab
345 2250 412 2308 aliis
434 2249 583 2308 codicibus
604 2249 687 2327 argui
710 2261 740 2307 et
750 2269 924 2308 consensum
936 2249 1069 2308 codicum
1079 2251 1171 2308 inter-

100 2337 168 2394 dum
192 2336 259 2393 aliis
281 2335 505 2394 auctoritatibus
528 2335 631 2392 cedere
653 2335 740 2394 video
762 2331 810 2418 (ut
831 2336 862 2392 in
883 2336 970 2393 Verr.
993 2337 1018 2408 I,
1043 2336 1082 2393 39
1106 2338 1171 2394 Au·

98 2422 209 2499 gustini
225 2419 414 2500 etAsconii),
436 2421 488 2478 sed
509 2421 686 2496 aliquotiens
704 2421 950 2498 conspirationem
973 2439 1075 2479 eorum
1097 2421 1172 2481 adeo

101 2507 257 2566 manifesta
277 2507 392 2564 ratione
413 2505 480 2564 falsi
503 2506 652 2576 convinci,
686 2517 719 2564 ut
746 2507 838 2566 multo
861 2507 957 2564 minus
979 2507 1171 2566 dubitationis

100 2594 173 2651 haec
194 2592 336 2651 correctio
358 2593 466 2650 habeat
487 2610 575 2668 quam
597 2592 722 2650 aliorum
745 2593 937 2651 occultiorum
959 2594 1172 2651 errorumsnb-

102 2679 182 2737 latio.
226 2678 404 2753 Exemplum
426 2686 544 2755 praeter
565 2677 610 2750 id,
633 2679 711 2752 quod
733 2677 782 2735 hic
803 2680 841 2751 V,
855 2679 895 2735 38
918 2687 1062 2750 occurret,
1085 2678 1172 2755 (quo-

100 2766 179 2822 niam
201 2764 320 2841 longum
343 2773 388 2822 est
410 2782 459 2836 ea,
493 2782 569 2838 quae
597 2782 692 2839 nuper
716 2763 747 2820 in
771 2763 886 2834 Orat§
911 2763 927 2820 9
950 2764 1172 2840 perversissime

100 2850 251 2926 disputata
271 2859 353 2920 sunt,
386 2845 530 2927 refutare)
553 2867 661 2926 ponam
683 2868 700 2906 e
723 2849 844 2921 Seneca,
867 2849 898 2906 in
921 2849 1004 2908 cuius
1025 2849 1101 2907 libro
1122 2851 1172 2908 111

101 2936 136 2993 de
158 2936 209 2994 Ira
231 2937 260 3008 2,
285 2936 303 2992 2
326 2953 403 2992 nunc
424 2934 546 3011 legitur:
579 2934 736 3010 Numquam
763 2939 903 2993 numerem
920 2937 1038 3010 popula
1053 2938 1173 3010 saninae

100 3041 190 3079 amore
205 3024 346 3098 stupravit,
369 3040 415 3078 nec
437 3024 463 3078 in
480 3024 624 3096 pecaniam
645 3030 693 3078 ant
715 3023 817 3079 luctum
840 3031 894 3078 tota
904 3023 999 3078 ciuitas
1010 3039 1083 3096 spem
1094 3039 1173 3079 taam

101 3110 186 3174 mum
218 3107 326 3164 ambitio
353 3109 450 3164 vinnm
476 3109 594 3181 stapulas
614 3117 739 3182 occupat,
767 3109 918 3183 impotentia
939 3125 990 3162 nan
1013 3116 1051 3163 eet
1072 3109 1173 3164 nralam

98 3195 250 3267 pnchlianm
272 3213 352 3269 saepe
372 3196 399 3249 in
421 3195 491 3249 iram
512 3211 564 3249 uno
585 3195 689 3266 apmt'm
709 3195 775 3249 itum
796 3202 843 3251 eat.
887 3191 1110 3267 Impotentiam,
1139 3199 1173 3249 ut

100 3279 193 3352 possit
215 3279 276 3336 irae
304 3277 451 3336 contraria
478 3279 562 3354 poni,
595 3276 779 3353 Ruhkopllue
807 3277 972 3354 cupidinem
999 3277 1173 3335 indomitam

101 3363 269 3421 dominandi
291 3365 509 3440 interpretatur.
553 3365 597 3420 Αι
618 3363 648 3420 id
670 3381 829 3438 numquam
851 3381 910 3420 vox
933 3361 1092 3438 significat,
1121 3363 1173 3420 ead

102 3448 174 3506 iram
196 3450 407 3506 vehementem.
451 3449 491 3508 Et
513 3449 667 3507 dicendum
691 3461 754 3507 erat
775 3449 805 3506 in
827 3448 1027 3525 oppositione:
1056 3451 1084 3505 in
1103 3451 1174 3506 iram

102 3553 188 3610 saepe.
212 3535 338 3612 Scripsit
350 3534 477 3594 Seneca:
495 3536 700 3611 Impotentia
716 3545 766 3593 ert
787 3535 1044 3610 malampnblianm3
1068 3534 1173 3592 deinde

102 3621 267 3678 continuat:
289 3640 369 3696 saepe
390 3623 417 3676 in
438 3623 507 3678 iram
530 3630 584 3678 cet.
617 3617 759 3701 [Negatio
778 3629 881 3679 contra
903 3620 1017 3678 codices
1039 3620 1173 3678 addenda

102 3705 157 3762 erit
179 3707 234 3777 IV,
258 3707 314 3776 69;
336 3715 439 3764 eontra
460 3706 587 3782 optimos
609 3707 710 3764 addita
732 3717 777 3764 est
798 3707 839 3780 Π,
864 3707 919 3775 243
947 3716 1049 3763 eontra
1071 3725 1173 3764 omnes

103 3789 157 3860 IV,
176 3793 214 3849 65
237 3801 276 3863 et,
299 3801 333 3849 ut
355 3792 426 3864 dixi,
438 3793 476 3863 V,
491 3790 555 3870 38.]

187 3881 260 3952 qnod
281 3879 391 3954 meum)
414 3877 561 3936 Gruterus
583 3895 621 3934 ex
643 3877 778 3936 omnibus
800 3878 877 3935 Pall.
899 3897 961 3952 qno,
984 3886 1015 3934 et
1031 3876 1172 3933 sicetiam

104 3961 189 4030 CCC,
209 3963 295 4034 Ball,
318 3963 431 4032 Menan
454 3960 547 4035 (Oxx.
559 3955 712 4020 tantuma
734 3982 752 4039 χ
773 3961 949 4040 proferunt).
982 3960 1063 4030 Quod
1071 3961 1173 4018 Elian·

104 4047 143 4104 sis
168 4049 326 4124 „aliique“,
350 4049 427 4125 Spir.
451 4047 516 4126 [Β]
541 4047 620 4108 Gud.
646 4052 671 4119 l,
695 4050 763 4107 Bas.
808 4047 990 4108 Sententiam
1012 4065 1102 4123 supra
1123 4047 1170 4103 de·

104 4133 227 4205 claravi3
259 4135 295 4192 de
324 4135 460 4192 movendi
488 4134 682 4192 instrumento
709 4153 768 4192 non
790 4135 896 4211 agitur.
929 4133 1024 4191 Paulo
1041 4141 1174 4190 anteno-

105 4219 208 4278 tandus
230 4229 274 4278 est
295 4229 417 4296 propter
438 4219 563 4278 aliorum
590 4219 720 4278 locorum
749 4221 959 4278 correctionem
986 4218 1173 4276 librariorum

105 4305 213 4380 duplex
236 4325 326 4374 error,
350 4306 400 4380 qui
424 4324 461 4362 ex
483 4308 532 4363 ind
547 4305 591 4384 (in
603 4304 692 4382 aliud)
715 4315 745 4362 et
766 4325 799 4362 en
810 4304 969 4363 effecerunt
980 4306 1061 4362 iudea
1072 4305 1173 4380 (nrt,

106 4397 176 4460 tum,
189 4389 425 4466 frequentissima
437 4392 660 4466 permutatione,
679 4393 797 4450 uidelicet
813 4385 923 4470 (Εξχψ,
936 4390 1015 4449 Gud.
1027 4398 1172 4465 uterque.
