2948 5024
337 391 342 403 ‘
367 410 410 454 nc
434 407 513 456 nen.
532 409 593 455 nis.
612 410 633 454 v
655 410 727 456 cna.
744 413 852 455 rs-ro.
1064 393 1127 457 tibio

75 577 220 660 trariisqne
241 577 335 642 rebus
356 577 487 657 alienos,
510 597 572 642 non
595 577 661 644 sine
682 597 777 644 cansa
798 597 867 657 eas,
895 597 973 660 quas
995 579 1072 655 dixi,
1095 579 1126 643 in

74 679 163 759 pueris
182 679 330 744 virtutum
352 681 442 760 quasi
471 680 619 745 scintillas
642 681 795 759 videmus,
827 681 979 763 equibus
1002 681 1128 746 accendi

73 782 230 864 philosophi
251 781 331 846 ratio
353 782 458 878 debet,
486 791 522 846 ut
542 801 624 862 eam,
647 783 736 864 quasi
758 784 864 862 deum,
887 785 995 848 ducem
1018 783 1126 849 subse·

72 903 155 965 quens
175 885 215 950 ad
236 871 366 949 naturae
387 884 548 965 perveniat
569 892 748 950 extremum.
785 885 875 964 Nam,
897 892 932 948 ut
954 903 1047 966 saepe
1064 885 1126 950 iam

71 987 137 1064 diri,
164 987 196 1051 in
227 985 350 1052 infirma
386 993 490 1052 aetate
526 986 739 1069 imbecillique
771 993 874 1052 menta
910 987 957 1052 vis
995 993 1127 1054 neutrae
1145 992 1165 1052 b

70 1089 148 1170 quasi
166 1108 222 1171 per
243 1089 402 1170 caliginem
424 1089 575 1167 cernitur;
605 1107 674 1153 curn
696 1095 800 1154 antem
821 1088 1025 1171 progrediens
1053 1107 1126 1153 con·

69 1191 195 1256 firmatur
225 1191 360 1270 animus,
392 1191 531 1272 agnoscit
562 1190 614 1256 ille
641 1190 765 1273 quidem
798 1199 929 1256 naturae
962 1190 1038 1270 virn,
1072 1193 1127 1256 sed

68 1294 118 1373 ite,
142 1301 175 1357 ct
194 1293 340 1374 progredi
362 1293 463 1375 possit
482 1291 612 1375 longine,
634 1311 693 1376 per
714 1311 748 1358 se
769 1293 811 1358 sit
832 1301 953 1358 tentum
973 1293 1126 1358 inchoata.

67 1397 140 1460 XVI.
165 1397 215 1460 44.
249 1395 431 1459 Intrandum
457 1393 552 1477 igitur
580 1395 686 1460 estin
714 1413 817 1460 rerum
846 1404 989 1460 naturam
1019 1403 1051 1460 et
1070 1415 1127 1477 pe-

67 1499 153 1577 nitus,
178 1497 252 1579 quid
279 1516 316 1562 ea
337 1497 482 1579 postulet
508 1496 747 1579 pervidendum
780 1497 871 1563 ahter
898 1498 979 1563 enirn
1006 1507 1128 1563 nosmet
1148 1504 1187 1568 10

111 1666 278 1718 ascematus
287 1667 420 1718 becses.
446 1667 590 1720 bisontii
624 1666 997 1733 instmaaetotellr‘rfirmt'tatec
1024 1669 1130 1733 aquosi

65 1753 107 1786 orn.
122 1737 204 1787 LPCR
237 1735 520 1800 onimmconsmuotorb
557 1737 736 1802 teopooeetlt
771 1731 915 1801 ponderabile
924 1738 991 1786 Les
1008 1736 1076 1805 [quid
1088 1736 1127 1787 itte

66 1805 106 1873 th]
131 1805 390 1866 t.tameuomnes,0r.
415 1805 704 1871 thestryiturLPCROr.
732 1811 770 1854 10.
781 1805 1127 1870 provideodnmEsdd.estR

140 1991 167 2038 ot
187 2000 245 2038 com
269 2011 307 2022 —
331 1981 424 2037 ducem
445 1979 620 2055 subsequens)
643 1980 731 2038 Ratio
754 1981 832 2037 enim
849 1999 886 2038 ex
898 1981 963 2048 illis,
981 1980 1125 2046 scintillis,

62 2085 131 2142 qnae
151 2075 272 2123 naturae
295 2065 440 2122 elementa
463 2073 545 2136 sunt,
568 2083 692 2123 aceensa
708 2066 915 2142 philosophum
943 2065 981 2123 sd
1002 2075 1125 2122 naturae

61 2163 215 2209 extremum
238 2151 370 2208 deducet.
414 2151 508 2208 Paulo
531 2159 598 2226 post
626 2156 707 2225 quasi
728 2171 781 2228 per
806 2155 945 2225 calipincm
972 2150 1066 2210 Gcius
1088 2171 1126 2208 ax

60 2239 126 2308 Eri,
140 2237 215 2313 Spin.
228 2234 294 2314 [B],
306 2235 386 2295 Gud.
401 2239 427 2308 1,
450 2236 495 2293 ed.
509 2236 604 2305 Crat.;
627 2245 714 2294 antes
725 2242 807 2311 qrmsi
817 2237 1015 2295 omittebatur.
1049 2237 1125 2294 Turn

59 2327 99 2380 ille
109 2325 214 2398 quidem
236 2322 333 2379 editur
345 2341 381 2378 ex
394 2322 418 2381 C
440 2321 508 2378 inde
521 2322 698 2392 aManutio;
721 2322 812 2394 Crat,
824 2323 913 2389 Vict,
926 2323 1002 2396 Des.
1019 2324 1125 2398 quidone

59 2412 112 2476 itta
135 2405 174 2488 [Β
196 2417 229 2465 nt
245 2402 321 2486 Eh3]
344 2407 403 2464 vid.
426 2407 463 2464 ad
474 2409 529 2479 IV,
543 2407 592 2464 43.
625 2405 675 2486 [In
697 2410 788 2482 infimo
810 2408 899 2466 etiam
921 2409 956 2467 B.
1002 2408 1060 2468 Sed
1082 2409 1126 2465 in·

38 2495 150 2551 ‘finiam
172 2502 299 2551 aetatem
321 2493 357 2550 de
380 2493 475 2568 prima
497 2511 582 2551 nerno
605 2491 704 2570 dixit]

138 2581 186 2636 secl
207 2585 255 2647 ito,
280 2611 318 2620 -
342 2589 428 2636 morien
449 2576 588 2656 inchoata)
615 2577 682 2656 [Sic
703 2577 869 2656 edebatnr.]
904 2579 937 2638 Si
958 2580 1030 2636 haec
1047 2589 1126 2636 recte

55 2666 163 2740 scripte
174 2673 252 2735 sunt,
264 2664 306 2734 ei,
318 2664 397 2739 quod
408 2665 504 2740 ipsunt
516 2664 559 2722 rei
572 2665 741 2740 diligentins
752 2665 897 2722 finiendae
909 2683 998 2722 censa
1009 2665 1127 2740 ponitur

54 2753 117 2826 (sed
127 2755 164 2808 ita
176 2761 273 2818 minen,
285 2760 314 2806 ut
325 2747 456 2825 perfecte
467 2769 503 2807 ea
513 2750 558 2807 vis
571 2768 628 2807 non
641 2750 687 2818 sit,
700 2751 751 2808 sed
759 2753 847 2826 possit
858 2749 937 2828 cet),
956 2750 1127 2826 superaddi-

54 2846 102 2892 tur
117 2854 195 2892 nova
206 2835 313 2906 cantic,
333 2853 368 2892 ne
384 2835 437 2892 illa
447 2836 545 2910 priore
558 2836 623 2911 ipss
634 2853 681 2893 res
699 2835 817 2893 sublata
828 2835 963 2893 videatur
985 2837 1029 2914 (et
1039 2846 1126 2892 tomos

52 2940 153 2978 rursus
164 2926 201 2979 ait
207 2941 259 2996 per
270 2941 298 2978 sc
309 2919 455 3000 obchocta).
479 2921 538 2980 Sed
550 2931 580 2977 et
591 2939 809 2997 supervacanea
817 2922 890 2979 haec
902 2921 999 2979 cautio
1010 2921 1127 2979 videtur

51 3016 81 3063 et
93 3006 277 3064 incommode
288 3005 436 3076 adiuncta,
460 3015 493 3062 ut
509 3007 604 3064 oratio
616 3006 741 3064 obscura
762 3015 792 3064 et
809 3007 960 3082 implicato
971 3007 1019 3076 sit,
1042 3007 1126 3082 quasi

50 3092 124 3149 haee
141 3093 181 3150 sit
192 3091 352 3150 sententia:
374 3093 423 3148 sed
433 3097 480 3162 ito,
503 3094 670 3167 utpropredt
685 3094 821 3166 quidem
833 3097 922 3166 possit
943 3093 1056 3166 loupiac,
1079 3094 1128 3150 scd

48 3189 138 3234 tomo
161 3186 227 3249 oet,
250 3175 423 3253 quodierri
444 3177 554 3252 nequit
578 3177 717 3252 quoniam
739 3176 809 3234 hoc:
828 3197 880 3251 per·
901 3197 929 3234 se
950 3181 986 3234 sit
1002 3178 1127 3234 inchoato

47 3281 110 3319 non
132 3273 180 3320 est
201 3262 380 3320 contrarium
402 3263 460 3319 illi:
482 3268 602 3336 opposcit
624 3267 676 3319 vim
698 3271 819 3320 oraturos.
849 3262 939 3339 (Nam
953 3262 1077 3319 inchoato
1088 3272 1127 3319 est

45 3347 78 3405 in
104 3349 160 3405 hac
184 3348 391 3406 coniunctione
413 3348 580 3406 necessario
608 3347 723 3405 initium
746 3346 856 3405 factum
879 3347 1039 3423 significet,
1067 3367 1127 3405 non

46 3433 264 3508 perfectionem
287 3432 414 3509 deesse.)
457 3434 562 3508 Itaque
584 3432 710 3491 fortasse
732 3433 919 3490 scribendum
941 3443 1000 3490 est:
1024 3451 1077 3508 per
1099 3453 1127 3490 se

42 3526 84 3574 sit
109 3530 240 3578 tontum
262 3520 401 3590 inchoato,
434 3528 468 3577 ut
495 3519 682 3576 continuetur
709 3519 811 3576 eadem
840 3519 994 3576 sententia.
1043 3519 1125 3577 Idem

42 3605 267 3682 hl'esenbergio
294 3605 325 3661 in
348 3612 474 3662 mentem
497 3613 627 3661 venerat.
676 3603 727 3682 [Id
755 3621 833 3662 nunc
860 3605 1069 3665 cum.Boiter0
1096 3605 1126 3662 in

42 3690 184 3748 ordinem
207 3690 316 3766 recepi.
343 3691 445 3749 Verba
456 3692 505 3748 scd
526 3695 574 3760 ita,
597 3699 627 3747 ut
643 3692 776 3766 propredi
781 3695 869 3765 possit
880 3693 983 3764 torpino
1005 3691 1042 3748 ad
1064 3691 1128 3748 ani-

40 3793 128 3832 mum
151 3775 259 3834 referri
280 3776 387 3832 debere
410 3795 463 3852 per
485 3776 606 3834 seultra
628 3775 672 3845 id,
707 3776 785 3850 quod
807 3785 912 3832 natura
933 3775 1126 3847 inchoaverit,

38 3861 194 3919 nitentem
217 3861 348 3937 disputat
369 3861 406 3920 Ο.
429 3861 555 3920 Heinius
578 3861 670 3939 (Ann.
688 3861 766 3918 Phil.
778 3861 884 3920 XCHI
901 3880 930 3936 p.
943 3862 1003 3918 247
1018 3861 1075 3936 sq.)
1098 3871 1128 3918 et
1151 3857 1153 3860 ⁴

37 3947 82 4002 ob
111 3964 178 4004 eam
201 3964 320 4004 causam
342 3947 503 4005 tollendum
526 3955 620 4004 totum
643 3947 699 4004 hoc
721 3955 805 4021 putet
823 3966 914 4022 perse
936 3981 976 3988 —
993 3947 1126 4004 inchoata.

36 4030 110 4089 Sed
132 4051 201 4090 curn
223 4032 339 4090 enimus
360 4033 561 4109 progreditur,
595 4033 662 4108 ipsa
688 4031 733 4089 vis
761 4041 882 4088 naturae
910 4031 1076 4108 explicatur
1098 4041 1127 4090 et

32 4116 230 4188 absolvitur;
251 4118 353 4192 itaque
375 4118 448 4176 haec
470 4117 574 4176 Cicero
596 4137 656 4176 non
678 4117 822 4186 distinxit,
845 4117 941 4175 minus
958 4135 1126 4175 sanescen-

32 4211 121 4258 rate.
168 4202 230 4263 Sed
251 4204 276 4262 si
298 4222 317 4260 s
339 4203 481 4263 Cicerone
503 4205 613 4280 scripta
635 4204 708 4260 haee
729 4220 786 4259 non
810 4212 923 4274 essent,
951 4203 1016 4277 quis
1044 4203 1126 4261 addi·

29 4287 142 4344 disset
165 4308 261 4365 quave
283 4289 320 4347 de
337 4307 426 4348 cause
447 4298 477 4347 et
488 4290 530 4347 sic
542 4290 647 4347 ceteris
658 4287 846 4365 grammatice
858 4288 1126 4348 accommodasset?

30 4373 149 4431 Nimis
171 4374 318 4433 incuriose
340 4377 412 4434 haec
434 4376 470 4433 de
492 4375 621 4434 librariis
642 4369 815 4453 Saguntum]
