2956 5028
388 335 453 400 284
481 415 487 424 ι
775 351 821 398 na
842 351 975 399 rnumus
997 351 1068 398 nou.

386 521 604 586 liberalitatem
625 525 726 598 uterne,
756 519 849 586 etiam
871 519 939 584 sine
960 519 1019 584 hac
1040 518 1178 601 Pyladea
1199 519 1343 585 amicitia
1366 521 1426 586 mul

387 643 457 688 rum
479 629 511 688 te
532 621 747 691 benevolentia
773 622 935 704 praeclare
961 622 1089 687 tuebere
1116 629 1148 686 et
1175 621 1308 688 munies.
1358 624 1410 687 85.

388 725 512 808 quicum
533 725 610 804 ioca,
633 723 724 804 seria,
746 731 782 788 ut
803 724 925 804 dicitur,
952 723 1076 806 qudcum
1103 741 1232 800 arcana,
1266 725 1400 806 quicum

388 827 471 892 culto
493 825 617 892 omnia?
661 827 778 892 Tecum
807 826 937 908 optime,
966 827 1079 892 deinde
1105 826 1198 892 etiem
1226 843 1298 890 cunr
1329 827 1431 892 medio

350 929 495 998 bannioo.
540 929 601 994 Sed
625 927 673 994 iac
695 929 757 994 ieta
779 947 849 995 esse
870 947 933 994 non
949 928 1144 1010 importuna;
1166 928 1295 1010 quided
1308 929 1434 994 utilitat

461 1149 814 1218 r.teasaam[s]el.1’n1a
841 1167 893 1200 eam
914 1149 1125 1218 [Albieisceteri
1145 1149 1189 1200 Or.
1226 1153 1248 1198 1.
1260 1149 1434 1216 [medaea

387 1219 450 1270 Post
456 1218 584 1285 praeclare
594 1221 684 1270 addet
705 1218 892 1288 [eumenes.
911 1228 933 1270 ct
947 1217 1115 1285 praeclareL
1152 1219 1257 1285 [tuebere
1275 1219 1329 1285 en]
1369 1224 1393 1268 ³.
1416 1217 1438 1286 [tl

389 1297 410 1337 et
427 1288 492 1338 aeria
511 1287 545 1358 A]
593 1295 616 1338 4.
635 1287 718 1338 demde
736 1297 758 1337 et
776 1288 819 1352 qai
833 1287 931 1338 medii
990 1293 1011 1336 ⁵.
1028 1290 1101 1349 samu
1119 1288 1167 1337 aeta
1186 1289 1203 1336 l]
1272 1285 1441 1354 [ὑιρονιωια.

388 1357 530 1422 inoportuna
547 1373 613 1412 corr.
631 1357 690 1408 tort
709 1357 791 1423 prima
808 1357 850 1423 m]
870 1357 1027 1422 moppmone
1045 1355 1088 1408 Or.
1124 1356 1159 1406 od
1175 1371 1224 1406 om.
1244 1355 1264 1404 P

387 1583 529 1658 apertius,
551 1592 576 1639 ct
591 1592 685 1657 ,mmet
708 1581 827 1658 ponitur
848 1581 915 1638 libr.
938 1582 964 1654 I,
991 1584 1039 1654 ll,
1062 1582 1091 1639 h.
1113 1581 1180 1638 libr.
1206 1583 1242 1639 15
1267 1591 1299 1638 et
1318 1583 1371 1653 21,
1396 1581 1445 1637 elil

387 1667 457 1726 Non
468 1667 625 1740 intellexit,
648 1668 699 1743 qui
711 1676 815 1726 auctor
825 1666 883 1725 fuit
894 1667 1057 1744 scripturae
1074 1666 1252 1724 deteriorum
1266 1667 1372 1725 codd:
1395 1677 1418 1722 et
1434 1675 1446 1722 t

387 1773 446 1810 aneu
473 1773 525 1810 noa
547 1753 860 1832 wombffallpraeter
875 1755 901 1824 l,
924 1753 1028 1810 Devis.
1053 1752 1238 1828 praeteriit,
1267 1751 1340 1811 Gzii
1358 1759 1448 1828 praetr

387 1839 471 1910 dnos,
495 1837 585 1912 Oxx,
608 1849 642 1896 nt
658 1839 784 1910 videtur,
807 1838 873 1908 EU,
897 1839 1060 1896 editionum
1071 1848 1140 1896 ante
1152 1837 1336 1913 Davisium).
1371 1837 1447 1896 Gzin

388 1924 459 1999 quia
479 1925 638 2000 vectigalia
659 1943 718 1982 non
740 1923 877 1981 dicantur
897 1924 1080 2000 privatorum
1092 1923 1213 1995 reditas,
1237 1923 1374 1999 intellegi
1390 1931 1450 1999 puta

386 2007 528 2068 frumenti
556 2009 686 2068 decimae
719 2019 749 2067 et
781 2009 919 2086 granmia
947 2010 1075 2085 publica
1121 2009 1180 2069 Sed
1213 2009 1294 2084 apud
1322 2010 1452 2066 Romano

386 2093 567 2154 frumentum
589 2095 773 2153 decimanum
796 2113 855 2152 non
877 2095 994 2171 publice
1022 2095 1232 2172 colligebatur,
1266 2093 1320 2152 sed
1349 2091 1452 2170 privati

386 2179 517 2238 decimae
540 2181 695 2251 venibant,
729 2179 888 2256 vectigalia
915 2189 1015 2238 autem
1041 2181 1094 2238 illo
1123 2179 1210 2238 modo
1239 2179 1298 2236 dici
1322 2177 1455 2236 etiamad

387 2265 453 2341 ipso
465 2263 608 2325 Cicerone
631 2267 799 2344 (utruetica,
816 2264 945 2340 orbona),
969 2265 1155 2324 notissimum
1166 2275 1220 2323 est.
1252 2265 1456 2341 Intelleguntu

388 2351 536 2425 Torquati
557 2351 669 2409 reditus
691 2369 708 2408 e
730 2350 876 2408 locatione
899 2351 1114 2427 graneriorum,
1137 2351 1163 2408 si
1185 2351 1361 2426 ipsinssinr.
1395 2350 1458 2406 Tun

387 2438 426 2494 od
448 2437 633 2494 liberalitatem
654 2436 821 2494 necessarie
843 2437 1057 2508 emendatione,
1080 2446 1115 2494 ut
1135 2455 1154 2493 a
1175 2436 1271 2512 primo
1283 2436 1406 2502 editore,
1427 2433 1458 2489 ei(

386 2521 449 2580 lere
472 2541 490 2578 a
512 2521 618 2580 ceteris
637 2523 851 2598 scriptumest,
875 2523 1100 2597 confirmarique
1127 2521 1235 2579 dicitur
1262 2522 1301 2578 ab
1330 2521 1377 2579 El.
1401 2521 1417 2576 i
1439 2524 1461 2574 et

387 2608 456 2666 Par.
480 2607 499 2664 3
521 2608 599 2665 Dav.
622 2607 730 2684 (Gaius
753 2607 857 2665 scribit
878 2608 1024 2664 libertatem
1046 2625 1111 2664 esee
1133 2608 1163 2664 in
1176 2606 1298 2684 optimis
1309 2607 1385 2674 suis;
1408 2609 1462 2660 erat

387 2693 417 2750 in
440 2692 600 2768 omnibns.)
645 2692 835 2769 Significatur
856 2693 974 2770 largitio
998 2693 1094 2751 socios
1116 2701 1146 2749 et
1168 2694 1320 2751 adiutores
1343 2701 1373 2748 et
1388 2689 1463 2748 faro·

386 2796 448 2836 rem
471 2797 589 2854 parans.
618 2776 766 2836 Gruterus
788 2787 887 2835 tamen
904 2779 1050 2836 libertatem
1064 2779 1226 2848 revocavit,
1251 2787 1355 2847 „tanto
1368 2775 1462 2850 megia,

386 2863 466 2938 quod
489 2863 658 2939 displiceret
679 2863 855 2921 Lambino“.

472 2953 551 3006 mrem
573 2953 629 3008 eirea
651 2948 716 3024 tao)
739 2950 815 3020 Hoc,
838 2949 918 3024 quod
940 2967 959 3004 a
972 2948 1108 3006 Manutio
1125 2947 1345 3006 adErnestium
1358 2945 1461 3004 editum

339 3073 355 3086 -
387 3043 441 3103 est,
464 3032 596 3092 Grutero
618 3043 743 3105 tacente,
766 3033 923 3092 manifesto
946 3035 1020 3091 latet
1041 3035 1072 3091 in
1093 3034 1237 3092 bonorum
1259 3033 1345 3090 codd.
1368 3031 1460 3108 (etiam

264 3159 271 3170 .
387 3119 465 3196 Spir.
483 3115 547 3200 [B],
571 3119 699 3192 Morelii,
718 3118 845 3178 fortasse
862 3119 920 3179 Ox.
938 3118 1106 3196 Equoque)
1129 3119 1276 3196 scriptura
1297 3138 1370 3189 eom,
1394 3131 1460 3190 qnae

386 3205 468 3263 nasci
491 3224 549 3263 non
572 3205 670 3282 potuit
691 3205 898 3262 edeteriorum
920 3200 1062 3286 (Davisii,
1074 3204 1155 3264 Οτι.
1178 3201 1248 3280 ξχψ,
1272 3202 1342 3262 Gaii
1352 3209 1460 3279 praeter

386 3289 447 3348 Erl.
471 3299 502 3348 et
524 3289 617 3369 Spir.)
640 3290 787 3367 scriptura
807 3293 861 3361 er'e3
883 3300 988 3348 contre
1010 3291 1082 3348 haec
1105 3309 1143 3347 ex
1153 3289 1207 3348 ille
1217 3289 1392 3365 corrigendo
1403 3295 1460 3342 orta

386 3385 440 3432 est.
484 3376 524 3433 Et
545 3376 744 3434 neceesarium
767 3385 812 3434 eet
833 3379 922 3448 atione,
945 3377 1079 3452 ineptum
1106 3377 1144 3433 cic
1172 3383 1347 3452 postutare.
1390 3372 1457 3428 Turn

386 3461 497 3518 editum
520 3469 565 3518 eet
587 3461 624 3518 ab
647 3461 783 3519 omnibus
806 3471 830 3518 et
852 3462 956 3519 medere
978 3471 1002 3518 et
1023 3464 1139 3532 marries,
1162 3479 1256 3537 prava
1278 3457 1457 3517 distractione

385 3547 473 3604 unius
496 3547 639 3617 notionis3
668 3547 729 3604 vid.
751 3546 789 3604 ad
813 3547 862 3604 63.
907 3545 948 3624 [B
970 3554 1004 3605 ut
1024 3545 1103 3625 ert]
1152 3545 1340 3606 Praecedens
1367 3564 1394 3614 e,
1420 3559 1457 3597 se·

386 3649 480 3705 quens
507 3642 518 3689 t
544 3631 600 3690 hoc
628 3641 652 3690 at
668 3641 843 3708 genuerunt,
865 3641 899 3688 ut
921 3632 1000 3708 apud
1012 3631 1187 3692 Suetonium
1198 3630 1301 3690 Claud.
1322 3631 1377 3688 21:
1397 3642 1456 3702 quoe

387 3729 502 3792 tetroque
522 3727 553 3775 et
575 3718 685 3792 topbina
706 3735 739 3776 uc
762 3719 848 3791 lipara
870 3728 950 3776 cutm
965 3721 1088 3792 soleant.
1118 3718 1187 3776 Non
1200 3715 1323 3774 offendit
1342 3715 1455 3773 editores

386 3803 535 3861 soloecum
558 3802 632 3860 illud
654 3812 679 3860 et
701 3835 741 3844 «-
763 3822 805 3860 ac.

473 3889 522 3946 85.
556 3891 664 3962 quietam
685 3891 752 3960 ioco,
775 3887 860 3964 serio)
892 3887 997 3946 Inutili
1023 3888 1091 3946 lusu
1119 3888 1243 3946 Beierus
1270 3885 1323 3964 (ad
1350 3887 1454 3958 Fbagnt·

386 3972 482 4033 Oratt
505 3993 534 4050 p.
551 3974 632 4047 195),
655 3975 734 4049 qnod
757 3975 904 4031 communi
927 3991 1061 4032 sermone
1078 3973 1180 4031 tritum
1199 3981 1264 4030 erat
1285 3969 1330 4050 (ut
1346 3963 1453 4039 ὀιιιιιιι),

385 4059 416 4116 in
439 4077 557 4118 versum
580 4060 728 4118 senarium
751 4060 858 4136 coegit,
881 4059 979 4118 delete
1001 4059 1097 4117 altero
1119 4068 1150 4116 et
1171 4059 1258 4116 tertio
1281 4061 1394 4132 quietum.

472 4165 523 4202 noro
544 4140 711 4226 importuna)
743 4145 905 4203 lambinus
933 4143 979 4226 (in
1006 4145 1085 4203 curis
1112 4139 1263 4223 secundis)
1290 4146 1454 4220 riropportwrss

386 4229 572 4287 scribendum
599 4237 771 4306 putaverat,
803 4230 893 4305 idque
921 4229 1069 4289 Gruterus
1097 4239 1127 4288 et
1154 4239 1223 4307 post
1249 4247 1315 4286 eum
1339 4224 1453 4286 ooterie

383 4314 451 4373 Pal.
478 4317 491 4372 1
517 4313 594 4393 [sed,
617 4325 651 4374 nt
672 4334 751 4374 nunc
772 4315 929 4388 indicetur,
952 4315 1147 4394 interpolato]
1169 4315 1335 4374 ediderunt
1373 4311 1453 4395 (blar-
