2998 5020
349 349 412 414 648
734 367 779 412 nn
802 366 933 414 suemus
956 301 1027 414 nou.

346 534 508 615 expleatur
534 535 622 616 (nihil
650 535 730 604 enirn
753 535 910 617 prohibet,
943 535 1096 617 quaedam
1125 553 1195 600 esse
1221 541 1253 600 et
1277 535 1359 600 iuter
1382 553 1410 596 se

347 637 529 701 animalibus
552 637 678 718 reliquis
707 645 829 702 etcum
852 637 959 702 bestiis
981 637 1097 702 homini
1118 637 1305 716 communia,
1340 656 1406 718 quo

346 739 429 802 niam
461 738 596 802 omnium
629 745 677 803 est
696 746 810 804 natura
837 739 1030 820 communis),
1060 741 1116 804 sed
1143 747 1282 804 extrema
1309 740 1362 803 illa
1385 749 1409 802 et

347 858 475 919 summa,
498 859 578 922 quae
600 841 787 942 quaerimus
809 841 890 906 iuter
906 841 1210 922 animaliumgenera
1221 842 1366 906 distincta
1384 852 1408 904 et

307 943 328 1008 5
345 942 510 1023 dispertita
538 942 600 1007 siut
627 949 659 1008 et
680 961 738 1007 sua
759 943 870 1024 eumue
891 944 1022 1024 propria
1043 949 1076 1008 et
1097 945 1138 1008 ad
1159 943 1191 1007 id
1213 953 1302 1025 apta,
1337 943 1408 1025 quod

345 1043 494 1125 cuiusque
516 1050 628 1109 natura
644 1045 808 1110 desideret.
853 1047 903 1111 26.
928 1046 1045 1124 Quare,
1068 1064 1137 1109 cum
1159 1045 1300 1125 dicimus,
1323 1044 1408 1110 omni-

344 1146 402 1209 bus
429 1146 611 1212 animalibus
638 1155 809 1212 extremum
837 1166 907 1212 esse
934 1148 1105 1211 secundum
1133 1157 1278 1212 naturam
1306 1148 1408 1222 vivere,

345 1267 405 1312 uon
426 1248 471 1312 ita
492 1248 702 1329 accipiendum
721 1257 781 1328 est,
803 1249 893 1330 quasi
915 1249 1052 1313 dicamus
1073 1267 1171 1313 unum
1192 1268 1264 1314 esse
1285 1249 1408 1314 omnium

344 1355 528 1430 extremum
552 1352 607 1415 sed
628 1357 664 1416 ut
686 1351 821 1414 omnium
844 1351 1052 1416 artiumrecte
1068 1351 1128 1416 dici
1144 1356 1408 1432 potesteommuue

287 1456 328 1520 10
344 1470 423 1532 esse,
445 1460 480 1516 ut
499 1452 531 1516 in
553 1451 658 1534 aliqua
679 1452 807 1518 scientia
823 1461 995 1532 versentur,
1023 1453 1182 1518 seientiam
1204 1463 1309 1518 autem
1332 1471 1408 1518 suan

395 1663 418 1705 2.
437 1665 525 1706 etanta
535 1675 584 1706 rum
596 1657 677 1708 om.C
712 1656 791 1709 bello
810 1656 900 1707 omo
932 1661 959 1705 b.
981 1655 1177 1724 [disportdalih]
1214 1667 1270 1708 sant
1284 1657 1407 1708 LPCROt.

345 1729 367 1773 6.
386 1725 506 1775 dariierot
525 1726 658 1776 LPCROr.
697 1729 720 1779 7.
739 1743 789 1776 ease
807 1727 895 1778 omli
936 1731 972 1775 10.
992 1734 1097 1776 amsani·
1115 1725 1252 1780 urceos

344 1936 418 1991 deret
440 1935 529 1992 etiarn
552 1933 630 2009 Spin.
653 1931 723 2012 [B];
747 1935 879 1991 derideret
901 1933 990 1991 etiarn
1013 1933 1092 1992 Gud.
1108 1937 1134 2005 l,
1157 1933 1227 1991 Bas.
1274 1935 1405 1992 Probarat

344 2018 445 2091 Gaius,
469 2020 521 2077 sed
543 2039 635 2095 prava
657 2021 780 2077 ratione.
825 2019 932 2076 Totam
960 2027 1057 2076 autem
1087 2020 1161 2076 hanc
1189 2019 1406 2096 disputationem

343 2105 379 2161 da
402 2105 492 2162 simili
514 2105 643 2162 omnium
663 2105 855 2161 animantium
874 2105 1086 2174 summobono,
1110 2123 1169 2162 non
1186 2105 1299 2166 eodem.
1322 2103 1406 2162 derla-

342 2190 406 2248 ravi
429 2191 466 2246 ad
488 2191 543 2262 IV,
563 2191 613 2246 32.
651 2187 887 2270 [Soboemannus
900 2189 977 2266 Opp·
991 2190 1083 2248 Acad.
1103 2191 1152 2248 111
1170 2210 1198 2266 p.
1212 2191 1274 2248 399
1299 2205 1404 2266 prorsus

342 2275 501 2345 aberravit,
523 2276 573 2350 qui
596 2276 673 2332 iuter
693 2276 779 2332 haec:
802 2285 831 2332 nt
842 2285 941 2332 notura
952 2279 1092 2350 aepleatnr
1112 2311 1164 2347 -,
1187 2279 1237 2333 scd
1247 2288 1361 2334 abnuo
1373 2305 1404 2314 —

343 2363 483 2436 (liopertr'to
494 2363 546 2418 niet
558 2361 724 2436 copulative
736 2361 851 2418 interici
864 2361 1005 2418 voluerit:
1028 2363 1095 2418 nibil
1104 2365 1182 2418 etrum
1190 2363 1325 2437 probibet.
1346 2359 1403 2416 Boi·

343 2455 423 2504 terus
444 2447 475 2503 in
498 2447 543 2503 ed.
561 2447 640 2517 mim,
663 2465 787 2521 quocum
800 2447 946 2504 consentit
957 2446 1083 2504 Heinius
1095 2447 1175 2504 Ann.
1187 2447 1298 2504 Philol.
1311 2442 1404 2504 XClll

342 2551 371 2607 p.
387 2532 458 2602 251,
481 2531 599 2607 scripsit
620 2542 650 2590 ot
671 2552 736 2589 aaa
757 2535 923 2606 cuiusque
944 2542 1044 2589 rra-turo
1066 2534 1221 2606 erphonem
1255 2535 1324 2590 rribil
1347 2533 1403 2588 enin

337 2618 462 2692 probibet
485 2649 523 2660 —
547 2621 699 2686 communis,
722 2619 772 2674 sed
792 2628 911 2675 extremo
932 2619 981 2674 illo
998 2650 1039 2658 —
1062 2619 1204 2692 dispertito
1221 2628 1285 2674 sunt
1308 2652 1347 2659 —
1366 2617 1403 2671 dr·

342 2703 452 2760 rideret.
497 2703 565 2759 Non
588 2703 695 2778 probo;
730 2721 797 2760 narn
827 2721 922 2776 neque
944 2701 1031 2759 facile
1054 2703 1120 2774 illa,
1155 2721 1231 2777 quae
1259 2704 1402 2760 adduntur.

342 2787 478 2845 excidere
500 2797 668 2863 potuerunt,
692 2797 722 2846 et
744 2806 781 2844 ne
803 2797 905 2863 aptum
928 2787 1046 2862 quidem
1064 2789 1181 2845 videtur
1202 2788 1240 2845 ad
1263 2789 1348 2845 finem
1358 2807 1402 2842 onr-

342 2876 413 2930 rn'um
435 2873 508 2930 illud
530 2893 581 2930 suo
602 2878 737 2948 cuiusque.
783 2872 887 2932 Cicero
915 2891 981 2930 cum
1010 2891 1068 2931 non
1091 2881 1171 2930 recta
1198 2874 1305 2945 adid,
1337 2869 1402 2948 quod

341 2959 524 3034 propositum
547 2967 619 3030 erat,
642 2967 787 3036 pergeret,
810 2959 861 3015 sed
879 2958 1015 3015 similiter
1036 2967 1125 3033 atque
1147 2958 1177 3014 in
1200 2959 1252 3030 iis,
1282 2978 1354 3034 quaa
1373 2955 1402 3011 ed

341 3043 365 3110 l,
389 3047 425 3100 15
449 3053 478 3100 et
500 3044 584 3115 adl,
606 3045 643 3102 18
666 3043 888 3114 annotavimus,
923 3044 1035 3118 aliquid
1063 3045 1266 3119 interponeret
1287 3046 1330 3123 (in
1355 3059 1402 3116 quo

340 3129 379 3186 ad
411 3138 543 3186 nostrum
576 3148 693 3188 sensum
727 3129 796 3186 addi
823 3131 931 3204 quidem
959 3128 1098 3205 poterat),
1127 3129 1158 3186 in
1185 3131 1319 3190 oratione
1345 3145 1402 3184 eon·

339 3214 480 3272 tinuanda
502 3215 593 3272 verba
620 3215 852 3273 accommodavit
878 3215 1013 3273 nonnihil
1040 3216 1078 3272 ad
1105 3215 1289 3274 interiectam
1311 3229 1401 3290 paren·

339 3298 460 3377 thesim]

425 3389 538 3442 omnnem
549 3396 588 3442 est
600 3395 699 3442 notura
710 3384 867 3466 communie)
889 3387 932 3442 At
944 3404 1037 3461 nuper
1049 3385 1174 3457 dixerat,
1191 3405 1271 3442 suam
1288 3387 1401 3455 monsque

340 3491 404 3528 esse.
449 3470 568 3530 Scilicet
589 3471 685 3528 minus
708 3471 864 3547 diligenter
885 3479 1035 3541 naturam,
1069 3489 1127 3545 quo
1157 3471 1304 3528 vocabulo
1324 3482 1400 3542 supra

340 3563 370 3613 et
402 3575 471 3612 mox
499 3556 680 3632 singularum
707 3556 901 3613 animantium
933 3556 1144 3632 proprietatem
1172 3555 1330 3632 significat,
1361 3550 1399 3607 hit

340 3641 471 3716 appellat
493 3659 646 3698 commune
669 3641 699 3698 id
721 3642 817 3699 omnis
839 3642 918 3698 vitae
940 3641 1132 3717 principium,
1162 3660 1221 3716 quo
1244 3661 1328 3699 omne
1348 3635 1399 3694 ani·

340 3727 398 3784 nial
421 3727 458 3783 ad
475 3745 558 3784 suern
570 3727 781 3802 proprietatem
803 3722 967 3808 (naturam)
990 3727 1145 3784 tenendam
1157 3727 1326 3802 impellitur.
1351 3724 1398 3780 Pa·

340 3831 404 3870 rum
427 3812 575 3869 subtiliter
596 3812 669 3868 baec
681 3813 748 3881 dici,
771 3813 907 3870 Bremius
919 3812 1042 3882 viderat,
1066 3812 1117 3886 qui
1128 3813 1280 3870 attendere
1292 3809 1398 3869 solebat

426 3898 474 3954 26.
497 3907 527 3954 at
548 3901 575 3954 in
596 3900 691 3972 aliquo
712 3901 821 3954 sanzeio
832 3897 982 3971 uersentur)
1000 3898 1141 3955 Potestne
1154 3898 1313 3973 quidquam
1326 3910 1396 3970 eper-

340 3981 398 4039 tius
420 3983 478 4040 dici
500 4001 587 4057 quam
611 3981 685 4039 hoc?
709 3981 819 4042 Omnes
840 3992 919 4040 artes
941 3993 1021 4039 reete
1043 3983 1100 4040 dici
1122 3993 1247 4058 possunt
1266 3981 1397 4052 indiqu

339 4067 463 4125 scientia
484 4068 610 4138 versari3
633 4069 689 4126 hoc
711 4087 811 4125 aarum
833 4087 987 4126 commune
999 4077 1052 4125 est.
1085 4070 1268 4143 Itaquecum
1291 4067 1394 4125 indete-

339 4151 448 4210 riorum
473 4153 605 4210 codicum
628 4154 762 4230 principe
785 4155 925 4229 scriptum
949 4163 1165 4224 essetvereetnr,
1188 4154 1277 4229 idque
1298 4155 1327 4210 in
1346 4147 1396 4204 edi·

339 4237 467 4295 tionibus
490 4247 645 4312 retentum,
668 4240 763 4308 Mam,
786 4239 904 4308 Lamb,
928 4239 1004 4296 Dav.
1033 4236 1091 4316 (illi
1114 4239 1202 4296 tacite
1229 4240 1260 4297 in
1282 4258 1312 4296 re
1332 4235 1395 4290 eius

339 4323 431 4399 modi)
454 4323 634 4400 seripserunt
655 4335 799 4382 versentur.
833 4323 926 4384 Gaius
939 4333 1050 4395 contra,
1074 4343 1139 4382 eum
1162 4322 1334 4382 bocaxllrl.
1349 4311 1394 4396 [B]
