2938 5020
301 402 361 465 148
691 419 736 464 on
757 418 888 466 mutnus
910 419 982 464 nou.

299 587 425 668 potione
447 592 480 650 et
501 585 623 650 aurium
645 585 849 651 delectatione
866 593 897 652 et
909 586 1213 667 obscenavoluptate
1225 586 1376 666 capiatur.

299 689 347 751 An
370 687 446 752 haec
468 687 508 752 ab
530 707 567 752 eo
590 705 651 752 non
674 687 839 752 dicuntur?
884 688 980 765 Quasi
1002 706 1077 753 vero
1104 706 1153 752 me
1175 689 1306 769 pudeat,
1329 689 1377 751 in-

299 789 375 870 quit
397 789 528 854 istorum
550 797 606 854 aut
627 808 689 854 non
710 790 841 871 possim,
875 791 1134 871 quemadmodum
1160 808 1198 854 ea
1224 790 1378 866 dicantur,

299 891 477 955 ostendere!
511 891 577 972 Ego
599 911 673 956 vero
695 910 758 956 non
769 891 886 970 dubito,
908 891 1043 972 inquam,
1066 891 1140 972 quin
1157 889 1245 955 facile
1262 891 1378 971 possis,

193 999 197 1007 '
261 995 357 1059 onec
379 998 441 1070 est,
475 994 560 1074 quod
587 999 618 1057 te
645 993 763 1074 pudeat
791 993 925 1074 sapienti
952 993 1110 1070 assentiri,
1144 993 1198 1074 qui
1225 1011 1259 1056 se
1285 1011 1379 1070 unus,

299 1093 383 1174 quod
406 1093 510 1172 sciam,
533 1095 707 1174 sapientem
728 1091 868 1175 profiteri
881 1093 1036 1159 sitansus
1070 1094 1151 1158 Nam
1163 1093 1379 1158 Metrodorum

299 1213 359 1259 non
371 1203 448 1276 puto
460 1195 563 1277 ipsum
573 1195 758 1277 professum,
782 1195 847 1274 sed,
870 1213 939 1259 cnm
951 1195 1164 1286 appellaretur
1180 1195 1220 1260 ab
1231 1195 1379 1276 Epiomo‚

298 1297 466 1377 repudiare
493 1303 613 1361 tantum
646 1296 827 1362 beneficium
860 1297 1010 1374 nolensem
1044 1305 1164 1378 septem
1196 1305 1302 1360 nutem
1334 1297 1381 1361 illi

298 1415 360 1462 non
388 1415 458 1476 sno,
492 1399 547 1462 sed
569 1398 754 1479 populormn
778 1397 926 1479 suffragio
954 1399 1089 1462 omnimn
1119 1398 1267 1464 nominati
1295 1408 1380 1463 sunt

241 1499 328 1570 108.
351 1499 468 1563 Verum
490 1499 638 1564 hocloco
661 1519 758 1579 sumo,
781 1500 884 1564 rerbis
906 1501 955 1564 his
979 1501 1110 1564 eandem
1133 1509 1216 1566 certe
1238 1502 1299 1566 vim
1322 1521 1381 1566 vo·

245 4311 260 4359 ,,

238 4487 248 4531 s,

369 1699 390 1743 1.
409 1709 458 1743 om.
473 1693 598 1758 pontoneis
633 1703 677 1744 uut
694 1695 751 1744 anri
765 1694 887 1747 deiecti]
923 1699 947 1745 2.
965 1713 1020 1746 vero
1042 1712 1091 1745 om.
1110 1695 1229 1746 LPMCR
1272 1695 1382 1763 ἣρω-

297 1760 408 1828 meent]
437 1762 525 1812 ιἐεαΕ
577 1761 724 1814 dr'cuntan
770 1769 792 1814 5.
815 1762 928 1844 [rapienti
943 1780 992 1815 om.
1006 1763 1051 1830 di]
1108 1767 1129 1815 7.
1151 1774 1236 1828 patant
1259 1764 1383 1814 LPMCR

299 1837 322 1879 e.
358 1831 549 1880 donumdonumr
563 1831 668 1894 ‹ffcim
688 1832 705 1880 E
744 1831 856 1898 [columae
874 1831 920 1900 Al]
964 1837 987 1884 9.
1006 1833 1105 1881 omnimn
1123 1834 1179 1896 ⁸¹{ff-
1199 1833 1226 1881 M
1270 1837 1307 1882 10.
1331 1831 1382 1882 Ve-

300 1914 353 1947 rum
372 1925 403 1935 —
422 1907 508 1948 oecon!
526 1899 587 1948 citat
605 1899 669 1950 Non.
689 1915 713 1964 p.
735 1905 796 1957 1213
820 1909 904 1960 (oerum
926 1885 1103 1966 -flsoiupram
1120 1901 1154 1950 id.
1174 1915 1198 1966 p.
1219 1905 1276 1962 896)
1350 1901 1382 1950 de

298 1965 373 2016 verbm
392 1966 458 2018 Non.
475 1983 502 2032 p.
520 1971 570 2016 396
623 1967 653 2017 iis
671 1967 722 2016 ΒΜ
1231 1985 1234 1992 ·

294 2155 451 2221 praeterea
472 2147 581 2203 bonurn
612 2145 659 2202 eit.
702 2147 780 2203 Tum
796 2157 844 2203 ont
861 2149 968 2221 potione
984 2165 1022 2204 ex
1038 2147 1083 2202 ed.
1095 2147 1191 2220 prima
1201 2146 1337 2221 pervenit
1351 2148 1382 2204 in

299 2230 502 2288 Manutienam
525 2241 555 2287 et
577 2231 715 2306 deinceps
738 2232 767 2288 in
785 2239 912 2299 ceteram
935 2241 960 2287 et
982 2232 1082 2294 Mars..
1106 2231 1196 2293 Crat..
1220 2231 1309 2300 Viet..
1332 2250 1384 2288 re·

299 2315 452 2389 stituitque
475 2317 552 2372 Dav.
564 2335 580 2371 e
593 2316 661 2372 Par.
685 2317 713 2383 2,
737 2316 845 2386 dicad„
858 2315 933 2372 Ball.
954 2311 1094 2390 (Egpwk
1116 2326 1260 2391 repugnat
1273 2314 1383 2378 Gaius.

300 2400 351 2456 sed
373 2400 410 2456 de
433 2401 516 2457 codd.
540 2409 626 2458 tacet.
678 2401 745 2458 Vero
766 2411 834 2476 post
856 2404 937 2475 quusi
948 2401 1095 2460 Gruterus
1114 2401 1331 2457 addiditePal.
1349 2406 1383 2471 13

299 2493 362 2541 erat
385 2486 473 2542 etiam
496 2486 527 2542 in
550 2485 628 2560 Spir.
673 2486 757 2543 Idem
785 2504 850 2542 cum
880 2486 942 2542 Eri.
964 2490 1016 2543 istu
1039 2505 1092 2560 pro
1120 2505 1159 2542 eo.
1189 2487 1385 2543 Incommode

299 2580 329 2626 et
349 2571 451 2645 putide
473 2571 551 2628 idem
573 2589 735 2646 pronomen
758 2580 949 2646 repeteretur.

384 2653 511 2730 samaro)
537 2655 624 2724 „Non
648 2665 693 2712 est
704 2657 734 2713 in
747 2657 811 2712 Pal.
828 2660 853 2722 1,
877 2656 934 2712 nisi
945 2674 963 2712 a
976 2673 1063 2712 manu
1080 2655 1166 2731 longe
1189 2655 1382 2712 recentiori?

299 2737 403 2798 Grut.
426 2740 552 2798 Etiamsi
580 2744 604 2797 ci
625 2741 826 2804 substitueris,
861 2741 954 2798 deerit
983 2741 1094 2814 aliquid
1122 2741 1159 2796 ad
1188 2741 1384 2798 sententiam:

299 2824 424 2899 sapienti
455 2835 484 2881 et
511 2826 629 2899 quidem
658 2827 685 2882 ei
708 2826 849 2900 sapienti,
878 2826 928 2899 qui
951 2835 1006 2882 etc.
1051 2826 1096 2882 De
1119 2825 1241 2901 Epicuri
1263 2825 1385 2901 profes-

299 2909 381 2966 sione
404 2908 457 2966 cfr.
487 2909 552 2968 Cat.
581 2910 652 2967 Mai.
676 2911 726 2976 43,
750 2911 828 2967 Plut.
873 2911 942 2967 Non
970 2929 1057 2987 posse
1086 2911 1216 2967 suaviter
1242 2919 1297 2968 etc.
1331 2913 1383 2974 18.

298 3013 327 3069 p.
359 2995 439 3050 1100
463 2996 507 3051 A:
541 2985 637 3068 σοφὸν
665 2985 695 3051 di
724 2988 836 3067 μηόένα
865 2984 959 3067 φάναι
987 2985 1061 3068 πλὴν
1094 2985 1187 3050 αὑτοῦ
1221 2989 1384 3070 γεγονέναι.

299 3079 412 3149 (Verba
440 3069 485 3136 ἐπὶ
508 3075 566 3134 τῶν
587 3073 734 3154 μαθητῶν
755 3089 894 3154 corrupta
916 3091 999 3148 sunt3
1022 3097 1088 3135 nam
1112 3098 1207 3153 neque
1229 3079 1267 3134 ad
1283 3066 1384 3148 mrim

298 3164 445 3240 pertinere
468 3171 591 3239 possunt
618 3181 712 3236 neque
735 3163 925 3220 memorabile
937 3173 1009 3234 erat,
1033 3163 1088 3220 hoe
1110 3181 1210 3220 coram
1227 3163 1386 3237 discipulis

299 3249 409 3306 dictum
432 3267 512 3318 esse,
547 3247 598 3304 ubi
625 3247 714 3304 etiem
743 3247 839 3305 minus
867 3246 1038 3305 offensionis
1065 3249 1202 3318 haberet,
1236 3265 1325 3322 quarn
1357 3249 1385 3304 si

298 3351 397 3390 coram
420 3332 509 3408 aliis.)

385 3417 458 3474 Nam
481 3418 667 3474 Metrodorum
689 3435 741 3472 non
759 3414 841 3493 poto)
866 3417 1054 3474 Metrodorus
1066 3417 1187 3492 Epicuri
1210 3419 1310 3488 colleou
1334 3436 1385 3472 ou-

295 3506 412 3578 pientiae
434 3502 601 3578 appellatur
624 3503 639 3558 I
661 3501 700 3558 N.
719 3502 757 3558 D.
773 3501 842 3572 113,
862 3521 949 3576 pectre
970 3505 1039 3558 niter
1062 3503 1201 3576 Epicuros
1223 3501 1279 3557 hoc
1302 3500 1386 3560 libro
1465 3511 1466 3516 ’

300 3593 314 3657 ξ
341 3588 390 3644 92.
434 3587 539 3660 Itaque
562 3605 649 3661 saepe
672 3595 821 3660 tamqnam
844 3587 903 3644 dno
924 3586 1011 3642 huius
1033 3586 1207 3662 disciplinae
1230 3585 1386 3662 principes

299 3671 526 3748 coniunguntur,
550 3672 639 3728 Tuae.
651 3671 692 3740 Π,
706 3672 735 3742 8,
747 3671 786 3727 N.
798 3672 836 3727 D.
849 3672 874 3740 Ι,
899 3673 948 3740 86,
962 3672 1040 3728 Plut.
1063 3672 1132 3728 Non
1144 3689 1231 3746 posse
1248 3671 1386 3728 sraviter

299 3757 508 3828 etc.c.2‚8‚
536 3755 583 3812 13.
629 3757 701 3812 Puto
723 3755 812 3812 etiem
829 3756 894 3813 Pal.
910 3760 936 3826 1,
961 3755 1049 3832 Spin,
1073 3755 1152 3814 Gud.
1165 3756 1194 3828 2,
1217 3775 1275 3831 mg.
1297 3755 1385 3814 Cret.
1464 3773 1465 3784 ¹

299 3840 408 3912 Ceteri,
431 3840 482 3915 qui
505 3840 680 3910 indicantur,
704 3850 734 3896 et
756 3841 820 3897 edd.
843 3850 911 3898 ente
935 3839 1044 3899 Gzium
1062 3851 1170 3916 potant.

386 3927 414 3983 8.
438 3927 588 4001 Eprcumrm
611 3923 701 4002 nosse)
723 3925 779 3982 Est
790 3925 867 3982 idern
878 3925 950 3991 iere,
974 3944 1008 3982 uc
1031 3926 1056 3982 si
1070 3925 1208 3983 dixisset:
1231 3925 1384 3987 ostendere.

298 4029 327 4068 ae
349 4031 440 4080 noane,
469 4029 628 4086 agnoscere
650 4028 704 4066 nec
727 4018 876 4084 tamquam
900 4011 1083 4088 ignotamlet
1105 4011 1232 4066 alienam
1255 4009 1383 4066 reicere.

300 4095 359 4154 Sed
383 4095 487 4154 Cicero
509 4095 586 4152 dixit
607 4095 658 4166 sic,
683 4096 762 4168 qnod
784 4112 873 4169 snpra
890 4107 1029 4170 posuerat
1051 4100 1157 4168 ipuorat
1168 4103 1198 4151 et
1209 4097 1287 4150 tinnis
1299 4097 1382 4150 enirm

298 4183 379 4236 novit.
423 4181 488 4237 Neo
510 4179 745 4256 coniungendum
768 4187 812 4236 est
834 4181 920 4236 verbis
943 4200 1027 4250 recreo,
1050 4181 1128 4254 quod
1152 4179 1222 4254 quid
1245 4179 1292 4248 sit,
1317 4179 1385 4236 Da·

300 4263 393 4321 risius
416 4265 479 4322 iure
501 4265 630 4333 dubitat,
660 4265 711 4321 sed
739 4265 780 4320 hie
809 4265 896 4320 verbis
924 4275 982 4322 est:
1015 4285 1074 4322 com
1102 4266 1144 4322 dio
1171 4265 1257 4320 verbe
1284 4267 1383 4321 uritur.
