2928 5012
508 457 704 504 cuunramo.
1072 441 1147 506 XXI

93 635 160 704 erae
180 647 249 692 cum
270 629 346 693 mihi
369 627 573 710 placuissent,
596 629 780 693 Valentinus
803 629 952 694 Seibelius
975 631 1148 711 descripsit,

92 755 152 816 qtae
172 736 330 802 Victorius
353 738 384 800 in
407 737 548 818 margine
559 737 740 802 Asccnsiani
752 737 883 818 exempli
893 745 1045 818 posuerat
1062 741 1148 818 (nam

92 845 176 908 alteris
198 846 356 910 annotatis
379 864 487 910 carere
508 866 558 910 me
579 846 669 910 facile
690 864 784 927 posse
800 845 974 926 putaram);
997 845 1149 911 deindeei

91 953 119 1016 ad
138 952 194 1017 alia
215 961 346 1018 auocato
369 953 411 1018 M.
426 957 500 1018 Otto
523 955 555 1018 in
577 955 636 1019 boc
648 953 772 1036 negotio
784 953 942 1044 successit
971 953 1032 1018 Sed
1044 955 1147 1018 nescio

91 1079 136 1141 quo
156 1081 227 1126 casu
247 1063 276 1126 is
300 1081 362 1127 non
384 1062 471 1126 illum
493 1063 638 1140 codicem,
661 1064 716 1126 sed
738 1061 841 1138 alium
864 1062 917 1143 qui
938 1068 1004 1126 tres
1027 1071 1147 1127 tantum

90 1169 191 1250 priores
212 1171 309 1236 libros
332 1170 516 1246 continebat,
539 1171 676 1235 conbrdt
709 1171 813 1234 Codex
834 1170 903 1250 ipse
925 1170 1012 1234 utin
1030 1171 1081 1236 illo
1093 1189 1147 1252 ge-

89 1297 148 1343 nera
169 1298 225 1342 non
248 1279 461 1360 improbabilis
483 1286 540 1343 est.

157 1386 211 1451 His
234 1387 391 1452 codicibus
414 1386 533 1452 collatis
556 1387 588 1453 id
611 1405 680 1450 sum
703 1396 879 1466 assecutus,
902 1394 938 1450 ut
959 1390 994 1451 et
1013 1387 1147 1452 melioris

87 1495 207 1560 codicum
229 1495 364 1560 familiae
386 1513 480 1558 unum
503 1494 611 1559 saltem
634 1495 979 1575 testimoniumplenum
1001 1494 1148 1559 haberem

86 1615 111 1666 et
128 1603 312 1667 deteriorum
334 1621 521 1668 consensum
534 1603 694 1667 declarare
705 1601 771 1666 fere
782 1621 915 1682 possem.
949 1603 1147 1668 Accessitbis

85 1711 205 1776 rancus
227 1711 403 1794 scripturae
425 1710 537 1776 codicis
561 1729 580 1774 a
601 1708 638 1773 P.
653 1709 782 1774 Valerio
802 1711 834 1774 in
857 1711 950 1789 illius,
973 1713 1057 1792 quod
1074 1711 1146 1790 dixi,
1266 1704 1269 1712 ’

85 1819 201 1900 exempli
224 1820 406 1884 Ascensiani
428 1819 567 1900 margine
590 1821 630 1884 ad
653 1820 732 1883 duos
755 1819 872 1899 primos
894 1819 990 1883 libros
1001 1821 1147 1900 ascripta,

85 1927 118 1990 dc
146 1947 204 2008 quo
233 1928 340 1992 codice
367 1928 436 2008 ipse
469 1928 510 1991 ad
542 1925 634 1991 linem
668 1927 737 1990 libri
771 1927 898 1991 secundi
926 1926 1002 1991 baec
1029 1928 1146 2008 posuit:

87 2034 214 2098 .Contuli
237 2035 416 2116 superiores
439 2036 517 2100 duos
539 2035 635 2099 libros
662 2036 701 2098 de
723 2033 836 2098 finibus
857 2053 927 2098 cum
950 2036 1015 2099 cod.
1040 2054 1147 2100 manu-

84 2142 188 2222 scripto
209 2161 226 2206 e
249 2143 435 2208 bibliotheca
457 2143 520 2208 divi
542 2143 641 2208 Marci
663 2141 768 2207 multis
790 2145 911 2208 mendis
934 2144 1079 2222 scatenti,
1101 2142 1147 2207 le-

84 2267 169 2330 reque
195 2253 299 2316 omnia
327 2252 422 2316 ctiam
449 2251 549 2332 primo
577 2262 706 2332 aspectu
733 2271 844 2333 parum
872 2252 1005 2334 probata
1033 2252 1146 2316 notavi.

84 2359 126 2422 Tu
146 2379 181 2424 ea
202 2359 305 2423 omnia
326 2360 383 2424 tibi
406 2377 517 2438 sumes,
540 2377 621 2440 quae
643 2379 814 2441 congruere
844 2361 1056 2443 castigatoque
1079 2379 1148 2425 esse

83 2467 265 2547 ridebuntur,
287 2485 450 2547 meamque
471 2466 662 2548 diligentiam
681 2487 719 2532 ue
735 2470 878 2548 damnes3
902 2470 928 2534 si
944 2467 1146 2532 frdssetenim

81 2575 160 2654 copia
180 2575 341 2640 meliorum
353 2575 500 2652 oodicmn,
517 2575 599 2639 bunc
611 2575 750 2656 profacto
762 2577 956 2654 abiecissem3
980 2595 1061 2642 nunc
1078 2596 1147 2642 cum

80 2699 181 2761 pamm
202 2683 403 2748 emolumenti
425 2701 468 2746 ex
499 2701 536 2748 eo
560 2701 673 2764 capere
699 2685 772 2748 mihi
801 2685 944 2763 videbar,
977 2685 1028 2750 hic
1053 2683 1147 2750 finem

80 2791 215 2854 constitui
237 2790 421 2854 collationis.
466 2790 500 2854 P.
525 2777 711 2856 Victorius.“
758 2793 859 2857 Huius
878 2793 1050 2858 collationis
1072 2793 1146 2858 mihi

80 2897 117 2960 sic
137 2897 322 2979 descriptae,
345 2906 380 2963 ut
402 2899 494 2964 etiam
517 2900 709 2964 Ascensiana
731 2901 901 2982 scriptura,
925 2920 944 2964 a
966 2919 1028 2982 qua
1050 2903 1147 2966 codex

79 3004 251 3082 ducuerat,
274 3013 488 3087 annotaretur,
511 3025 569 3088 ego
581 3012 691 3072 contra
712 3009 745 3072 id
756 3008 940 3088 institutum,
963 3009 1046 3090 quod
1059 3008 1147 3091 sequi

79 3113 161 3188 soleo,
182 3114 338 3179 delectum
359 3113 416 3178 leci
438 3121 482 3194 et,
522 3134 603 3197 quae
624 3115 788 3180 utilitatem
815 3115 931 3180 babere
953 3117 1146 3196 videbantur,

77 3219 101 3283 in
122 3223 203 3286 notis
226 3223 320 3302 posui
343 3223 526 3288 necessariis
550 3224 589 3288 de
612 3224 723 3288 causis.
762 3223 900 3288 Primum
923 3231 1043 3288 tanturn
1066 3223 1146 3289 lere

78 3331 191 3394 omnia
205 3330 367 3394 Victorius
389 3348 423 3394 se
435 3340 604 3395 annotasse
616 3332 704 3409 dicit;
726 3332 825 3396 babeo
837 3341 940 3396 autem
953 3351 1146 3412 persuasum,

77 3456 134 3500 arm
155 3439 215 3502 sub
238 3435 333 3502 finem
356 3437 451 3502 multo
463 3438 555 3520 plura
567 3439 706 3504 omisisse
729 3459 822 3520 quam
838 3439 939 3519 initio;
962 3441 1145 3522 namscrip·

2 3579 3 3606 ι
77 3555 154 3610 turae
182 3547 215 3610 in
250 3554 372 3626 septem
394 3547 503 3627 primis
530 3547 652 3628 paginis
675 3556 819 3612 enotatas
846 3549 978 3626 adeas,
1011 3567 1092 3629 quae
1114 3549 1146 3612 in

2 3653 3 3656 ’
78 3665 182 3734 septem
207 3654 379 3735 postremis
402 3661 576 3732 cnotantrn,
600 3656 751 3720 rationem
763 3655 878 3721 babent
894 3656 983 3737 dupli
994 3665 1026 3721 et
1037 3656 1145 3720 semis-

77 3762 111 3824 sis
130 3762 177 3826 rel
201 3761 301 3843 paulo
324 3763 418 3826 etiam
439 3763 596 3827 maiorem.
630 3761 751 3828 Deinde
773 3773 842 3828 erat
864 3765 1060 3847 quaedamin
1073 3765 1145 3828 Vic-

74 3871 133 3934 torii
154 3870 241 3934 notis
266 3869 449 3949 obscuritas,
472 3872 556 3952 quod
568 3872 806 3937 etcouiecturae
827 3872 1030 3953 interpositae
1047 3878 1146 3952 erant,

75 3975 163 4042 littera
186 3997 206 4041 c
227 3983 287 4040 aut
307 3976 336 4058 q·
356 3979 559 4059 praescripta,
583 3985 615 4043 et
636 3999 867 4062 nonnumquam
884 3981 1059 4061 scripturae
1071 3999 1145 4044 eao-

2 4069 3 4150 }
75 4092 144 4150 aaa
165 4085 422 4167 superscriptum
432 4105 459 4168 9,
483 4088 566 4167 quod
588 4088 742 4168 probandi
764 4087 1020 4170 significationem
1030 4089 1145 4154 habere

75 4193 197 4272 tidctm,
226 4193 340 4274 paucis
362 4192 437 4258 locis
460 4195 600 4259 additum
623 4194 695 4259 Aba.
719 4197 855 4278 (Aldus).
900 4197 970 4262 Uno
993 4205 1025 4262 et
1046 4198 1145 4263 altero

74 4299 127 4364 bro
146 4301 376 4384 superpositae
398 4301 429 4365 in
452 4309 598 4367 contextu
608 4305 712 4369 verbis
724 4304 847 4370 litterae
858 4312 957 4384 erant,
979 4323 1144 4387 quaecon-

2 4449 3 4472 r
75 4405 174 4476 latura
186 4418 288 4476 natas
299 4410 508 4475 correctiones
519 4413 677 4478 continere
688 4412 881 4491 videbantur,
905 4421 939 4476 ut
952 4414 1144 4493 Lirbvmbis

2 4900 5 4997 l
