2948 5024
353 417 383 464 nr
406 417 486 464 ιιιιι.
510 417 572 464 nra.
596 417 617 464 ιι
640 417 712 464 oar.
731 423 772 466 es.
1025 403 1086 467 737

128 596 163 652 tas
179 593 319 652 nutaverunt
349 587 384 651 lta
406 587 589 669 relinquitur
610 587 676 652 sola
704 587 780 652 haee
807 587 969 669 disciplina
995 589 1089 672 digna

123 691 228 755 radiosis
235 689 378 771 ingenuarum
392 689 514 768 artium,
536 689 630 771 digna
645 689 783 769 cnidiae,
795 689 890 770 digna
900 691 992 756 claris
1003 692 1088 771 viris,

119 793 188 874 digna
209 792 354 873 principibus,
370 791 460 873 digna
487 792 621 873 regibus.
670 791 720 857 75.
745 793 831 870 Quae
864 809 934 856 curn
958 793 1090 859 dixisset

114 895 221 976 paulunq
224 911 251 959 ne
274 893 398 958 institisset
403 893 521 971 ‚Quid
549 895 658 958 est?
649 894 762 976 inquit3
735 895 913 960 teatisne
934 895 1087 960 vobisvi·

111 999 169 1062 deor
183 1015 226 1078 pro
242 1015 292 1060 neo
308 995 357 1060 iure
373 996 402 1062 in
419 997 531 1062 vestris
548 997 675 1062 auribus
692 1001 937 1062 commentatus
924 997 999 1062 lEt
1015 1005 1126 1080 θροεῖ)

154 1207 171 1252 t.
183 1201 314 1265 pannqasli
342 1199 404 1268 [quod
421 1199 470 1269 ns]
526 1202 586 1250 eald
604 1217 652 1251 orn.
672 1195 696 1251 Ε
714 1209 821 1266 (retento
838 1203 878 1266 ne)
913 1203 978 1252 υοὸϊι
996 1203 1087 1255 omli

97 1269 167 1320 sarim
181 1269 243 1320 erilem
256 1269 305 1320 robis
319 1271 336 1319 li
351 1268 416 1336 [uobis
434 1279 459 1320 et
476 1285 537 1320 mox
554 1271 641 1320 ommis
659 1269 709 1338 ish]
769 1275 791 1323 6.
811 1271 983 1322 commendatas
1003 1271 1086 1341 [Emi.

158 1479 195 1536 75.
217 1477 449 1552 eademnque)
483 1477 556 1536 Cod.
580 1477 670 1536 Mon:
708 1477 782 1546 Quid
788 1487 800 1536 t
827 1481 922 1554 inquit,
946 1489 976 1536 et
997 1480 1086 1556 paulo

98 1573 138 1620 nte
154 1564 486 1640 omittitdtpnepmmpibus.
509 1561 682 1641 [Parumque
704 1564 792 1622 etiam
814 1565 854 1635 Β,
884 1585 922 1622 ex
944 1583 1002 1640 quo
1023 1567 1087 1623 lieri

97 1659 171 1707 otest:
190 1652 282 1708 diceret
299 1659 319 1706 et
333 1669 474 1725 parumper
495 1652 556 1706 inst.
579 1657 631 1706 aut
653 1651 709 1706 dia.
728 1669 931 1728 parumperque
952 1649 1028 1729 inst]

145 1739 271 1793 sutelae-
277 1755 323 1811 pro
340 1755 389 1792 meo
410 1738 467 1792 inre
488 1737 516 1791 in
537 1739 633 1792 vestrm
649 1736 761 1792 auribus
777 1735 999 1812 cmnmenmteet)
1022 1737 1088 1794 Hoc

97 1833 120 1877 t:
148 1820 248 1880 Satisne
272 1820 342 1878 vobis
366 1820 466 1878 videor
492 1821 555 1877 iure
589 1839 653 1878 meo
676 1820 769 1897 (quod
792 1821 862 1878 mihi
891 1822 1086 1893 concessistis,

97 1927 119 1963 m
139 1925 179 1963 me
199 1907 282 1964 dicere
300 1903 431 1986 iussistis)
455 1925 525 1964 usne
548 1924 612 1964 esse
634 1915 665 1962 et
686 1905 770 1963 vobis
793 1906 979 1964 audientibus
1002 1908 1086 1982 quasi

97 2011 130 2048 ae
151 1992 343 2050 exercitationis
363 2009 449 2048 cauea
460 2001 673 2049 commentatus
696 1989 779 2048 esse?
802 1991 1084 2051 commentationem

98 2099 120 2134 m
142 2079 209 2134 hanc
227 2077 309 2136 luisse
330 2077 477 2153 signifieat,
501 2077 627 2134 hominis
649 2077 702 2134 has
719 2095 766 2136 ree
779 2077 964 2136 mediocriter
985 2087 1087 2137 tenen·

98 2182 141 2219 rec
151 2182 196 2220 eae
207 2182 340 2240 exponere
356 2163 473 2234 mereti,
496 2181 554 2220 non
571 2171 737 2219 accuratam
760 2172 790 2219 et
811 2172 1015 2238 praeparatam
1037 2185 1088 2222 ve·

97 2269 105 2306 ι
131 2249 253 2325 magistri
274 2249 394 2306 scholam
418 2248 640 2306 elocutionem.
679 2249 712 2304 In
734 2249 846 2306 aum'dus
867 2252 962 2306 vestris
984 2251 1086 2308 eodem

97 2336 116 2392 ὀ
139 2334 240 2391 dicitur
260 2353 315 2408 qno
336 2336 361 2390 in
382 2354 426 2390 ere
448 2344 528 2408 atque
550 2337 575 2390 in
594 2335 677 2390 cecide
694 2337 848 2408 prmn'nciae
869 2337 977 2410 aliquid
995 2356 1087 2410 perere

97 2440 123 2475 r.
136 2419 176 2491 H,
189 2421 241 2490 813
264 2419 313 2476 cfr.
335 2420 430 2476 Hand.
443 2421 529 2478 Ture.
541 2419 590 2477 ΠΙ
602 2438 629 2493 p.
643 2420 704 2502 250
717 2429 747 2477 et
757 2417 873 2498 lexic.);
896 2429 985 2494 atque
997 2421 1085 2480 etiam

97 2506 189 2580 ipsum
213 2506 368 2562 securibus
389 2505 497 2582 legitur
518 2505 555 2561 ad
578 2504 614 2577 Q.
631 2505 680 2562 Fr.
692 2506 717 2576 Ι,
740 2509 766 2576 1,
792 2507 825 2562 9:
853 2509 932 2562 istem
953 2508 1084 2579 virtutem,

98 2595 216 2648 mironem
237 2593 327 2661 animi,
350 2593 549 2666 temperantiam
572 2623 613 2631 —
635 2593 662 2646 in
685 2593 742 2648 lace
762 2591 854 2662 Amce,
877 2594 904 2648 ie
926 2593 1008 2649 oculas
1029 2596 1085 2650 cla·

97 2697 132 2733 ae
148 2679 305 2752 provinciae
326 2685 407 2751 atquae
428 2679 454 2732 in
476 2677 587 2733 cumbae
609 2679 723 2732 omnium
748 2681 864 2750 partiam
891 2695 924 2734 ee
951 2681 1085 2736 antimum

97 2765 213 2818 rosetum.
264 2762 388 2819 Tacitus
421 2762 494 2819 dicit
519 2763 596 2836 apud
622 2781 702 2818 auree
729 2765 842 2819 alicuine
870 2760 962 2840 (Hist.
985 2763 1009 2833 Ι,
1034 2765 1084 2836 26,

98 2891 100 2902 ,
126 2848 192 2922 44).
240 2847 352 2905 Satemre
375 2866 433 2904 non
456 2847 590 2922 proxime
607 2865 672 2903 cum
696 2847 837 2905 solieillis
849 2849 947 2905 verbis
966 2868 1085 2924 promea

100 2935 137 2990 ed
162 2953 231 2990 cum
256 2941 322 2990 tota
346 2933 551 3008 complexione
574 2933 730 2990 verborum
753 2933 954 3010 coniungitur3
974 2954 1086 3009 proauo

98 3028 169 3076 rtem
195 3019 262 3094 agit
286 3016 351 3096 (cui
377 3019 553 3076 contrarium
578 3022 765 3093 estprecario
787 3029 890 3075 etcum
913 3018 1011 3094 venia),
1035 3021 1085 3094 qui

98 3125 140 3161 ιιιι
168 3112 256 3161 tenet
280 3105 391 3181 (Tusc.
414 3100 472 3174 ΠΙ,
489 3103 542 3178 20)
565 3115 596 3160 et
616 3103 659 3160 ite
681 3103 737 3162 eibi
755 3121 842 3180 agere
864 3105 952 3160 licere
966 3115 1084 3162 eonten-

98 3191 178 3247 niam
202 3207 267 3246 non
293 3199 422 3266 petens;
445 3187 626 3268 (Ernestium
656 3190 742 3260 libere,
765 3209 849 3245 meum
871 3192 987 3246 studium
1011 3210 1084 3247 eece·

97 3277 216 3332 ernius:
243 3278 356 3332 Μειήει
382 3277 440 3346 Ilm,
464 3276 505 3332 e'cd
518 3275 584 3332 labe
596 3276 759 3348 liuldnyliclr
774 3278 871 3332 meires
883 3275 997 3332 Reelrtee
1015 3279 1083 3333 mich

97 3365 114 3422 l.
153 3362 277 3435 Itaque
303 3361 338 3418 in
361 3361 531 3430 Verr.V‚2
554 3360 627 3417 haee
650 3361 799 3418 dicuntur:
823 3371 877 3417 tam
899 3361 1085 3436 deprecabitur

112 3457 177 3503 tum
204 3450 298 3503 etalem
319 3465 382 3522 pro
405 3467 453 3503 sao
475 3449 532 3502 iare
553 3449 698 3516 contendet,
722 3466 754 3502 ne
771 3449 917 3520 patiemini
937 3455 1007 3516 cet,
1030 3465 1084 3504 nec

98 3553 145 3589 tre
171 3533 400 3590 Hortensium
423 3532 452 3588 id
476 3532 652 3589 contendere
664 3550 749 3607 posse
761 3531 865 3590 Cicero
876 3531 1083 3602 confitebatur3

109 3619 243 3675 Flacco
262 3619 327 3673 95:
350 3637 410 3692 pro
432 3637 487 3674 meo
508 3620 566 3673 iere
587 3619 647 3674 dico
669 3616 775 3695 (libere
799 3618 865 3674 dico
888 3637 950 3688 nec,
974 3627 1007 3674 ut
1018 3636 1083 3675 cum

98 3705 132 3760 ia
147 3704 320 3774 audientia,
350 3702 490 3779 precor);
514 3703 551 3760 ad
562 3703 644 3760 Fam.
657 3703 747 3770 xm,
762 3704 811 3772 50,
829 3706 854 3773 1,
867 3704 905 3760 ad
916 3706 980 3761 Ate
992 3705 1050 3774 ΠΙ,
1065 3705 1082 3760 2

117 3794 201 3860 iure,
232 3789 271 3846 id
301 3799 377 3860 est,
404 3789 512 3846 nullius
534 3789 630 3864 gratia
652 3807 746 3863 neque
769 3788 952 3865 indulgentia
973 3788 1082 3866 utens),

98 3877 148 3946 Π,
168 3876 248 3931 294
280 3872 372 3954 (ιιοιι
398 3873 527 3931 affirmat
548 3875 712 3944 Antonius,
745 3874 808 3930 iure
831 3893 862 3930 se
885 3875 936 3930 illa
958 3893 1082 3944 sumere,

98 3980 199 4018 isram
238 3978 285 4016 ea
322 3960 428 4038 libera
456 3969 486 4016 et
518 3969 619 4034 aperte
647 3969 795 4034 tamquam
824 3978 877 4016 sua
909 3958 1082 4036 vindicare),

97 4048 116 4103 d
148 4047 329 4103 Herenn.
346 4047 411 4116 IV,
424 4047 474 4116 48,
498 4047 617 4104 Terent.
628 4045 757 4120 Adelph.
769 4045 794 4116 Ι,
811 4047 836 4114 1,
852 4045 890 4102 27
914 4043 978 4122 (ubi
996 4049 1083 4102 omma

97 4153 146 4188 tre
175 4151 287 4206 affere
318 4141 378 4189 est
402 4132 453 4200 ita,
477 4139 510 4188 ut
532 4131 603 4188 mihi
621 4150 674 4206 pro
686 4131 783 4206 patrie
794 4140 940 4205 potestate
952 4129 1083 4210 licebat).

98 4237 197 4274 runc
228 4219 366 4274 locum
393 4217 537 4292 pluribus,
560 4217 639 4291 quod
661 4225 690 4273 et
706 4216 775 4273 olim
793 4216 910 4290 quidam
928 4216 1085 4274 haeserant

99 4325 103 4356 ·,
137 4303 238 4362 Gzii
270 4303 492 4360 incredibiles
514 4321 637 4366 errores,
660 4302 787 4359 maxime
798 4302 828 4358 in
846 4302 1009 4375 Addendis‚
1031 4303 1083 4360 ubi

844 4419 877 4472 47
