2944 5040
449 431 623 480 nxcunsns
645 433 666 478 1.
1030 412 1092 476 189

111 611 138 659 At
153 615 171 660 et
186 615 231 664 cet.
246 603 289 664 sed.
307 603 403 679 priore
426 605 575 665 absoluto,
599 623 664 661 eum
694 604 775 678 sequi
804 603 938 660 deberet:
971 613 1009 670 et,
1038 623 1098 659 cnm

104 693 181 745 nointu
197 691 306 746 tusdrit'norn
327 693 448 764 corpeus
470 693 605 751 inuenerit.
628 691 795 764 sibiquopne
818 691 917 744 ntedeto'
935 707 1014 764 posse
1035 708 1096 745 eou-

103 785 212 830 cornuum
228 785 262 840 ut,
272 794 312 850 pro
323 794 359 831 eo
377 775 528 832 substituit
540 776 608 831 hoc:
636 780 691 842 Qui
705 795 766 831 cero
774 775 889 850 probari
910 784 999 849 potest
1020 781 1097 830 cet?

101 863 134 917 lle
152 861 249 921 Oratll.
264 862 305 916 98:
331 862 405 934 quod
426 871 450 917 et
472 865 498 916 iu
521 863 592 916 vobis
614 862 792 916 unirnoduerti
819 871 888 916 recte
906 869 1007 934 pelean
1030 859 1098 915 hnic
1196 927 1198 933 Ι

98 945 215 1022 respondet
232 946 296 1002 illud:
315 947 409 1020 Neque
431 966 492 1003 uero
514 957 598 1003 cester
620 948 743 1020 ueqrcob's
763 945 844 1002 Curio
867 955 922 1001 cet.
955 945 1001 1001 De
1014 944 1098 1002 Divi·

94 1045 140 1088 not.
159 1031 176 1097 1,
196 1033 239 1088 111
256 1039 393 1106 postquam
410 1030 453 1105 Q.
478 1031 581 1089 Cicero
606 1031 696 1100 dixit,
731 1031 851 1087 concedi
874 1048 892 1086 a
914 1029 1099 1104 quibusdam,

92 1131 115 1174 ut
134 1117 212 1173 saltem
229 1117 272 1173 duo
290 1117 344 1172 sint
355 1135 463 1192 genera
475 1117 675 1188 divinationis,
698 1116 922 1173 vaticinationes
934 1125 963 1172 et
975 1116 1098 1185 somnia,

88 1204 122 1259 sic
140 1203 238 1258 orditur:
255 1203 317 1276 Erpo
338 1213 362 1259 et
385 1206 412 1269 ii,
436 1223 548 1277 qnorrun
571 1206 655 1260 onitni
675 1211 746 1269 cet,
776 1202 868 1258 multa
890 1201 995 1257 deinde
1017 1201 1100 1257 addit

85 1289 113 1343 dn
132 1288 168 1349 iis.
187 1306 281 1362 qnornnr
300 1298 444 1344 commota
466 1307 548 1346 mens
571 1288 756 1357 vaticinetur,
779 1297 840 1344 turn
865 1287 953 1356 §lto
971 1286 1098 1360 priorem

82 1385 173 1448 portent
192 1373 291 1429 absolvit
316 1384 346 1430 et
374 1374 411 1429 ad
439 1373 575 1433 alteram.
610 1393 685 1448 quae
713 1373 743 1429 in
772 1372 892 1432 sonrniis
920 1371 1015 1446 posita
1044 1381 1097 1438 est,

80 1459 178 1514 transite
205 1463 275 1532 Atque
294 1459 354 1514 lucc
376 1461 482 1532 quidem
506 1469 594 1516 tnrtnnt
624 1463 692 1514 ratio
714 1468 768 1525 est,
802 1477 848 1514 uec
875 1459 1012 1514 dt'sot'milt'a
1034 1477 1099 1513 ronne

76 1547 215 1599 ,ororroomrn
242 1543 365 1600 1111116
389 1555 544 1620 postquem
568 1544 603 1601 de
626 1543 679 1601 lati
698 1544 816 1600 notione
834 1542 1010 1610 dictumest,
1033 1561 1099 1617 per-

73 1631 110 1704 git
131 1628 248 1702 Quintus:
267 1631 303 1686 ltu
322 1631 367 1702 sit,
393 1641 421 1686 ut
449 1641 479 1686 et
507 1631 747 1686 observatione
779 1631 868 1686 notari
894 1632 996 1704 possit,
1029 1647 1099 1701 quae

70 1736 107 1770 nu
142 1734 253 1788 potuque
283 1734 389 1772 carosam
425 1719 584 1790 plerumque
616 1725 795 1789 emereqnotur
828 1725 881 1772 eet.
937 1713 1030 1770 Plane
1069 1713 1099 1768 in

67 1800 183 1856 lrocloco
202 1799 379 1857 calumniatur
395 1801 530 1858 Handins
553 1821 581 1876 p.
601 1801 677 1865 51&
701 1800 770 1874 quid
794 1799 872 1856 enim
894 1798 1099 1855 observatione

63 1895 174 1950 notetur,
194 1895 308 1960 apertum
333 1894 391 1954 est3
414 1885 466 1944 sed
488 1887 618 1962 ineptum
631 1896 675 1942 est
692 1889 779 1942 stiunt.
802 1903 867 1942 cunr
894 1884 968 1941 nihil
991 1883 1100 1940 adicia-

64 1983 114 2030 fnr:
146 1980 234 2027 contre
258 1981 330 2027 recte
359 1971 466 2046 duplex
501 1990 593 2046 genus
621 1971 810 2028 divinationis
839 1989 854 2026 e
883 1969 944 2026 lato
974 1965 1106 2033 ducittnst

63 2058 167 2112 tltertun
188 2055 387 2113 observationis
410 2058 532 2124 stertis,
555 2056 679 2114 alterurn
691 2056 834 2122 naturale,
857 2054 966 2112 luroris
977 2065 1007 2110 et
1023 2073 1100 2110 sorn-

63 2143 171 2210 ¹riorum;
201 2141 291 2214 itaque
319 2139 411 2216 (quod
434 2143 497 2218 ipse
520 2161 713 2218 exposueram
736 2141 766 2197 in
788 2141 926 2198 Seebodii
953 2139 1100 2205 tabulario

64 2271 69 2282 .
87 2228 162 2283 1829
183 2245 208 2282 n.
221 2227 270 2298 34)
291 2227 452 2302 particulae
469 2237 583 2284 streete
596 2227 715 2285 Giesius
727 2227 800 2283 vidit
817 2225 995 2301 respondere
1012 2226 1100 2282 haec:

64 2315 195 2386 fulcraque
220 2333 312 2369 cerasus
340 2317 397 2370 ucri
422 2315 506 2370 simile
533 2324 572 2370 est
600 2333 688 2369 rernm
704 2317 864 2386 futurorum
892 2314 965 2368 cerui
993 2311 1027 2367 ab
1057 2315 1100 2381 iio,

63 2403 87 2454 ’n'
107 2409 153 2454 ‹zut
164 2417 216 2472 pet·
229 2401 348 2472 Jitrcrcm
371 2419 416 2455 cao
438 2410 486 2456 unt
508 2402 533 2455 t'u
557 2403 643 2472 quiete
666 2401 779 2454 sulcant.
811 2397 878 2454 Non
890 2397 987 2452 minus
999 2405 1102 2471 aperta

63 2483 178 2540 ‚lnurnio
200 2484 332 2540 Handins
354 2484 447 2541 utitur
469 2485 499 2540 in
522 2484 608 2542 huius
630 2483 728 2559 operis
751 2484 787 2539 de
810 2482 916 2540 finibus
933 2482 999 2538 libr.
1012 2482 1036 2550 I,
1051 2483 1100 2552 40,

89 2589 147 2642 qno
170 2569 282 2644 (eedem
295 2575 376 2646 pag.)
399 2569 441 2626 sie
453 2569 593 2644 loquitur,
616 2579 764 2642 tamqnam
777 2587 831 2626 nos
843 2568 983 2638 dicemus,
1006 2585 1102 2642 grern·

64 2655 132 2710 uice
156 2654 286 2730 copulari
310 2655 483 2730 particulam
507 2666 532 2711 et
553 2673 661 2729 eaque,
690 2673 765 2728 quae
793 2673 847 2729 pro
870 2654 963 2710 altero
986 2663 1011 2710 et
1033 2654 1101 2709 snb·

64 2753 192 2810 tuantur,
216 2759 251 2796 ac
274 2759 342 2800 non.
368 2741 439 2796 haec
461 2741 549 2797 aliern
573 2740 681 2797 habere
704 2739 845 2796 orationis
869 2738 1008 2808 lormarn,
1042 2737 1101 2813 ipsi

64 2843 189 2882 ruamus,
230 2825 420 2900 Itaquesane
444 2843 479 2882 ea
501 2838 545 2882 est
568 2825 726 2894 sententia,
762 2843 836 2898 quae
864 2824 1037 2898 requiritur,
1071 2823 1101 2880 in

90 2911 223 2977 homine,
248 2911 347 2986 qualis
370 2911 533 2986 descriptus
555 2911 603 2976 sit,
626 2911 725 2967 omnia
747 2929 820 2980 esse,
844 2929 919 2984 qnae
936 2908 1102 2966 adbeatam

64 3017 101 3051 un
127 2997 314 3070 pertineant.
339 3006 369 3052 et.
391 2997 556 3053 firmitatem
581 2997 680 3058 animi,
704 3013 757 3052 nee
770 3004 891 3052 mortem
906 3013 959 3050 nec
970 2995 1101 3051 dolorem

64 3082 157 3141 entis.
196 3091 228 3138 et
253 3091 383 3138 mentem
407 3082 488 3138 nullo
511 3083 629 3138 deorum
653 3082 774 3138 horrore
797 3081 961 3156 perculsam
990 3091 1019 3136 et
1041 3098 1102 3136 rne-

64 3169 129 3223 ianr
158 3167 356 3243 voluptatum
381 3167 614 3243 praeteritarum.
659 3167 705 3224 Ne
727 3165 789 3222 ulle
813 3165 996 3240 relinquatur
1018 3165 1102 3220 dnbi-

65 3272 84 3319 ),
112 3263 147 3309 nrt
174 3253 227 3310 hic
252 3272 313 3328 pro
336 3253 429 3309 altero
452 3263 476 3309 et
494 3253 652 3309 subicitur:
676 3254 722 3308 Ad
744 3271 844 3308 eccum
863 3253 974 3318 accedit,
997 3249 1101 3307 sieIII

65 3351 126 3394 rat.
137 3339 182 3394 65
192 3348 225 3394 et
240 3339 284 3395 66
300 3357 355 3413 pro
367 3339 459 3395 altero
472 3341 512 3395 vel
523 3338 724 3395 substituitur:
742 3339 861 3406 Accedit,
873 3337 947 3410 quod
958 3333 1102 3415 cet.(Il').

65 3425 112 3479 itt.
131 3423 242 3482 Orett.
261 3425 305 3480 50
330 3441 394 3480 curn
419 3424 542 3480 dixisset
565 3423 684 3482 Ciceros
708 3424 795 3497 Saepe
814 3427 892 3479 etium
905 3421 1102 3496 pescationibus

65 3512 179 3565 ,aretham
206 3519 263 3578 est,
292 3527 398 3566 carneas
421 3509 463 3565 ita
486 3510 634 3586 adiungit,
659 3519 691 3564 nt
714 3527 772 3565 non
795 3527 853 3565 uno
876 3507 963 3564 modo
986 3526 1036 3564 eas
1059 3507 1103 3563 in·

66 3597 96 3650 ri
125 3595 238 3650 dieat:
266 3597 348 3668 quod
369 3604 399 3650 et
422 3597 537 3652 (lolorou
553 3597 689 3668 Jupieuteo
711 3596 788 3650 multi
809 3597 835 3649 in
858 3596 993 3650 terrueritis
1015 3613 1103 3649 emetr-

65 3699 198 3755 ersaepe
232 3683 297 3736 sint
329 3683 448 3754 mor-ique
477 3683 618 3736 maluerint
633 3679 1104 3753 J'crlswnsotendopauoriufitiundo

70 3791 80 3827 ,·
110 3787 140 3821 m
151 3787 172 3821 re
181 3768 235 3822 lei
260 3768 374 3822 etiam
396 3785 472 3821 orcam
485 3769 567 3821 oo'tom
587 3767 747 3838 neplecert'nt
770 3775 825 3821 cet.
836 3799 878 3806 —
891 3767 940 3820 atii
949 3775 1035 3820 autem
1049 3772 1103 3820 cet.

65 3871 146 3908 son.
165 3851 216 3908 83
247 3849 377 3930 (Notata
400 3871 418 3907 a
440 3851 515 3907 nodie
538 3861 599 3907 stent
621 3860 645 3908 et
663 3853 755 3926 premo
777 3853 825 3906 illa
838 3851 1104 3906 sceleroiucduentu

65 3939 231 4012 ineptum
263 3947 319 3994 est
341 3946 373 4005 et,
398 3936 422 3993 si
445 3954 499 4011 pro
522 3940 600 3992 etrum
622 3935 781 4011 accipitur;
805 3934 880 3992 dixit
898 3935 973 3991 eninr
989 3933 1103 4004 Cicero,

66 4035 77 4078 t
118 4022 260 4079 ceteris
305 4022 491 4079 senatoribus
524 4041 581 4078 non
613 4021 729 4096 ignotas
760 4039 823 4078 esse
847 4019 964 4077 Pisonis
988 4019 1104 4094 imperii

81 4108 131 4164 ad
164 4125 231 4164 eas
263 4127 333 4164 non
357 4107 467 4181 aliquid
481 4107 572 4170 addit,
596 4107 645 4164 sed
669 4107 749 4181 ipsas
772 4107 814 4163 sic
837 4124 1009 4162 enumerare
1032 4105 1104 4162 inci·

93 4205 135 4250 et.
166 4193 351 4249 adventus
379 4192 490 4250 scelere
519 4203 547 4249 et
576 4192 741 4267 posteriora
767 4211 797 4248 se
826 4191 1105 4266 comprehensurum

66 4291 119 4340 tt:
153 4278 225 4335 sed
258 4278 299 4334 in
327 4279 429 4354 primis
451 4277 511 4334 illis
533 4277 666 4334 nonnihil
691 4277 849 4352 digressus,
873 4277 1105 4334 sicadenurne·

66 4385 97 4420 ur
133 4363 244 4420 redit
277 4366 372 4434 §84²
397 4365 524 4437 Idemque
546 4374 574 4419 tu
598 4363 779 4419 Rabocentum
803 4375 858 4419 eet.
903 4363 980 4420 Tum
1007 4372 1105 4419 cetera
