3000 5044
311 369 375 434 506
703 391 747 435 nn
769 388 899 436 sturnus
922 391 992 436 nos.

311 558 496 622 curatricem
530 576 599 622 esse
631 558 758 636 velient,
803 577 883 640 quae
927 567 1012 624 osset
1048 567 1179 626 naturae
1217 581 1321 626 comes
1357 573 1388 625 et

312 660 455 738 adiutrix,
478 659 535 724 boc
557 660 727 740 sapientiae
749 679 860 726 munus
882 681 951 726 esse
973 663 1129 741 dicebant,
1151 673 1195 742 ut,
1223 682 1291 726 acm
1314 681 1387 728 eum

314 767 467 840 tueretur,
501 763 553 844 qui
582 769 740 827 constaret
772 781 810 828 ex
837 765 939 828 animo
968 773 1000 828 et
1020 783 1166 846 corpore,
1198 766 1229 831 in
1251 773 1389 848 utroque

313 864 434 931 iuvaret
455 883 525 928 eum
546 884 583 930 sc
605 866 783 930 contineret.
825 868 929 958 Atque
956 866 1000 930 ita
1028 885 1062 932 re
1084 868 1262 950 simpliciter
1283 869 1389 948 primo

274 966 296 1028 b
314 967 471 1044 collocata,
494 967 612 1048 reliqua
634 968 776 1032 subtilius
798 975 1032 1050 persequentes,
1055 971 1195 1050 corporis
1206 971 1288 1034 bona
1312 969 1388 1034 faci·

314 1069 373 1132 lem
397 1071 553 1150 quandam
576 1071 726 1135 rationem
749 1070 864 1135 babere
891 1072 1071 1150 censebaut;
1108 1073 1148 1137 de
1174 1073 1266 1137 aninri
1297 1073 1390 1137 bonis

313 1172 487 1236 accuratius
510 1173 722 1253 exquirebant,
744 1173 775 1236 iu
798 1173 967 1255 primisque
986 1173 1190 1254 reperiebant
1213 1195 1284 1240 esse
1299 1176 1335 1238 in
1352 1175 1389 1238 iis

312 1273 448 1338 iustitiae
469 1274 603 1352 semina,
637 1274 791 1355 primique
819 1293 856 1338 ex
884 1275 1026 1340 omnibus
1053 1277 1246 1358 pbilosophis
1274 1283 1390 1342 natura

313 1375 462 1440 tributum
484 1394 553 1440 esse
575 1377 756 1454 docuerunt
779 1385 815 1440 ut
834 1377 863 1454 ii,
886 1377 939 1458 qui
961 1379 1115 1457 procreati
1134 1385 1248 1454 essent
1272 1397 1291 1442 a
1313 1398 1390 1460 pro·

256 1477 297 1540 10
314 1478 506 1542 creatoribus
529 1487 716 1558 amarentur,
738 1485 784 1556 et,
812 1478 845 1543 id
867 1481 950 1561 quod
974 1489 1147 1562 temporum
1175 1482 1286 1546 ordine
1307 1481 1390 1545 anti-

384 1719 405 1766 1.
424 1725 503 1767 noster
519 1717 737 1782 (probaturum
790 1723 812 1768 2.
832 1735 883 1768 cum
901 1733 942 1768 om
972 1717 1156 1787 [matram.
1200 1729 1226 1770 ut
1243 1737 1295 1770 cum
1312 1729 1390 1770 tuae·

313 1795 351 1835 tur
366 1787 385 1836 C
421 1793 444 1840 ⁴.
462 1787 522 1837 enim
539 1787 698 1848 inserueram,
717 1803 813 1848 omae,
830 1788 852 1836 E
896 1796 968 1852 atque
985 1791 1042 1853 (pro
1055 1795 1092 1850 ec)
1113 1789 1197 1840 LOOr.
1239 1789 1317 1854 primo
1335 1788 1391 1837 sira·

311 1855 406 1920 pliciter
423 1854 558 1910 LPCROr.
616 1854 761 1918 5.sace'lc'tcr
779 1857 800 1907 C
854 1859 873 1904 7,
895 1874 945 1906 esse
964 1856 986 1904 ia
1004 1856 1040 1905 ab
1059 1857 1080 1905 E
1099 1857 1121 1906 in
1139 1858 1184 1906 biis
1202 1875 1254 1908 esee
1273 1859 1294 1908 C
1312 1857 1337 1906 iu
1356 1856 1391 1904 bis

315 1923 353 1985 (iic
367 1925 396 1984 R)
414 1926 489 1975 inesse
499 1924 544 1972 PR
561 1923 636 1974 inesse
644 1924 681 1976 ab
692 1927 709 1973 1,
727 1925 803 1974 inesse
816 1924 884 1974 iubis
894 1925 937 1974 Or.
974 1933 997 1973 tt.
1016 1943 1032 1974 a
1051 1935 1139 1975 actura
1149 1926 1236 1978 PCOr.
1275 1931 1297 1976 9.
1313 1925 1341 1974 bi
1348 1926 1391 1975 Lc

405 2135 451 2190 17.
474 2144 511 2203 ut,
534 2153 592 2190 curu
615 2153 674 2190 emo
696 2143 827 2204 laceratam,
851 2138 899 2208 qui
920 2169 970 2205 —‚
994 2138 1020 2190 iu
1044 2145 1154 2208 utroque
1171 2133 1243 2212 cet.)
1279 2135 1391 2191 Neces-

315 2221 421 2276 sariam
446 2229 475 2275 et
498 2229 607 2276 certam
631 2220 864 2276 emendationem
887 2219 1016 2277 adhibui.
1052 2221 1214 2293 Quisenim
1227 2220 1391 2279 nouvidet.

315 2305 358 2362 sic
380 2315 582 2380 argumentum
606 2302 761 2361 concludi?
785 2305 938 2381 Sapientia
960 2306 1190 2363 totiushorninis
1213 2315 1257 2362 est
1275 2315 1390 2370 custos;

315 2391 403 2448 borno
426 2399 542 2448 constat
564 2409 600 2446 ex
623 2391 721 2448 animo
744 2401 774 2446 et
797 2408 935 2466 corpore3
958 2410 1029 2467 ergo
1051 2391 1081 2447 in
1105 2401 1230 2466 utroque
1253 2409 1320 2446 euni
1346 2391 1391 2446 in-

315 2495 386 2532 vare
409 2477 503 2532 debet.
531 2477 636 2550 Itaque
658 2476 688 2532 in
700 2477 756 2533 boc
768 2485 917 2552 postremo
928 2477 1062 2534 concludi
1076 2477 1171 2546 debet,
1195 2476 1270 2533 illud
1281 2485 1390 2540 autern,

314 2562 477 2637 sapientiae
510 2562 610 2618 datum
638 2580 702 2618 esee
729 2563 868 2619 tuendum
897 2563 1006 2619 anirnal
1029 2582 1065 2618 ex
1089 2563 1187 2619 animo
1215 2571 1245 2618 et
1266 2579 1391 2637 corpore

315 2655 462 2718 constans,
486 2636 653 2716 assumitur,
677 2647 815 2721 quoniam
838 2659 906 2704 ante
929 2647 1038 2704 dictum
1062 2659 1120 2718 est,
1150 2658 1178 2704 et
1201 2665 1239 2704 ex
1262 2666 1298 2704 eo
1321 2665 1390 2704 con-

316 2733 409 2790 clusio
432 2733 533 2790 oritur.
566 2733 722 2789 Librorum
736 2733 883 2808 scriptura
904 2733 993 2790 etiam
1016 2735 1178 2810 asyndeton
1202 2730 1390 2790 intolerabiie

315 2818 418 2875 habet:
442 2827 471 2875 ut
493 2839 550 2876 eum
574 2828 691 2874 tueretur
714 2852 764 2890 -‚
788 2823 814 2874 ia
837 2829 949 2893 retroque
972 2823 1082 2875 iuvaret.
1118 2819 1239 2876 Excidit
1249 2838 1309 2874 carra
1322 2827 1391 2874 ante

315 2925 372 2961 euru
396 2914 427 2961 ut
450 2914 517 2980 post
539 2906 613 2978 quod
635 2905 675 2973 ΙΙ,
700 2905 750 2974 82,
773 2907 847 2978 quod
868 2914 936 2961 ante
959 2923 1017 2961 cram
1041 2905 1088 2960 hic
1111 2909 1125 2974 ς
1154 2906 1199 2961 19.

400 3010 432 3046 uc
454 2990 608 3064 contineret)
641 2987 705 3070 [Sic
729 2991 762 3058 B,
786 2991 869 3047 Parr.
891 2993 916 3057 1,
936 2991 964 3055 3,
993 2990 1051 3047 duo
1068 2989 1146 3048 Gaii.
1191 2992 1300 3058 Antea,
1325 3007 1389 3046 curu

315 3086 448 3152 putarem
472 3076 500 3133 in
524 3076 585 3132 Eri.
609 3087 638 3132 et
661 3075 738 3150 Spin.
762 3094 825 3132 esse
848 3079 950 3132 iuuaret
966 3080 1117 3145 conu'ueret,
1140 3075 1316 3150 scripseram
1334 3093 1390 3130 meru

314 3166 418 3218 iuuaret
439 3173 463 3219 et
485 3157 648 3241 contineret]

400 3267 457 3304 cese
478 3251 505 3304 ia
526 3246 574 3325 iis)
602 3248 698 3304 Etiam
723 3247 800 3322 Spin.
823 3265 880 3303 csse
900 3250 927 3302 iu
951 3248 992 3302 iris
1019 3245 1059 3323 [Β
1082 3249 1107 3302 iu
1131 3244 1212 3322 hiis];
1246 3245 1390 3303 editiones

315 3344 430 3391 veteres
462 3332 524 3390 iere
552 3330 698 3413 (Marsus,
733 3331 828 3407 Crat.)
866 3335 892 3388 r'n
922 3333 963 3388 bis
991 3350 1061 3400 essc;
1101 3331 1261 3391 Victorius.
1297 3330 1390 3388 Gaiana
1486 3353 1487 3370 Ι

316 3419 346 3496 (e
368 3418 447 3477 Gud.
472 3419 489 3474 2
513 3429 543 3475 et
564 3417 647 3491 Bas.)
670 3421 754 3474 inesse
775 3421 801 3474 ia
825 3419 876 3487 bis,
899 3419 988 3474 ceteri
1012 3436 1030 3473 a
1044 3418 1179 3474 Manutio
1201 3420 1228 3473 iu
1241 3418 1283 3472 bis
1297 3419 1389 3472 iar-esse.
1486 3427 1487 3430 ’

315 3505 709 3574 viu.as11‚34e111‚
740 3505 789 3560 22.
833 3504 933 3560 Minus
955 3511 1092 3559 accurate
1115 3503 1221 3560 Cicero
1244 3502 1331 3584 dicit,
1361 3502 1387 3556 in

315 3590 405 3646 animi
428 3589 513 3646 bouis
536 3608 600 3647 esse
623 3590 753 3647 iustitiae
776 3590 897 3646 semina.
927 3589 1048 3648 Semina
1070 3588 1147 3645 enirn
1170 3587 1300 3644 nondum
1314 3589 1390 3644 bona

315 3685 398 3744 sunt3
432 3676 483 3732 sed
516 3693 580 3732 curu
610 3695 646 3732 ex
674 3676 711 3732 iis
739 3675 864 3732 virtutes
891 3683 1064 3742 creverunt,
1093 3683 1153 3730 tum
1177 3673 1255 3730 bona
1278 3681 1388 3730 assunt.
1486 3741 1487 3748 Ι

315 3761 437 3818 Rectius
464 3761 554 3837 igitur
582 3761 760 3837 scripsisset:
794 3781 851 3817 esse
881 3763 907 3816 iu
936 3779 965 3815 co
992 3755 1108 3839 (anieno)
1136 3761 1253 3815 iusu'tr'oa
1281 3761 1388 3815 senuaa-
1486 3751 1487 3754 ¹

316 3847 387 3905 Mox
411 3858 509 3904 nutura
532 3849 658 3905 tributum
680 3847 796 3905 codices
819 3856 849 3903 et
866 3845 1002 3902 meliores
1025 3847 1098 3922 (tres
1111 3844 1178 3902 Gzii
1192 3845 1307 3919 optimi,
1321 3841 1389 3921 [Bb
1486 3883 1487 3886 =

317 3945 346 3990 et
369 3933 530 3991 deteriores
552 3934 635 3990 inulti
648 3930 730 4013 (Par.
744 3935 772 4002 2,
791 3932 898 3991 Mead..
923 3931 968 3987 El.
980 3931 1105 4000 Davisii,
1130 3929 1230 4006 Εχψ);
1253 3939 1389 4004 recteque
1486 3998 1487 4020 Ι

316 4018 385 4075 hnic
407 4019 561 4075 consensui
574 4019 725 4075 Victorius
742 4029 770 4074 at
782 4018 923 4075 Davisius
946 4017 1077 4074 obsecuti
1101 4025 1182 4085 sunt;
1206 4015 1257 4072 cir.
1279 4016 1336 4085 111,
1351 4014 1387 4070 66

317 4100 417 4184 (tauers
439 4115 538 4161 ramora
560 4106 651 4160 matrim
675 4101 726 4182 eat)
750 4113 778 4159 et
800 4104 842 4174 ΙΙ,
867 4103 906 4159 33
930 4113 958 4159 et
971 4105 1008 4162 V.
1023 4104 1051 4172 2,
1076 4101 1389 4175 maximequeILegg.

321 4192 375 4246 lo:
397 4193 465 4263 quid
486 4193 520 4246 sit
542 4191 640 4246 boruim'
661 4200 758 4245 nutrire
781 4190 915 4244 tributum.

402 4287 435 4346 ct,
458 4278 488 4331 id
509 4277 583 4349 quod
604 4309 644 4316 -
668 4278 805 4349 orttiqru'us
828 4285 880 4330 cst.
910 4284 938 4328 u!
960 4272 1089 4351 dicerent)
1121 4269 1311 4329 Manifestum
1336 4279 1387 4337 cst
1486 4261 1487 4356 Ι

318 4360 490 4434 particulam
514 4371 542 4416 ot
565 4362 724 4416 siriaiectaru
749 4379 812 4417 esse
834 4360 894 4416 illis
917 4359 1029 4416 verbis:
1059 4369 1156 4414 rastros
1186 4357 1311 4412 tributum
1335 4373 1390 4412 esse
1486 4365 1487 4374 ¹
