2938 5020
292 373 354 438 190
683 391 727 436 na
750 389 882 438 amanus
904 391 975 438 non.

289 559 385 640 igitur
417 558 513 623 tenc
551 559 617 650 Nec
655 559 774 640 lapathi
806 559 991 624 enudatam
1031 511 1210 640 acipenseri
1233 559 1373 624 Gallonii

290 660 415 726 Laelius
425 661 641 742 auteponahat,
668 661 724 725 sed
746 660 930 726 svavitatem
951 660 1261 742 ipsamneglegehat;
1283 662 1374 742 quod

227 820 242 841 ,
290 780 352 826 non
374 761 498 840 laceret,
521 762 548 826 si
569 762 600 826 in
622 762 783 842 voluptate
805 779 957 827 summum
980 762 1093 827 honum
1114 768 1254 843 poneret.

363 954 384 1002 1.
403 951 457 998 bene
476 965 526 1002 om.
545 963 639 1008 omnes,
660 947 703 998 Or.
744 947 890 1016 [tapetia]
937 949 1057 1000 accubans
1080 965 1122 1016 ere
1151 949 1219 1014 [api
1242 951 1377 999 accubanti

291 1017 439 1077 (accubantis
448 1017 480 1078 0)
498 1034 554 1068 aare
569 1018 628 1082 (arel
653 1015 750 1068 PMCR
767 1017 895 1066 accubami
913 1033 969 1066 uere
987 1015 1102 1067 alieuol.
1143 1015 1254 1083 [Galloni
1270 1018 1305 1085 A]
1346 1023 1373 1069 2.

291 1085 353 1136 Post
379 1087 534 1152 aalmaaebat
555 1087 614 1138 add.
633 1085 689 1134 aliis
707 1102 751 1148 que
769 1095 838 1136 aava
855 1090 880 1135 ia
897 1103 979 1136 measa
996 1095 1116 1150 tamquam
1133 1103 1199 1134 cuum
1219 1085 1240 1136 O

291 1285 320 1333 et
342 1279 461 1350 ›sequitcr
483 1275 549 1346 (cir.
566 1279 648 1350 J'ruyi
669 1283 698 1332 et
720 1279 856 1350 temnant),
880 1277 985 1332 boiiestc
1007 1285 1036 1332 et
1058 1279 1185 1351 turpiter,
1213 1277 1374 1334 ostendere

291 1361 394 1436 possit,
417 1371 480 1418 tum
503 1362 612 1418 clamat
633 1361 793 1432 sententia3
816 1379 911 1435 neque
934 1361 1012 1418 enim
1035 1361 1064 1418 in
1082 1361 1283 1437 assumptione
1295 1361 1375 1420 illud

291 1446 387 1520 ipsum
409 1447 480 1522 poni
502 1455 614 1522 potest,
638 1446 717 1520 quod
738 1446 937 1516 concluditur,
967 1449 1049 1515 necle,
1077 1446 1108 1503 id
1135 1457 1194 1516 est,
1222 1467 1273 1504 aaa
1298 1448 1373 1504 bene.

290 1533 391 1606 Atque
413 1532 486 1588 haec
514 1549 572 1588 non
594 1530 724 1606 pendent
749 1549 787 1588 cx
815 1531 1017 1606 proximomm
1050 1532 1240 1589 correctione.
1290 1533 1373 1590 Nam

292 1616 362 1690 qaid
385 1616 585 1686 concludatur,
608 1625 691 1692 patet
711 1617 769 1673 iam
793 1615 928 1674 axillis:
954 1617 1010 1673 Cur
1027 1619 1108 1688 ἐρίων
1129 1635 1179 1672 aaa
1202 1618 1283 1674 berc?

376 1721 427 1758 arou
450 1704 530 1774 ἱρέων
552 1702 622 1758 beru.
666 1700 735 1772 Nec)
757 1701 873 1758 Insemi
897 1702 1206 1758 vocemnecessariam
1222 1703 1375 1762 inarche·

292 1795 363 1862 typo
390 1786 528 1844 omissam
556 1786 628 1862 (vid.
646 1785 738 1861 praef.
760 1788 813 1856 1,§
827 1785 870 1862 5).
918 1786 955 1843 In
983 1785 1102 1862 vulgata
1134 1787 1280 1862 scriptura
1307 1788 1375 1846 Noa

290 1874 372 1942 icitur
393 1891 439 1928 aec
466 1875 521 1947 lap.
550 1871 676 1946 primum
704 1871 790 1928 multi
821 1879 976 1929 senserunt
1002 1871 1108 1928 vitiose
1135 1872 1286 1929 abundare
1314 1893 1375 1944 nec,

291 1957 369 2030 quod
392 1957 458 2013 ideo
481 1967 620 2030 quattuor
642 1957 725 2014 codd.
738 1952 929 2028 OxiaEUbus
952 1957 1091 2012 omittunt
1112 1957 1215 2028 (mirm
1233 1966 1277 2014 tot
1294 1977 1374 2030 esse,

293 2059 358 2098 cum
389 2041 487 2098 nullas
521 2042 597 2098 nlius
619 2047 876 2111 commemoretur)
910 2052 941 2097 et
968 2042 1012 2098 ed.
1035 2042 1143 2112 Marsa
1177 2043 1318 2100 Davisius
1343 2055 1376 2102 et

291 2126 427 2183 Bromius
439 2135 635 2184 correctorem
647 2127 710 2182 veri
727 2125 852 2202 vestigia
863 2127 1058 2184 occultantem
1087 2127 1179 2184 secuti
1202 2137 1284 2198 sant,
1319 2131 1374 2204 qui

291 2219 390 2268 autem
412 2211 582 2277 defendunt,
604 2219 638 2268 ut
659 2212 698 2268 sit
719 2232 751 2268 ac
773 2245 813 2253 —
836 2213 957 2286 pixicum,
980 2212 1040 2269 illis
1062 2212 1120 2269 duo
1143 2212 1275 2282 obstant,
1309 2215 1375 2290 pri-

293 2315 372 2353 mum
394 2297 473 2371 quod
495 2297 614 2354 omnino
636 2295 741 2354 Cicero
763 2317 809 2354 aec
832 2315 885 2372 pro
905 2316 940 2353 ae
961 2329 1003 2338 -—
1025 2299 1133 2372 quidem
1154 2315 1212 2354 non
1225 2298 1298 2355 dicit
1319 2300 1375 2376 (d‘e

293 2399 352 2454 quo
374 2381 498 2456 exposui
521 2381 551 2437 in
574 2400 701 2438 excursu
723 2383 761 2438 ad
784 2383 811 2438 h.
834 2383 885 2452 l),
908 2382 1033 2439 altemm
1056 2381 1255 2454 manifestius,
1290 2385 1375 2457 qrrod

292 2465 395 2522 saltem
419 2467 611 2540 praecedente
634 2487 685 2523 aaa
707 2466 759 2523 illa
781 2467 941 2542 particula,
977 2485 1053 2541 quae
1075 2487 1093 2524 a
1114 2468 1303 2542 copulatione
1326 2489 1376 2526 re·

292 2551 403 2608 morari
426 2569 484 2608 non
507 2561 618 2627 potest,
653 2553 695 2608 ita
722 2553 793 2626 poni
815 2553 918 2626 nequit
938 2571 993 2609 nec
1014 2572 1033 2608 a
1055 2570 1201 2626 quoquam
1230 2572 1375 2628 umquam
1462 2585 1463 2590 κ

293 2635 389 2710 posita
406 2643 467 2706 est;
489 2654 543 2694 nec
565 2647 667 2712 aptum
689 2657 721 2694 ac
742 2671 784 2679 —
801 2639 918 2711 quidem,
941 2638 1026 2710 quasi
1036 2637 1156 2695 Laelius
1167 2637 1210 2694 sic
1220 2638 1376 2696 laudasset

292 2720 459 2795 lapathum,
488 2731 520 2778 ut
542 2722 686 2778 suavitate
709 2722 815 2780 ceteris
841 2723 928 2797 longe
951 2732 1158 2796 praestantem.
1203 2722 1262 2797 Qui
1290 2724 1375 2781 aliud

292 2805 469 2863 vocabulum
491 2824 556 2863 cum
580 2807 691 2882 lapathi
714 2808 860 2865 suavitate
882 2807 1069 2864 coniunctum
1093 2807 1238 2866 excidisse
1255 2818 1374 2882 putant,

291 2890 344 2958 illi,
368 2891 446 2965 quod
468 2901 589 2966 ponant,
612 2911 670 2950 non
693 2893 858 2967 reperiunt;
881 2893 945 2950 sola
961 2893 1038 2950 enim
1061 2893 1143 2963 haec,
1165 2893 1319 2968 lapathum
1344 2905 1375 2950 et

291 2976 505 3050 acipenserem,
534 2977 639 3035 Cicero
666 2987 903 3052 comparaverat,
936 2978 1037 3052 itaque
1063 2978 1225 3036 Lambinus
1252 2978 1373 3036 inanem

292 3061 483 3136 tautologiam
505 3062 635 3120 induxit:
669 3063 809 3138 [capallum
836 3082 882 3120 aec
910 3061 1015 3138 bapatbi
1040 3067 1203 3120 moialem.
1254 3063 1375 3120 Deinde

291 3155 389 3202 autem
417 3147 563 3205 sententia
595 3166 659 3204 eam
694 3147 904 3205 correctionem
935 3147 1056 3223 flagitat.
1106 3149 1183 3205 Nam
1212 3148 1375 3206 nrauiiesto

291 3231 426 3287 instituta
447 3229 543 3288 forma
565 3233 728 3308 syllogismi
751 3232 850 3308 (aare,
874 3235 1028 3307 qaaealetc.;
1051 3235 1185 3308 itteporro
1207 3231 1287 3312 ete),
1311 3253 1374 3290 non

292 3316 386 3373 solum
409 3335 462 3391 per
484 3336 515 3374 se
538 3313 703 3376 necessario
726 3318 958 3376 concludendum
980 3327 1185 3394 argumentum
1212 3317 1284 3388 fuit,
1319 3320 1374 3376 sed

292 3420 357 3458 cum
380 3401 468 3458 etiam
491 3402 665 3460 subiciatur:
694 3403 756 3460 Noa
779 3407 896 3476 ipitur,
925 3421 1011 3460 uerno
1034 3421 1091 3460 non
1114 3403 1230 3480 cogitur
1251 3405 1375 3460 conclu-

292 3486 480 3543 sionisfinem
503 3497 674 3562 expectare,
708 3489 792 3562 atqui
818 3489 893 3546 illud
920 3489 955 3545 de
978 3488 1081 3546 Laelio
1108 3489 1198 3546 habet
1224 3488 1373 3546 adiectam

292 3571 519 3646 explicationem
542 3581 572 3628 et
593 3574 691 3646 quasi.
726 3584 759 3630 ut
785 3574 828 3631 ita
850 3573 960 3644 dicam,
994 3573 1190 3631 corollarium.
1234 3573 1281 3630 Ne
1305 3574 1375 3648 quis

292 3666 389 3713 autem
413 3665 495 3730 putet
517 3657 672 3715 &cendum
694 3657 801 3716 fuisse:
829 3659 873 3716 Nc
895 3661 957 3716 ὂεηο
978 3661 1086 3733 quictem
1107 3662 1189 3732 spitui·
1211 3653 1258 3740 (ut
1279 3659 1374 3718 Tusc.

292 3741 316 3810 I,
342 3741 378 3797 71
403 3741 434 3797 in
462 3750 543 3798 recta
565 3743 723 3818 scriptura:
746 3764 777 3800 aa
799 3747 906 3801 irrteme
927 3745 1034 3818 quidem
1056 3744 1165 3821 ipitur),
1188 3745 1230 3802 ita
1252 3744 1374 3814 dicitur,

292 3825 316 3882 si
339 3825 368 3882 in
392 3826 495 3883 eodem
516 3846 624 3903 genere
646 3829 782 3904 negative
804 3829 989 3888 concluditur
1012 3829 1076 3904 (raon
1093 3831 1218 3896 distrahi,
1241 3833 1324 3902 apina
1343 3850 1375 3886 nc

291 3913 397 3968 interire
419 3911 550 3988 quirion),
573 3912 622 3969 hic
643 3914 682 3970 ad
703 3915 880 3972 contrarium
904 3915 1045 3972 transitur
1067 3914 1182 3990 (pravcf
1210 3933 1261 3970 aon
1288 3917 1375 3987 ἐρέτην

291 3993 376 4070 berae).
698 4011 699 4016 ’

377 4081 564 4156 anapoaebat)
587 4082 696 4140 Mirum
720 4084 961 4156 additamentum,
985 4085 1063 4159 qaod
1087 4083 1159 4144 inc
1182 4085 1299 4160 legitur,
1325 4105 1373 4142 or·

293 4171 369 4234 tum,
398 4184 463 4222 cum
491 4170 639 4242 acupenseri
667 4180 836 4244 corruptum
864 4179 955 4240 esset,
989 4169 1079 4226 habat
1107 4170 1196 4226 etiam
1224 4169 1269 4226 ed.
1293 4171 1372 4228 Van.

296 4251 385 4306 1480.
430 4249 620 4327 Corruptelas
649 4253 713 4310 eius
740 4254 877 4311 vocabuli
906 4255 1017 4312 similes
1045 4256 1154 4311 hahent
1177 4251 1373 4327 OxinzL'E}
