<?xml version="1.0" encoding="UTF-8"?>
<!DOCTYPE html PUBLIC "-//W3C//DTD XHTML 1.0 Transitional//EN"
    "http://www.w3.org/TR/xhtml1/DTD/xhtml1-transitional.dtd">
<html xmlns="http://www.w3.org/1999/xhtml" xml:lang="en" lang="en">
 <head>
  <title>
</title>
<meta http-equiv="Content-Type" content="text/html;charset=utf-8" />
  <meta name='ocr-system' content='tesseract 3.04.00' />
  <meta name='ocr-capabilities' content='ocr_page ocr_carea ocr_par ocr_line ocrx_word'/>
</head>
<body>
  <div class='ocr_page' id='page_1' title='image "./definibusbonoru04cicegoog_0683.png"; bbox 0 0 2998 5020; ppageno 0'>
   <div class='ocr_carea' id='block_1_1' title="bbox 419 391 1169 456">
    <p class='ocr_par' dir='ltr' id='par_1_1' title="bbox 419 391 1169 456">
     <span class='ocr_line' id='line_1_1' title="bbox 419 391 1169 456; baseline -0.001 -1"><span class='ocrx_word' id='word_1_1' title='bbox 419 410 462 455; x_wconf 83' lang='lat' dir='ltr'>ur</span> <span class='ocrx_word' id='word_1_2' title='bbox 486 409 566 456; x_wconf 78' lang='lat' dir='ltr'>use.</span> <span class='ocrx_word' id='word_1_3' title='bbox 590 409 652 454; x_wconf 81' lang='lat' dir='ltr'>ura.</span> <span class='ocrx_word' id='word_1_4' title='bbox 675 410 696 454; x_wconf 90' lang='lat' dir='ltr'>v</span> <span class='ocrx_word' id='word_1_5' title='bbox 719 409 792 455; x_wconf 80' lang='lat' dir='ltr'>one.</span> <span class='ocrx_word' id='word_1_6' title='bbox 815 413 835 454; x_wconf 93' lang='grc' dir='ltr'>ι.</span> <span class='ocrx_word' id='word_1_7' title='bbox 1108 391 1169 456; x_wconf 79' lang='grc'>607</span> 
     </span>
    </p>
   </div>
   <div class='ocr_carea' id='block_1_2' title="bbox 92 576 1211 1170">
    <p class='ocr_par' dir='ltr' id='par_1_2' title="bbox 92 576 1211 1170">
     <span class='ocr_line' id='line_1_2' title="bbox 96 576 1171 660; baseline -0.004 -16"><span class='ocrx_word' id='word_1_8' title='bbox 96 589 146 644; x_wconf 85' lang='lat' dir='ltr'>est</span> <span class='ocrx_word' id='word_1_9' title='bbox 165 579 278 660; x_wconf 90' lang='lat' dir='ltr'>maior)</span> <span class='ocrx_word' id='word_1_10' title='bbox 301 579 437 644; x_wconf 82' lang='lat' dir='ltr'>solebam</span> <span class='ocrx_word' id='word_1_11' title='bbox 464 579 588 643; x_wconf 86' lang='lat' dir='ltr'>intuens</span> <span class='ocrx_word' id='word_1_12' title='bbox 617 577 805 659; x_wconf 83' lang='lat' dir='ltr'>Scipionem,</span> <span class='ocrx_word' id='word_1_13' title='bbox 834 576 995 655; x_wconf 83' lang='lat' dir='ltr'>Catonem,</span> <span class='ocrx_word' id='word_1_14' title='bbox 1023 577 1171 654; x_wconf 88' lang='lat' dir='ltr'>Laelium,</span> 
     </span>
     <span class='ocr_line' id='line_1_3' title="bbox 96 679 1170 762; baseline -0.002 -16"><span class='ocrx_word' id='word_1_15' title='bbox 96 687 238 746; x_wconf 88' lang='lat' dir='ltr'>nostrum</span> <span class='ocrx_word' id='word_1_16' title='bbox 259 701 333 746; x_wconf 86' lang='lat' dir='ltr'>vero</span> <span class='ocrx_word' id='word_1_17' title='bbox 355 682 388 745; x_wconf 92' lang='lat' dir='ltr'>in</span> <span class='ocrx_word' id='word_1_18' title='bbox 411 681 519 762; x_wconf 91' lang='lat' dir='ltr'>primis</span> <span class='ocrx_word' id='word_1_19' title='bbox 540 698 633 744; x_wconf 86' lang='lat' dir='ltr'>avum</span> <span class='ocrx_word' id='word_1_20' title='bbox 655 681 806 761; x_wconf 58' lang='lat' dir='ltr'>cogitare</span> <span class='ocrx_word' id='word_1_21' title='bbox 839 687 927 744; x_wconf 86' lang='lat' dir='ltr'>tanta</span> <span class='ocrx_word' id='word_1_22' title='bbox 956 680 1003 744; x_wconf 87' lang='lat' dir='ltr'>vis</span> <span class='ocrx_word' id='word_1_23' title='bbox 1030 679 1170 744; x_wconf 87' lang='lat' dir='ltr'>admoui-</span> 
     </span>
     <span class='ocr_line' id='line_1_4' title="bbox 94 781 1171 860; baseline -0.003 -12"><span class='ocrx_word' id='word_1_24' title='bbox 94 783 188 848; x_wconf 86' lang='lat' dir='ltr'>tionis</span> <span class='ocrx_word' id='word_1_25' title='bbox 210 785 292 849; x_wconf 81' lang='lat' dir='ltr'>inest</span> <span class='ocrx_word' id='word_1_26' title='bbox 317 783 349 847; x_wconf 92' lang='lat' dir='ltr'>in</span> <span class='ocrx_word' id='word_1_27' title='bbox 376 782 534 860; x_wconf 83' lang='lat' dir='ltr'>locis3ut</span> <span class='ocrx_word' id='word_1_28' title='bbox 499 801 622 847; x_wconf 91' lang='lat' dir='ltr'>unon</span> <span class='ocrx_word' id='word_1_29' title='bbox 653 781 720 846; x_wconf 90' lang='lat' dir='ltr'>sine</span> <span class='ocrx_word' id='word_1_30' title='bbox 752 800 847 847; x_wconf 86' lang='lat' dir='ltr'>causa</span> <span class='ocrx_word' id='word_1_31' title='bbox 874 801 911 846; x_wconf 84' lang='lat' dir='ltr'>ex</span> <span class='ocrx_word' id='word_1_32' title='bbox 940 781 979 846; x_wconf 93' lang='lat' dir='ltr'>iis</span> <span class='ocrx_word' id='word_1_33' title='bbox 1006 781 1171 846; x_wconf 82' lang='lat' dir='ltr'>memoriae</span> 
     </span>
     <span class='ocr_line' id='line_1_5' title="bbox 93 883 1172 966; baseline -0.005 -14"><span class='ocrx_word' id='word_1_34' title='bbox 93 887 190 956; x_wconf 84' lang='lat' dir='ltr'>ducta</span> <span class='ocrx_word' id='word_1_35' title='bbox 212 886 253 950; x_wconf 91' lang='lat' dir='ltr'>sit</span> <span class='ocrx_word' id='word_1_36' title='bbox 274 884 444 966; x_wconf 76' lang='lat' dir='ltr'>discipline</span> <span class='ocrx_word' id='word_1_37' title='bbox 483 887 512 949; x_wconf 85' lang='lat'>3.</span> <span class='ocrx_word' id='word_1_38' title='bbox 536 885 616 949; x_wconf 89' lang='lat' dir='ltr'>Tum</span> <span class='ocrx_word' id='word_1_39' title='bbox 639 884 786 962; x_wconf 81' lang='lat' dir='ltr'>Quintus:</span> <span class='ocrx_word' id='word_1_40' title='bbox 809 883 866 948; x_wconf 89' lang='lat' dir='ltr'>Est</span> <span class='ocrx_word' id='word_1_41' title='bbox 853 883 993 965; x_wconf 86' lang='lat' dir='ltr'>t,plane</span> <span class='ocrx_word' id='word_1_42' title='bbox 1020 884 1109 962; x_wconf 93' lang='lat' dir='ltr'>Piso,</span> <span class='ocrx_word' id='word_1_43' title='bbox 1137 889 1172 948; x_wconf 88' lang='lat' dir='ltr'>ut</span> 
     </span>
     <span class='ocr_line' id='line_1_6' title="bbox 93 986 1211 1069; baseline 0 -18"><span class='ocrx_word' id='word_1_44' title='bbox 93 987 180 1064; x_wconf 90' lang='lat' dir='ltr'>diois,</span> <span class='ocrx_word' id='word_1_45' title='bbox 202 987 310 1069; x_wconf 87' lang='lat' dir='ltr'>inquit</span> <span class='ocrx_word' id='word_1_46' title='bbox 354 987 434 1052; x_wconf 88' lang='lat' dir='ltr'>Nam</span> <span class='ocrx_word' id='word_1_47' title='bbox 456 1004 505 1050; x_wconf 91' lang='lat' dir='ltr'>me</span> <span class='ocrx_word' id='word_1_48' title='bbox 527 986 631 1067; x_wconf 87' lang='lat' dir='ltr'>ipsum</span> <span class='ocrx_word' id='word_1_49' title='bbox 652 986 713 1052; x_wconf 91' lang='lat' dir='ltr'>hue</span> <span class='ocrx_word' id='word_1_50' title='bbox 734 987 826 1051; x_wconf 91' lang='lat' dir='ltr'>modo</span> <span class='ocrx_word' id='word_1_51' title='bbox 847 987 1020 1051; x_wconf 89' lang='lat' dir='ltr'>venientem</span> <span class='ocrx_word' id='word_1_52' title='bbox 1043 987 1211 1051; x_wconf 81' lang='lat' dir='ltr'>conver-5</span> 
     </span>
     <span class='ocr_line' id='line_1_7' title="bbox 92 1087 1170 1170; baseline -0.001 -17"><span class='ocrx_word' id='word_1_53' title='bbox 92 1090 183 1164; x_wconf 86' lang='lat' dir='ltr'>tebat</span> <span class='ocrx_word' id='word_1_54' title='bbox 203 1090 243 1153; x_wconf 90' lang='lat' dir='ltr'>ad</span> <span class='ocrx_word' id='word_1_55' title='bbox 266 1107 335 1155; x_wconf 88' lang='lat' dir='ltr'>sese</span> <span class='ocrx_word' id='word_1_56' title='bbox 358 1089 511 1154; x_wconf 90' lang='lat' dir='ltr'>Coloneus</span> <span class='ocrx_word' id='word_1_57' title='bbox 532 1089 583 1154; x_wconf 95' lang='lat' dir='ltr'>ille</span> <span class='ocrx_word' id='word_1_58' title='bbox 604 1089 700 1166; x_wconf 90' lang='lat' dir='ltr'>locus,</span> <span class='ocrx_word' id='word_1_59' title='bbox 723 1087 810 1153; x_wconf 91' lang='lat' dir='ltr'>cuius</span> <span class='ocrx_word' id='word_1_60' title='bbox 832 1088 932 1152; x_wconf 86' lang='lat' dir='ltr'>incola</span> <span class='ocrx_word' id='word_1_61' title='bbox 942 1089 1110 1170; x_wconf 87' lang='lat' dir='ltr'>Sophocles</span> <span class='ocrx_word' id='word_1_62' title='bbox 1132 1089 1170 1153; x_wconf 95' lang='lat' dir='ltr'>ob</span> 
     </span>
    </p>
   </div>
   <div class='ocr_carea' id='block_1_3' title="bbox 132 1274 1169 1342">
    <p class='ocr_par' dir='ltr' id='par_1_3' title="bbox 132 1274 1169 1342">
     <span class='ocr_line' id='line_1_8' title="bbox 132 1274 1169 1342; baseline 0 -18"><span class='ocrx_word' id='word_1_63' title='bbox 132 1281 156 1328; x_wconf 72' lang='lat'>2.</span> <span class='ocrx_word' id='word_1_64' title='bbox 175 1275 340 1326; x_wconf 66' lang='lat' dir='ltr'>admistionis</span> <span class='ocrx_word' id='word_1_65' title='bbox 359 1277 379 1328; x_wconf 87' lang='lat' dir='ltr'>C</span> <span class='ocrx_word' id='word_1_66' title='bbox 399 1278 465 1327; x_wconf 76' lang='lat' dir='ltr'>lineat</span> <span class='ocrx_word' id='word_1_67' title='bbox 483 1275 649 1326; x_wconf 64' lang='lat' dir='ltr'>admonitionis</span> <span class='ocrx_word' id='word_1_68' title='bbox 667 1276 696 1338; x_wconf 80' lang='lat' dir='ltr'>P)</span> <span class='ocrx_word' id='word_1_69' title='bbox 732 1281 755 1325; x_wconf 77' lang='grc'>8.</span> <span class='ocrx_word' id='word_1_70' title='bbox 773 1275 808 1324; x_wconf 65' lang='lat' dir='ltr'>tte</span> <span class='ocrx_word' id='word_1_71' title='bbox 827 1275 939 1326; x_wconf 78' lang='lat' dir='ltr'>EPOOr.</span> <span class='ocrx_word' id='word_1_72' title='bbox 982 1283 1005 1326; x_wconf 81' lang='lat' dir='ltr'>t.</span> <span class='ocrx_word' id='word_1_73' title='bbox 1027 1275 1110 1342; x_wconf 67' lang='lat' dir='ltr'>[piane</span> <span class='ocrx_word' id='word_1_74' title='bbox 1119 1274 1169 1342; x_wconf 84' lang='lat' dir='ltr'>Eli]</span> 
     </span>
    </p>
   </div>
   <div class='ocr_carea' id='block_1_4' title="bbox 89 1466 1177 4349">
    <p class='ocr_par' dir='ltr' id='par_1_4' title="bbox 89 1466 1176 2655">
     <span class='ocr_line' id='line_1_9' title="bbox 91 1466 1172 1542; baseline -0.003 -17"><span class='ocrx_word' id='word_1_75' title='bbox 91 1468 200 1526; x_wconf 81' lang='lat' dir='ltr'>truelis</span> <span class='ocrx_word' id='word_1_76' title='bbox 234 1468 335 1525; x_wconf 88' lang='lat' dir='ltr'>amissi</span> <span class='ocrx_word' id='word_1_77' title='bbox 367 1476 505 1536; x_wconf 87' lang='lat' dir='ltr'>renovat,</span> <span class='ocrx_word' id='word_1_78' title='bbox 544 1485 603 1524; x_wconf 90' lang='lat' dir='ltr'>non</span> <span class='ocrx_word' id='word_1_79' title='bbox 636 1467 733 1542; x_wconf 89' lang='lat' dir='ltr'>potuit</span> <span class='ocrx_word' id='word_1_80' title='bbox 765 1467 807 1524; x_wconf 87' lang='lat' dir='ltr'>ita</span> <span class='ocrx_word' id='word_1_81' title='bbox 834 1467 982 1524; x_wconf 89' lang='lat' dir='ltr'>oblivione</span> <span class='ocrx_word' id='word_1_82' title='bbox 1011 1466 1172 1542; x_wconf 89' lang='lat' dir='ltr'>implicari;</span> 
     </span>
     <span class='ocr_line' id='line_1_10' title="bbox 90 1552 1172 1629; baseline -0.002 -18"><span class='ocrx_word' id='word_1_83' title='bbox 90 1553 295 1628; x_wconf 77' lang='lat' dir='ltr'>facillimeque</span> <span class='ocrx_word' id='word_1_84' title='bbox 317 1571 364 1611; x_wconf 92' lang='lat' dir='ltr'>res</span> <span class='ocrx_word' id='word_1_85' title='bbox 387 1553 551 1629; x_wconf 85' lang='lat' dir='ltr'>expeditur.</span> <span class='ocrx_word' id='word_1_86' title='bbox 580 1553 724 1609; x_wconf 85' lang='lat' dir='ltr'>Hostiliam</span> <span class='ocrx_word' id='word_1_87' title='bbox 746 1552 823 1610; x_wconf 88' lang='lat' dir='ltr'>enim</span> <span class='ocrx_word' id='word_1_88' title='bbox 835 1552 1172 1629; x_wconf 84' lang='lat' dir='ltr'>proprieappellateam</span> 
     </span>
     <span class='ocr_line' id='line_1_11' title="bbox 91 1636 1172 1714; baseline -0.002 -18"><span class='ocrx_word' id='word_1_89' title='bbox 91 1639 218 1696; x_wconf 88' lang='lat' dir='ltr'>curiam.</span> <span class='ocrx_word' id='word_1_90' title='bbox 241 1657 317 1713; x_wconf 86' lang='lat' dir='ltr'>quae</span> <span class='ocrx_word' id='word_1_91' title='bbox 339 1637 396 1696; x_wconf 85' lang='lat' dir='ltr'>iuit</span> <span class='ocrx_word' id='word_1_92' title='bbox 418 1647 485 1696; x_wconf 84' lang='lat' dir='ltr'>ente</span> <span class='ocrx_word' id='word_1_93' title='bbox 508 1639 541 1696; x_wconf 93' lang='lat' dir='ltr'>L.</span> <span class='ocrx_word' id='word_1_94' title='bbox 560 1637 673 1697; x_wconf 85' lang='lat' dir='ltr'>Sullam</span> <span class='ocrx_word' id='word_1_95' title='bbox 696 1636 883 1707; x_wconf 82' lang='lat' dir='ltr'>dictatorem,</span> <span class='ocrx_word' id='word_1_96' title='bbox 916 1638 947 1695; x_wconf 89' lang='lat' dir='ltr'>in</span> <span class='ocrx_word' id='word_1_97' title='bbox 976 1657 1034 1712; x_wconf 86' lang='lat' dir='ltr'>qua</span> <span class='ocrx_word' id='word_1_98' title='bbox 1059 1637 1172 1714; x_wconf 79' lang='lat' dir='ltr'>Scipio,</span> 
     </span>
     <span class='ocr_line' id='line_1_12' title="bbox 91 1715 1171 1797; baseline -0.004 -13"><span class='ocrx_word' id='word_1_99' title='bbox 91 1725 181 1795; x_wconf 83' lang='lat' dir='ltr'>Caro,</span> <span class='ocrx_word' id='word_1_100' title='bbox 205 1724 324 1782; x_wconf 86' lang='lat' dir='ltr'>Laelius</span> <span class='ocrx_word' id='word_1_101' title='bbox 347 1724 507 1782; x_wconf 80' lang='lat' dir='ltr'>seutemies</span> <span class='ocrx_word' id='word_1_102' title='bbox 530 1724 681 1794; x_wconf 89' lang='lat' dir='ltr'>dixerant,</span> <span class='ocrx_word' id='word_1_103' title='bbox 704 1743 798 1780; x_wconf 86' lang='lat' dir='ltr'>novom</span> <span class='ocrx_word' id='word_1_104' title='bbox 826 1715 932 1792; x_wconf 70' lang='lat' dir='ltr'>autem,</span> <span class='ocrx_word' id='word_1_105' title='bbox 962 1743 1049 1797; x_wconf 88' lang='lat' dir='ltr'>quam</span> <span class='ocrx_word' id='word_1_106' title='bbox 1079 1724 1171 1793; x_wconf 82' lang='lat' dir='ltr'>Sulla,</span> 
     </span>
     <span class='ocr_line' id='line_1_13' title="bbox 89 1809 1172 1886; baseline -0.001 -19"><span class='ocrx_word' id='word_1_107' title='bbox 89 1819 195 1868; x_wconf 82' lang='lat' dir='ltr'>vetere</span> <span class='ocrx_word' id='word_1_108' title='bbox 218 1819 331 1866; x_wconf 88' lang='lat' dir='ltr'>mutata</span> <span class='ocrx_word' id='word_1_109' title='bbox 353 1819 384 1867; x_wconf 90' lang='lat' dir='ltr'>et</span> <span class='ocrx_word' id='word_1_110' title='bbox 404 1809 592 1886; x_wconf 86' lang='lat' dir='ltr'>amplificata,</span> <span class='ocrx_word' id='word_1_111' title='bbox 617 1809 729 1866; x_wconf 83' lang='lat' dir='ltr'>iecerat</span> <span class='ocrx_word' id='word_1_112' title='bbox 750 1817 871 1865; x_wconf 89' lang='lat' dir='ltr'>unoaut</span> <span class='ocrx_word' id='word_1_113' title='bbox 883 1810 976 1866; x_wconf 87' lang='lat' dir='ltr'>altero</span> <span class='ocrx_word' id='word_1_114' title='bbox 999 1827 1076 1867; x_wconf 86' lang='lat' dir='ltr'>anno</span> <span class='ocrx_word' id='word_1_115' title='bbox 1093 1820 1172 1878; x_wconf 88' lang='lat' dir='ltr'>ante,</span> 
     </span>
     <span class='ocr_line' id='line_1_14' title="bbox 90 1895 1173 1990; baseline -0.004 -36"><span class='ocrx_word' id='word_1_116' title='bbox 90 1914 185 1971; x_wconf 86' lang='lat' dir='ltr'>quam</span> <span class='ocrx_word' id='word_1_117' title='bbox 213 1895 261 1952; x_wconf 92' lang='lat' dir='ltr'>hie</span> <span class='ocrx_word' id='word_1_118' title='bbox 284 1914 380 1953; x_wconf 90' lang='lat' dir='ltr'>sermo</span> <span class='ocrx_word' id='word_1_119' title='bbox 402 1895 504 1962; x_wconf 83' lang='lat' dir='ltr'>haberi</span> <span class='ocrx_word' id='word_1_120' title='bbox 527 1895 648 1971; x_wconf 85' lang='lat' dir='ltr'>fingitur</span> <span class='ocrx_word' id='word_1_121' title='bbox 675 1895 715 1974; x_wconf 90' lang='lat' dir='ltr'>(a.</span> <span class='ocrx_word' id='word_1_122' title='bbox 736 1895 771 1951; x_wconf 87' lang='grc'>81</span> <span class='ocrx_word' id='word_1_123' title='bbox 797 1904 850 1950; x_wconf 88' lang='lat' dir='ltr'>aut</span> <span class='ocrx_word' id='word_1_124' title='bbox 873 1895 935 1990; x_wconf 87' lang='grc'>80).</span> <span class='ocrx_word' id='word_1_125' title='bbox 984 1896 1091 1988; x_wconf 91' lang='lat' dir='ltr'>Itaque</span> <span class='ocrx_word' id='word_1_126' title='bbox 1114 1895 1173 1952; x_wconf 92' lang='lat' dir='ltr'>Dio</span> 
     </span>
     <span class='ocr_line' id='line_1_15' title="bbox 90 1964 1172 2078; baseline -0.005 -38"><span class='ocrx_word' id='word_1_127' title='bbox 90 1982 180 2042; x_wconf 85' lang='lat' dir='ltr'>Cass</span> <span class='ocrx_word' id='word_1_128' title='bbox 192 1981 259 2050; x_wconf 92' lang='lat' dir='ltr'>XL,</span> <span class='ocrx_word' id='word_1_129' title='bbox 273 1981 312 2037; x_wconf 81' lang='lat'>50</span> <span class='ocrx_word' id='word_1_130' title='bbox 336 1981 371 2038; x_wconf 88' lang='lat' dir='ltr'>de</span> <span class='ocrx_word' id='word_1_131' title='bbox 394 1999 438 2048; x_wconf 87' lang='lat' dir='ltr'>ea,</span> <span class='ocrx_word' id='word_1_132' title='bbox 462 1999 543 2078; x_wconf 90' lang='lat' dir='ltr'>quae</span> <span class='ocrx_word' id='word_1_133' title='bbox 561 1981 765 2074; x_wconf 83' lang='lat' dir='ltr'>conflagravit:</span> <span class='ocrx_word' id='word_1_134' title='bbox 792 1964 852 2035; x_wconf 76' lang='lat' dir='ltr'>Ha</span> <span class='ocrx_word' id='word_1_135' title='bbox 875 1969 1005 2056; x_wconf 73' lang='grc' dir='ltr'><strong><em>μὲνγὰρ</em></strong></span> <span class='ocrx_word' id='word_1_136' title='bbox 1028 1971 1063 2036; x_wconf 80' lang='grc' dir='ltr'>τὸ</span> <span class='ocrx_word' id='word_1_137' title='bbox 1079 1969 1172 2036; x_wconf 80' lang='lat' dir='ltr'>Ouri-</span> 
     </span>
     <span class='ocr_line' id='line_1_16' title="bbox 90 2049 1173 2140; baseline -0.002 -16"><span class='ocrx_word' id='word_1_138' title='bbox 90 2065 171 2134; x_wconf 73' lang='lat' dir='ltr'>isos,</span> <span class='ocrx_word' id='word_1_139' title='bbox 194 2049 411 2139; x_wconf 73' lang='lat' dir='ltr'>personarium</span> <span class='ocrx_word' id='word_1_140' title='bbox 435 2056 505 2124; x_wconf 80' lang='lat' dir='ltr'>di</span> <span class='ocrx_word' id='word_1_141' title='bbox 490 2056 547 2123; x_wconf 81' lang='lat' dir='ltr'>oni</span> <span class='ocrx_word' id='word_1_142' title='bbox 576 2063 631 2122; x_wconf 79' lang='grc' dir='ltr'>τοῦ</span> <span class='ocrx_word' id='word_1_143' title='bbox 652 2053 781 2121; x_wconf 77' lang='grc' dir='ltr'>Σύλλου.</span> <span class='ocrx_word' id='word_1_144' title='bbox 826 2066 926 2139; x_wconf 81' lang='lat' dir='ltr'>Atque</span> <span class='ocrx_word' id='word_1_145' title='bbox 955 2077 1076 2140; x_wconf 89' lang='lat' dir='ltr'>propter</span> <span class='ocrx_word' id='word_1_146' title='bbox 1097 2064 1173 2122; x_wconf 88' lang='lat' dir='ltr'>hanc</span> 
     </span>
     <span class='ocr_line' id='line_1_17' title="bbox 89 2147 1173 2228; baseline -0.003 -19"><span class='ocrx_word' id='word_1_147' title='bbox 89 2153 192 2228; x_wconf 81' lang='lat' dir='ltr'>ipsam</span> <span class='ocrx_word' id='word_1_148' title='bbox 215 2168 343 2221; x_wconf 85' lang='lat' dir='ltr'>eausam,</span> <span class='ocrx_word' id='word_1_149' title='bbox 367 2152 446 2226; x_wconf 93' lang='lat' dir='ltr'>quod</span> <span class='ocrx_word' id='word_1_150' title='bbox 469 2171 504 2209; x_wconf 89' lang='lat' dir='ltr'>ea</span> <span class='ocrx_word' id='word_1_151' title='bbox 526 2151 644 2226; x_wconf 88' lang='lat' dir='ltr'>proprie</span> <span class='ocrx_word' id='word_1_152' title='bbox 657 2149 795 2208; x_wconf 83' lang='lat' dir='ltr'>Cornelia</span> <span class='ocrx_word' id='word_1_153' title='bbox 817 2159 881 2207; x_wconf 88' lang='lat' dir='ltr'>erat</span> <span class='ocrx_word' id='word_1_154' title='bbox 903 2147 1012 2228; x_wconf 88' lang='lat' dir='ltr'>(neque</span> <span class='ocrx_word' id='word_1_155' title='bbox 1024 2151 1173 2208; x_wconf 86' lang='lat' dir='ltr'>Asconius</span> 
     </span>
     <span class='ocr_line' id='line_1_18' title="bbox 89 2235 1173 2313; baseline -0.004 -17"><span class='ocrx_word' id='word_1_156' title='bbox 89 2236 257 2296; x_wconf 88' lang='lat' dir='ltr'>Hostiliam</span> <span class='ocrx_word' id='word_1_157' title='bbox 281 2235 456 2313; x_wconf 80' lang='lat' dir='ltr'>deflagrasse</span> <span class='ocrx_word' id='word_1_158' title='bbox 480 2237 575 2313; x_wconf 90' lang='lat' dir='ltr'>dicit),</span> <span class='ocrx_word' id='word_1_159' title='bbox 598 2237 709 2293; x_wconf 83' lang='lat' dir='ltr'>Fausto</span> <span class='ocrx_word' id='word_1_160' title='bbox 731 2236 878 2294; x_wconf 85' lang='lat' dir='ltr'>restitutio</span> <span class='ocrx_word' id='word_1_161' title='bbox 902 2236 971 2292; x_wconf 87' lang='lat' dir='ltr'>data</span> <span class='ocrx_word' id='word_1_162' title='bbox 998 2247 1056 2305; x_wconf 90' lang='lat' dir='ltr'>est,</span> <span class='ocrx_word' id='word_1_163' title='bbox 1091 2235 1173 2293; x_wconf 88' lang='lat' dir='ltr'>ouius</span> 
     </span>
     <span class='ocr_line' id='line_1_19' title="bbox 89 2320 1173 2399; baseline -0.004 -18"><span class='ocrx_word' id='word_1_164' title='bbox 89 2341 172 2399; x_wconf 85' lang='lat' dir='ltr'>opus</span> <span class='ocrx_word' id='word_1_165' title='bbox 194 2320 320 2378; x_wconf 81' lang='lat' dir='ltr'>fortasse</span> <span class='ocrx_word' id='word_1_166' title='bbox 343 2322 401 2379; x_wconf 86' lang='lat' dir='ltr'>ism</span> <span class='ocrx_word' id='word_1_167' title='bbox 425 2333 495 2394; x_wconf 89' lang='lat' dir='ltr'>tum,</span> <span class='ocrx_word' id='word_1_168' title='bbox 519 2341 584 2380; x_wconf 90' lang='lat' dir='ltr'>cum</span> <span class='ocrx_word' id='word_1_169' title='bbox 608 2321 713 2380; x_wconf 79' lang='lat' dir='ltr'>Cicero</span> <span class='ocrx_word' id='word_1_170' title='bbox 736 2322 808 2378; x_wconf 88' lang='lat' dir='ltr'>haec</span> <span class='ocrx_word' id='word_1_171' title='bbox 831 2321 962 2398; x_wconf 87' lang='lat' dir='ltr'>scripsit,</span> <span class='ocrx_word' id='word_1_172' title='bbox 993 2322 1173 2380; x_wconf 89' lang='lat' dir='ltr'>destructum</span> 
     </span>
     <span class='ocr_line' id='line_1_20' title="bbox 90 2406 1176 2486; baseline -0.002 -20"><span class='ocrx_word' id='word_1_173' title='bbox 90 2417 162 2466; x_wconf 85' lang='lat' dir='ltr'>erat</span> <span class='ocrx_word' id='word_1_174' title='bbox 183 2416 235 2464; x_wconf 88' lang='lat' dir='ltr'>aut</span> <span class='ocrx_word' id='word_1_175' title='bbox 256 2407 462 2465; x_wconf 80' lang='lat' dir='ltr'>destruebatur</span> <span class='ocrx_word' id='word_1_176' title='bbox 490 2408 562 2486; x_wconf 88' lang='lat' dir='ltr'>(vid.</span> <span class='ocrx_word' id='word_1_177' title='bbox 586 2407 644 2465; x_wconf 94' lang='lat' dir='ltr'>Dio</span> <span class='ocrx_word' id='word_1_178' title='bbox 668 2407 749 2466; x_wconf 87' lang='lat' dir='ltr'>Cass.</span> <span class='ocrx_word' id='word_1_179' title='bbox 771 2408 885 2479; x_wconf 84' lang='lat' dir='ltr'>XLIV,</span> <span class='ocrx_word' id='word_1_180' title='bbox 911 2406 952 2485; x_wconf 85' lang='lat'>5).</span> <span class='ocrx_word' id='word_1_181' title='bbox 998 2410 1089 2465; x_wconf 82' lang='lat' dir='ltr'>Minor</span> <span class='ocrx_word' id='word_1_182' title='bbox 1110 2409 1176 2464; x_wconf 76' lang='lat' dir='ltr'>milti</span> 
     </span>
     <span class='ocr_line' id='line_1_21' title="bbox 90 2491 1174 2571; baseline -0.003 -18"><span class='ocrx_word' id='word_1_183' title='bbox 90 2493 192 2553; x_wconf 81' lang='lat' dir='ltr'>Gaius</span> <span class='ocrx_word' id='word_1_184' title='bbox 215 2502 363 2567; x_wconf 77' lang='lat' dir='ltr'>tamquam</span> <span class='ocrx_word' id='word_1_185' title='bbox 387 2513 403 2550; x_wconf 93' lang='lat' dir='ltr'>e</span> <span class='ocrx_word' id='word_1_186' title='bbox 426 2493 505 2552; x_wconf 84' lang='lat' dir='ltr'>Gud.</span> <span class='ocrx_word' id='word_1_187' title='bbox 527 2502 651 2568; x_wconf 88' lang='lat' dir='ltr'>utroque</span> <span class='ocrx_word' id='word_1_188' title='bbox 674 2503 704 2549; x_wconf 92' lang='lat' dir='ltr'>et</span> <span class='ocrx_word' id='word_1_189' title='bbox 726 2493 794 2550; x_wconf 86' lang='lat' dir='ltr'>Bas.</span> <span class='ocrx_word' id='word_1_190' title='bbox 838 2494 893 2550; x_wconf 86' lang='lat' dir='ltr'>Est</span> <span class='ocrx_word' id='word_1_191' title='bbox 920 2493 962 2550; x_wconf 88' lang='lat' dir='ltr'>sie</span> <span class='ocrx_word' id='word_1_192' title='bbox 989 2493 1021 2549; x_wconf 90' lang='lat' dir='ltr'>in</span> <span class='ocrx_word' id='word_1_193' title='bbox 1042 2493 1104 2550; x_wconf 87' lang='lat' dir='ltr'>Eri.</span> <span class='ocrx_word' id='word_1_194' title='bbox 1133 2491 1174 2571; x_wconf 92' lang='lat' dir='ltr'>[B</span> 
     </span>
     <span class='ocr_line' id='line_1_22' title="bbox 90 2577 372 2655; baseline -0.007 -19"><span class='ocrx_word' id='word_1_195' title='bbox 90 2584 184 2636; x_wconf 76' lang='lat' dir='ltr'>nrinor</span> <span class='ocrx_word' id='word_1_196' title='bbox 206 2597 263 2634; x_wconf 83' lang='lat' dir='ltr'>esse</span> <span class='ocrx_word' id='word_1_197' title='bbox 284 2577 372 2655; x_wconf 76' lang='lat' dir='ltr'>mitt]</span> 
     </span>
    </p>

    <p class='ocr_par' dir='ltr' id='par_1_5' title="bbox 89 2663 1176 3424">
     <span class='ocr_line' id='line_1_23' title="bbox 184 2663 1172 2740; baseline 0 -20"><span class='ocrx_word' id='word_1_198' title='bbox 184 2674 302 2720; x_wconf 84' lang='lat' dir='ltr'>nostrum</span> <span class='ocrx_word' id='word_1_199' title='bbox 325 2684 386 2720; x_wconf 84' lang='lat' dir='ltr'>voro</span> <span class='ocrx_word' id='word_1_200' title='bbox 407 2663 644 2740; x_wconf 68' lang='lat' dir='ltr'>tapnim-ianuam)</span> <span class='ocrx_word' id='word_1_201' title='bbox 668 2663 831 2740; x_wconf 83' lang='lat' dir='ltr'>Significat,</span> <span class='ocrx_word' id='word_1_202' title='bbox 855 2665 969 2739; x_wconf 82' lang='lat' dir='ltr'>opinor,</span> <span class='ocrx_word' id='word_1_203' title='bbox 987 2665 1020 2721; x_wconf 91' lang='lat' dir='ltr'>L.</span> <span class='ocrx_word' id='word_1_204' title='bbox 1032 2665 1172 2721; x_wconf 83' lang='lat' dir='ltr'>Pisonem</span> 
     </span>
     <span class='ocr_line' id='line_1_24' title="bbox 90 2749 1174 2826; baseline -0.002 -18"><span class='ocrx_word' id='word_1_205' title='bbox 90 2771 175 2820; x_wconf 87' lang='lat' dir='ltr'>eum,</span> <span class='ocrx_word' id='word_1_206' title='bbox 199 2749 250 2823; x_wconf 91' lang='lat' dir='ltr'>qui</span> <span class='ocrx_word' id='word_1_207' title='bbox 272 2749 384 2824; x_wconf 72' lang='lat' dir='ltr'>primum</span> <span class='ocrx_word' id='word_1_208' title='bbox 395 2750 488 2826; x_wconf 84' lang='lat' dir='ltr'>Frugi</span> <span class='ocrx_word' id='word_1_209' title='bbox 499 2767 661 2826; x_wconf 76' lang='lat' dir='ltr'>cognomen</span> <span class='ocrx_word' id='word_1_210' title='bbox 684 2749 798 2821; x_wconf 90' lang='lat' dir='ltr'>meruit,</span> <span class='ocrx_word' id='word_1_211' title='bbox 823 2750 934 2824; x_wconf 85' lang='lat' dir='ltr'>primae</span> <span class='ocrx_word' id='word_1_212' title='bbox 946 2751 1174 2825; x_wconf 89' lang='lat' dir='ltr'>repetundarum</span> 
     </span>
     <span class='ocr_line' id='line_1_25' title="bbox 89 2835 1176 2914; baseline -0.004 -20"><span class='ocrx_word' id='word_1_213' title='bbox 89 2835 173 2914; x_wconf 86' lang='lat' dir='ltr'>legis</span> <span class='ocrx_word' id='word_1_214' title='bbox 195 2842 360 2906; x_wconf 80' lang='lat' dir='ltr'>auctorem,</span> <span class='ocrx_word' id='word_1_215' title='bbox 389 2836 538 2892; x_wconf 85' lang='lat' dir='ltr'>annalium</span> <span class='ocrx_word' id='word_1_216' title='bbox 568 2835 757 2910; x_wconf 84' lang='lat' dir='ltr'>scriptorem,</span> <span class='ocrx_word' id='word_1_217' title='bbox 791 2835 943 2908; x_wconf 89' lang='lat' dir='ltr'>antiquum</span> <span class='ocrx_word' id='word_1_218' title='bbox 972 2835 1121 2892; x_wconf 90' lang='lat' dir='ltr'>hominem</span> <span class='ocrx_word' id='word_1_219' title='bbox 1146 2843 1176 2891; x_wconf 91' lang='lat' dir='ltr'>et</span> 
     </span>
     <span class='ocr_line' id='line_1_26' title="bbox 91 2919 1173 2996; baseline -0.002 -16"><span class='ocrx_word' id='word_1_220' title='bbox 91 2939 245 2988; x_wconf 86' lang='lat' dir='ltr'>severum,</span> <span class='ocrx_word' id='word_1_221' title='bbox 270 2919 449 2978; x_wconf 87' lang='lat' dir='ltr'>clarissimae</span> <span class='ocrx_word' id='word_1_222' title='bbox 471 2920 577 2978; x_wconf 83' lang='lat' dir='ltr'>famae.</span> <span class='ocrx_word' id='word_1_223' title='bbox 621 2921 722 2996; x_wconf 90' lang='lat' dir='ltr'>Ipsum</span> <span class='ocrx_word' id='word_1_224' title='bbox 746 2921 824 2977; x_wconf 89' lang='lat' dir='ltr'>enim</span> <span class='ocrx_word' id='word_1_225' title='bbox 847 2921 887 2977; x_wconf 90' lang='lat' dir='ltr'>M.</span> <span class='ocrx_word' id='word_1_226' title='bbox 910 2921 1091 2996; x_wconf 88' lang='lat' dir='ltr'>appellatum</span> <span class='ocrx_word' id='word_1_227' title='bbox 1110 2939 1173 2978; x_wconf 89' lang='lat' dir='ltr'>esse</span> 
     </span>
     <span class='ocr_line' id='line_1_27' title="bbox 90 3004 1174 3082; baseline -0.004 -16"><span class='ocrx_word' id='word_1_228' title='bbox 90 3007 201 3082; x_wconf 85' lang='lat' dir='ltr'>Frugi,</span> <span class='ocrx_word' id='word_1_229' title='bbox 226 3004 333 3064; x_wconf 89' lang='lat' dir='ltr'>scimus</span> <span class='ocrx_word' id='word_1_230' title='bbox 350 3025 366 3062; x_wconf 90' lang='lat' dir='ltr'>e</span> <span class='ocrx_word' id='word_1_231' title='bbox 383 3005 548 3082; x_wconf 77' lang='lat' dir='ltr'>fragmento</span> <span class='ocrx_word' id='word_1_232' title='bbox 562 3007 687 3081; x_wconf 89' lang='lat' dir='ltr'>quodam</span> <span class='ocrx_word' id='word_1_233' title='bbox 706 3006 847 3063; x_wconf 84' lang='lat' dir='ltr'>orationis</span> <span class='ocrx_word' id='word_1_234' title='bbox 864 3025 917 3082; x_wconf 93' lang='lat' dir='ltr'>pro</span> <span class='ocrx_word' id='word_1_235' title='bbox 930 3006 1037 3062; x_wconf 87' lang='lat' dir='ltr'>Flacco</span> <span class='ocrx_word' id='word_1_236' title='bbox 1061 3006 1174 3082; x_wconf 86' lang='lat' dir='ltr'>(Schol.</span> 
     </span>
     <span class='ocr_line' id='line_1_28' title="bbox 91 3091 1173 3167; baseline -0.005 -15"><span class='ocrx_word' id='word_1_237' title='bbox 91 3093 234 3152; x_wconf 89' lang='lat' dir='ltr'>Ciceron.</span> <span class='ocrx_word' id='word_1_238' title='bbox 257 3091 290 3148; x_wconf 90' lang='lat' dir='ltr'>II</span> <span class='ocrx_word' id='word_1_239' title='bbox 312 3111 340 3165; x_wconf 88' lang='lat' dir='ltr'>p.</span> <span class='ocrx_word' id='word_1_240' title='bbox 354 3092 414 3149; x_wconf 85' lang='lat'>233</span> <span class='ocrx_word' id='word_1_241' title='bbox 437 3091 570 3166; x_wconf 90' lang='lat' dir='ltr'>ed.0r.).</span> <span class='ocrx_word' id='word_1_242' title='bbox 603 3092 639 3148; x_wconf 91' lang='lat' dir='ltr'>In</span> <span class='ocrx_word' id='word_1_243' title='bbox 662 3091 806 3167; x_wconf 86' lang='lat' dir='ltr'>proximis</span> <span class='ocrx_word' id='word_1_244' title='bbox 829 3091 927 3148; x_wconf 83' lang='lat' dir='ltr'>verbis</span> <span class='ocrx_word' id='word_1_245' title='bbox 950 3101 1094 3149; x_wconf 85' lang='lat' dir='ltr'>tantanon</span> <span class='ocrx_word' id='word_1_246' title='bbox 1108 3110 1173 3148; x_wconf 88' lang='lat' dir='ltr'>cum</span> 
     </span>
     <span class='ocr_line' id='line_1_29' title="bbox 92 3174 1175 3253; baseline -0.004 -17"><span class='ocrx_word' id='word_1_247' title='bbox 92 3189 123 3236; x_wconf 85' lang='lat' dir='ltr'>ut</span> <span class='ocrx_word' id='word_1_248' title='bbox 147 3176 348 3252; x_wconf 88' lang='lat' dir='ltr'>coniungitur,</span> <span class='ocrx_word' id='word_1_249' title='bbox 372 3178 422 3234; x_wconf 87' lang='lat' dir='ltr'>sed</span> <span class='ocrx_word' id='word_1_250' title='bbox 445 3178 482 3234; x_wconf 88' lang='lat' dir='ltr'>sd</span> <span class='ocrx_word' id='word_1_251' title='bbox 505 3177 658 3253; x_wconf 86' lang='lat' dir='ltr'>superiora</span> <span class='ocrx_word' id='word_1_252' title='bbox 680 3174 806 3233; x_wconf 83' lang='lat' dir='ltr'>refertur</span> <span class='ocrx_word' id='word_1_253' title='bbox 828 3179 875 3252; x_wconf 92' lang='lat' dir='ltr'>(ut</span> <span class='ocrx_word' id='word_1_254' title='bbox 897 3186 1017 3252; x_wconf 87' lang='lat' dir='ltr'>propter</span> <span class='ocrx_word' id='word_1_255' title='bbox 1040 3196 1104 3234; x_wconf 90' lang='lat' dir='ltr'>eam</span> <span class='ocrx_word' id='word_1_256' title='bbox 1122 3177 1175 3232; x_wconf 86' lang='lat' dir='ltr'>ille</span> 
     </span>
     <span class='ocr_line' id='line_1_30' title="bbox 91 3259 1174 3358; baseline -0.002 -38"><span class='ocrx_word' id='word_1_257' title='bbox 91 3264 161 3322; x_wconf 86' lang='lat' dir='ltr'>fieri</span> <span class='ocrx_word' id='word_1_258' title='bbox 186 3259 328 3340; x_wconf 81' lang='lat' dir='ltr'>soleant);</span> <span class='ocrx_word' id='word_1_259' title='bbox 353 3273 414 3320; x_wconf 91' lang='lat' dir='ltr'>tum</span> <span class='ocrx_word' id='word_1_260' title='bbox 432 3263 601 3358; x_wconf 83' lang='lat' dir='ltr'>adiungitur</span> <span class='ocrx_word' id='word_1_261' title='bbox 613 3261 795 3320; x_wconf 85' lang='lat' dir='ltr'>consecutio</span> <span class='ocrx_word' id='word_1_262' title='bbox 814 3259 883 3338; x_wconf 86' lang='lat' dir='ltr'>(ita)</span> <span class='ocrx_word' id='word_1_263' title='bbox 907 3271 935 3318; x_wconf 86' lang='lat' dir='ltr'>ut</span> <span class='ocrx_word' id='word_1_264' title='bbox 958 3271 1012 3320; x_wconf 87' lang='lat' dir='ltr'>cet</span> <span class='ocrx_word' id='word_1_265' title='bbox 1047 3261 1174 3322; x_wconf 86' lang='lat' dir='ltr'>Simoni·</span> 
     </span>
     <span class='ocr_line' id='line_1_31' title="bbox 91 3337 836 3424; baseline -0.005 -16"><span class='ocrx_word' id='word_1_266' title='bbox 91 3351 185 3408; x_wconf 85' lang='lat' dir='ltr'>deam</span> <span class='ocrx_word' id='word_1_267' title='bbox 208 3356 302 3404; x_wconf 87' lang='lat' dir='ltr'>artem</span> <span class='ocrx_word' id='word_1_268' title='bbox 324 3337 501 3423; x_wconf 68' lang='lat' dir='ltr'>puppiensis</span> <span class='ocrx_word' id='word_1_269' title='bbox 524 3347 682 3424; x_wconf 84' lang='lat' dir='ltr'>significari</span> <span class='ocrx_word' id='word_1_270' title='bbox 704 3357 836 3422; x_wconf 89' lang='lat' dir='ltr'>apparet.</span> 
     </span>
    </p>

    <p class='ocr_par' dir='ltr' id='par_1_6' title="bbox 91 3425 1177 4349">
     <span class='ocr_line' id='line_1_32' title="bbox 187 3425 1176 3509; baseline -0.001 -20"><span class='ocrx_word' id='word_1_271' title='bbox 187 3433 215 3490; x_wconf 91' lang='grc'>3.</span> <span class='ocrx_word' id='word_1_272' title='bbox 242 3425 370 3490; x_wconf 77' lang='lat' dir='ltr'>Coloneus</span> <span class='ocrx_word' id='word_1_273' title='bbox 391 3435 435 3489; x_wconf 81' lang='lat' dir='ltr'>illc</span> <span class='ocrx_word' id='word_1_274' title='bbox 457 3433 543 3509; x_wconf 71' lang='lat' dir='ltr'>mous)</span> <span class='ocrx_word' id='word_1_275' title='bbox 566 3432 642 3491; x_wconf 90' lang='lat' dir='ltr'>Mire</span> <span class='ocrx_word' id='word_1_276' title='bbox 665 3432 775 3490; x_wconf 82' lang='lat' dir='ltr'>dictirm</span> <span class='ocrx_word' id='word_1_277' title='bbox 799 3433 916 3490; x_wconf 90' lang='lat' dir='ltr'>videtur</span> <span class='ocrx_word' id='word_1_278' title='bbox 938 3441 967 3489; x_wconf 93' lang='lat' dir='ltr'>et</span> <span class='ocrx_word' id='word_1_279' title='bbox 984 3443 1035 3490; x_wconf 89' lang='lat' dir='ltr'>sut</span> <span class='ocrx_word' id='word_1_280' title='bbox 1062 3434 1176 3490; x_wconf 65' lang='lat' dir='ltr'>(olonna</span> 
     </span>
     <span class='ocr_line' id='line_1_33' title="bbox 91 3516 1176 3595; baseline -0.003 -17"><span class='ocrx_word' id='word_1_281' title='bbox 91 3523 138 3578; x_wconf 75' lang='lat' dir='ltr'>itte</span> <span class='ocrx_word' id='word_1_282' title='bbox 163 3519 332 3595; x_wconf 89' lang='lat' dir='ltr'>ponendum</span> <span class='ocrx_word' id='word_1_283' title='bbox 354 3516 460 3589; x_wconf 88' lang='lat' dir='ltr'>fuisse,</span> <span class='ocrx_word' id='word_1_284' title='bbox 484 3520 562 3594; x_wconf 92' lang='lat' dir='ltr'>quod</span> <span class='ocrx_word' id='word_1_285' title='bbox 585 3519 734 3577; x_wconf 89' lang='lat' dir='ltr'>Bremio</span> <span class='ocrx_word' id='word_1_286' title='bbox 726 3538 756 3575; x_wconf 91' lang='grc' dir='ltr'>ιιι</span> <span class='ocrx_word' id='word_1_287' title='bbox 780 3528 905 3576; x_wconf 88' lang='lat' dir='ltr'>mentem</span> <span class='ocrx_word' id='word_1_288' title='bbox 928 3518 1023 3589; x_wconf 83' lang='lat' dir='ltr'>venit,</span> <span class='ocrx_word' id='word_1_289' title='bbox 1052 3529 1116 3590; x_wconf 90' lang='lat' dir='ltr'>aut,</span> <span class='ocrx_word' id='word_1_290' title='bbox 1151 3519 1176 3575; x_wconf 93' lang='lat' dir='ltr'>si</span> 
     </span>
     <span class='ocr_line' id='line_1_34' title="bbox 92 3603 1175 3680; baseline -0.002 -18"><span class='ocrx_word' id='word_1_291' title='bbox 92 3624 207 3664; x_wconf 90' lang='lat' dir='ltr'>nomen</span> <span class='ocrx_word' id='word_1_292' title='bbox 230 3603 441 3680; x_wconf 78' lang='lat' dir='ltr'>appellativum</span> <span class='ocrx_word' id='word_1_293' title='bbox 464 3605 570 3662; x_wconf 83' lang='lat' dir='ltr'>addere</span> <span class='ocrx_word' id='word_1_294' title='bbox 594 3606 739 3680; x_wconf 79' lang='lat' dir='ltr'>placeret,</span> <span class='ocrx_word' id='word_1_295' title='bbox 768 3603 821 3661; x_wconf 88' lang='lat' dir='ltr'>tali</span> <span class='ocrx_word' id='word_1_296' title='bbox 842 3605 982 3661; x_wconf 88' lang='lat' dir='ltr'>utendum</span> <span class='ocrx_word' id='word_1_297' title='bbox 1005 3604 1111 3676; x_wconf 85' lang='lat' dir='ltr'>fuisse,</span> <span class='ocrx_word' id='word_1_298' title='bbox 1146 3605 1175 3660; x_wconf 93' lang='lat' dir='ltr'>in</span> 
     </span>
     <span class='ocr_line' id='line_1_35' title="bbox 92 3686 1177 3768; baseline -0.003 -20"><span class='ocrx_word' id='word_1_299' title='bbox 92 3711 157 3766; x_wconf 92' lang='lat' dir='ltr'>quo</span> <span class='ocrx_word' id='word_1_300' title='bbox 181 3689 348 3765; x_wconf 88' lang='lat' dir='ltr'>proprietas</span> <span class='ocrx_word' id='word_1_301' title='bbox 370 3689 469 3764; x_wconf 86' lang='lat' dir='ltr'>eliqua</span> <span class='ocrx_word' id='word_1_302' title='bbox 491 3700 657 3760; x_wconf 87' lang='lat' dir='ltr'>notaretur,</span> <span class='ocrx_word' id='word_1_303' title='bbox 691 3690 787 3758; x_wconf 89' lang='lat' dir='ltr'>velut,</span> <span class='ocrx_word' id='word_1_304' title='bbox 812 3691 891 3764; x_wconf 89' lang='lat' dir='ltr'>quod</span> <span class='ocrx_word' id='word_1_305' title='bbox 901 3689 1099 3748; x_wconf 85' lang='lat' dir='ltr'>Valckenario</span> <span class='ocrx_word' id='word_1_306' title='bbox 1123 3686 1177 3768; x_wconf 90' lang='lat' dir='ltr'>(ad</span> 
     </span>
     <span class='ocr_line' id='line_1_36' title="bbox 92 3775 1175 3851; baseline -0.005 -15"><span class='ocrx_word' id='word_1_307' title='bbox 92 3775 273 3836; x_wconf 85' lang='lat' dir='ltr'>Callimach.</span> <span class='ocrx_word' id='word_1_308' title='bbox 285 3795 314 3851; x_wconf 88' lang='lat' dir='ltr'>p.</span> <span class='ocrx_word' id='word_1_309' title='bbox 327 3775 402 3850; x_wconf 80' lang='lat'>216)</span> <span class='ocrx_word' id='word_1_310' title='bbox 425 3776 545 3850; x_wconf 89' lang='lat' dir='ltr'>placuit,</span> <span class='ocrx_word' id='word_1_311' title='bbox 573 3777 700 3833; x_wconf 71' lang='lat' dir='ltr'>(blatteus</span> <span class='ocrx_word' id='word_1_312' title='bbox 722 3779 766 3832; x_wconf 73' lang='lat' dir='ltr'>itte</span> <span class='ocrx_word' id='word_1_313' title='bbox 788 3779 871 3832; x_wconf 76' lang='lat' dir='ltr'>litores.</span> <span class='ocrx_word' id='word_1_314' title='bbox 917 3775 975 3834; x_wconf 87' lang='lat' dir='ltr'>Sed</span> <span class='ocrx_word' id='word_1_315' title='bbox 987 3776 1049 3832; x_wconf 83' lang='lat' dir='ltr'>lieri</span> <span class='ocrx_word' id='word_1_316' title='bbox 1068 3784 1175 3851; x_wconf 88' lang='lat' dir='ltr'>potest,</span> 
     </span>
     <span class='ocr_line' id='line_1_37' title="bbox 92 3861 1177 3936; baseline -0.003 -16"><span class='ocrx_word' id='word_1_317' title='bbox 92 3873 128 3920; x_wconf 83' lang='lat' dir='ltr'>ut</span> <span class='ocrx_word' id='word_1_318' title='bbox 152 3861 260 3921; x_wconf 91' lang='lat' dir='ltr'>Cicero</span> <span class='ocrx_word' id='word_1_319' title='bbox 288 3861 340 3917; x_wconf 88' lang='lat' dir='ltr'>illa</span> <span class='ocrx_word' id='word_1_320' title='bbox 369 3861 626 3920; x_wconf 87' lang='lat' dir='ltr'>circumlocutione</span> <span class='ocrx_word' id='word_1_321' title='bbox 653 3880 724 3918; x_wconf 89' lang='lat' dir='ltr'>usus</span> <span class='ocrx_word' id='word_1_322' title='bbox 752 3861 803 3931; x_wconf 90' lang='lat' dir='ltr'>sit,</span> <span class='ocrx_word' id='word_1_323' title='bbox 838 3863 915 3936; x_wconf 86' lang='lat' dir='ltr'>quod</span> <span class='ocrx_word' id='word_1_324' title='bbox 949 3862 1062 3918; x_wconf 83' lang='lat' dir='ltr'>Celonas</span> <span class='ocrx_word' id='word_1_325' title='bbox 1084 3862 1177 3918; x_wconf 88' lang='lat' dir='ltr'>ambi-</span> 
     </span>
     <span class='ocr_line' id='line_1_38' title="bbox 92 3946 1176 4026; baseline -0.002 -22"><span class='ocrx_word' id='word_1_326' title='bbox 92 3948 243 4026; x_wconf 79' lang='lat' dir='ltr'>guitatem</span> <span class='ocrx_word' id='word_1_327' title='bbox 265 3946 393 4004; x_wconf 86' lang='lat' dir='ltr'>habebat</span> <span class='ocrx_word' id='word_1_328' title='bbox 414 3955 535 4022; x_wconf 88' lang='lat' dir='ltr'>propter</span> <span class='ocrx_word' id='word_1_329' title='bbox 556 3948 693 4004; x_wconf 87' lang='lat' dir='ltr'>Latinam</span> <span class='ocrx_word' id='word_1_330' title='bbox 715 3965 816 4004; x_wconf 86' lang='lat' dir='ltr'>vocem</span> <span class='ocrx_word' id='word_1_331' title='bbox 830 3949 985 4004; x_wconf 88' lang='lat' dir='ltr'>earundem</span> <span class='ocrx_word' id='word_1_332' title='bbox 1003 3947 1176 4004; x_wconf 88' lang='lat' dir='ltr'>litterarum.</span> 
     </span>
     <span class='ocr_line' id='line_1_39' title="bbox 94 4029 1175 4110; baseline -0.003 -20"><span class='ocrx_word' id='word_1_333' title='bbox 94 4033 189 4108; x_wconf 84' lang='lat' dir='ltr'>Quod</span> <span class='ocrx_word' id='word_1_334' title='bbox 210 4032 376 4090; x_wconf 83' lang='lat' dir='ltr'>Pausanias</span> <span class='ocrx_word' id='word_1_335' title='bbox 400 4032 438 4109; x_wconf 86' lang='lat'>(1,</span> <span class='ocrx_word' id='word_1_336' title='bbox 453 4033 502 4104; x_wconf 84' lang='lat'>30,</span> <span class='ocrx_word' id='word_1_337' title='bbox 516 4031 549 4109; x_wconf 88' lang='lat'>4)</span> <span class='ocrx_word' id='word_1_338' title='bbox 573 4033 717 4092; x_wconf 90' lang='lat' dir='ltr'>Colonum</span> <span class='ocrx_word' id='word_1_339' title='bbox 741 4032 813 4090; x_wconf 89' lang='lat' dir='ltr'>dicit</span> <span class='ocrx_word' id='word_1_340' title='bbox 835 4053 898 4091; x_wconf 89' lang='lat' dir='ltr'>esse</span> <span class='ocrx_word' id='word_1_341' title='bbox 921 4034 1017 4090; x_wconf 89' lang='lat' dir='ltr'>locum</span> <span class='ocrx_word' id='word_1_342' title='bbox 1040 4029 1175 4110; x_wconf 75' lang='grc' dir='ltr'><strong>(χῶροι),</strong></span> 
     </span>
     <span class='ocr_line' id='line_1_40' title="bbox 94 4117 1175 4194; baseline -0.003 -17"><span class='ocrx_word' id='word_1_343' title='bbox 94 4121 125 4177; x_wconf 89' lang='lat' dir='ltr'>id</span> <span class='ocrx_word' id='word_1_344' title='bbox 150 4117 271 4193; x_wconf 90' lang='lat' dir='ltr'>quidem</span> <span class='ocrx_word' id='word_1_345' title='bbox 295 4117 332 4174; x_wconf 90' lang='lat' dir='ltr'>ad</span> <span class='ocrx_word' id='word_1_346' title='bbox 355 4118 430 4176; x_wconf 91' lang='lat' dir='ltr'>hauc</span> <span class='ocrx_word' id='word_1_347' title='bbox 458 4138 519 4176; x_wconf 88' lang='lat' dir='ltr'>rem</span> <span class='ocrx_word' id='word_1_348' title='bbox 548 4117 622 4176; x_wconf 88' lang='lat' dir='ltr'>nihil</span> <span class='ocrx_word' id='word_1_349' title='bbox 650 4119 786 4194; x_wconf 88' lang='lat' dir='ltr'>pertinet.</span> <span class='ocrx_word' id='word_1_350' title='bbox 831 4118 866 4192; x_wconf 81' lang='lat' dir='ltr'>Q.</span> <span class='ocrx_word' id='word_1_351' title='bbox 885 4119 1056 4176; x_wconf 87' lang='lat' dir='ltr'>Ciceronem</span> <span class='ocrx_word' id='word_1_352' title='bbox 1080 4119 1175 4194; x_wconf 89' lang='lat' dir='ltr'>ipsum</span> 
     </span>
     <span class='ocr_line' id='line_1_41' title="bbox 94 4203 1177 4281; baseline -0.002 -19"><span class='ocrx_word' id='word_1_353' title='bbox 94 4204 269 4281; x_wconf 82' lang='lat' dir='ltr'>tragoedias</span> <span class='ocrx_word' id='word_1_354' title='bbox 292 4203 454 4279; x_wconf 86' lang='lat' dir='ltr'>scripsisse,</span> <span class='ocrx_word' id='word_1_355' title='bbox 478 4204 508 4260; x_wconf 92' lang='lat' dir='ltr'>in</span> <span class='ocrx_word' id='word_1_356' title='bbox 531 4205 585 4260; x_wconf 91' lang='lat' dir='ltr'>hac</span> <span class='ocrx_word' id='word_1_357' title='bbox 608 4203 765 4279; x_wconf 89' lang='lat' dir='ltr'>Sophoclis</span> <span class='ocrx_word' id='word_1_358' title='bbox 787 4205 1064 4262; x_wconf 88' lang='lat' dir='ltr'>commemoratione</span> <span class='ocrx_word' id='word_1_359' title='bbox 1077 4204 1177 4261; x_wconf 89' lang='lat' dir='ltr'>memi-</span> 
     </span>
     <span class='ocr_line' id='line_1_42' title="bbox 95 4289 440 4349; baseline -0.003 0"><span class='ocrx_word' id='word_1_360' title='bbox 95 4291 180 4349; x_wconf 87' lang='lat' dir='ltr'>nisse</span> <span class='ocrx_word' id='word_1_361' title='bbox 203 4289 352 4346; x_wconf 88' lang='lat' dir='ltr'>debemus.</span> <span class='ocrx_word' id='word_1_362' title='bbox 438 4341 440 4348; x_wconf 57' lang='grc'><strong>.</strong></span> 
     </span>
    </p>
   </div>
   <div class='ocr_carea' id='block_1_5' title="bbox 0 0 1510 5020">
    <p class='ocr_par' dir='ltr' id='par_1_7' title="bbox 0 0 1510 5020">
     <span class='ocr_line' id='line_1_43' title="bbox 0 0 1510 5020; baseline 0 0"><span class='ocrx_word' id='word_1_363' title='bbox 0 0 1510 5020; x_wconf 95' lang='lat' dir='ltr'> </span> 
     </span>
    </p>
   </div>
  </div>
 </body>
</html>
