<?xml version="1.0" encoding="UTF-8"?>
<!DOCTYPE html PUBLIC "-//W3C//DTD XHTML 1.0 Transitional//EN"
    "http://www.w3.org/TR/xhtml1/DTD/xhtml1-transitional.dtd">
<html xmlns="http://www.w3.org/1999/xhtml" xml:lang="en" lang="en">
 <head>
  <title>
</title>
<meta http-equiv="Content-Type" content="text/html;charset=utf-8" />
  <meta name='ocr-system' content='tesseract 3.04.00' />
  <meta name='ocr-capabilities' content='ocr_page ocr_carea ocr_par ocr_line ocrx_word'/>
</head>
<body>
  <div class='ocr_page' id='page_1' title='image "./definibusbonoru04cicegoog_0856.png"; bbox 0 0 2944 5040; ppageno 0'>
   <div class='ocr_carea' id='block_1_1' title="bbox 292 293 974 358">
    <p class='ocr_par' dir='ltr' id='par_1_1' title="bbox 292 293 974 358">
     <span class='ocr_line' id='line_1_1' title="bbox 292 293 974 358; baseline 0 -2"><span class='ocrx_word' id='word_1_1' title='bbox 292 293 355 356; x_wconf 74' lang='lat' dir='ltr'>iso</span> <span class='ocrx_word' id='word_1_2' title='bbox 685 311 727 356; x_wconf 83' lang='lat' dir='ltr'>aa</span> <span class='ocrx_word' id='word_1_3' title='bbox 750 311 880 358; x_wconf 79' lang='lat' dir='ltr'>rruraus</span> <span class='ocrx_word' id='word_1_4' title='bbox 903 311 974 356; x_wconf 81' lang='lat' dir='ltr'>uos.</span> 
     </span>
    </p>
   </div>
   <div class='ocr_carea' id='block_1_2' title="bbox 234 412 1434 1484">
    <p class='ocr_par' dir='ltr' id='par_1_2' title="bbox 234 412 1434 1484">
     <span class='ocr_line' id='line_1_2' title="bbox 292 412 1434 561; baseline 0.003 -17"><span class='ocrx_word' id='word_1_5' title='bbox 292 497 353 544; x_wconf 91' lang='lat' dir='ltr'>non</span> <span class='ocrx_word' id='word_1_6' title='bbox 383 479 520 544; x_wconf 88' lang='lat' dir='ltr'>dubitem</span> <span class='ocrx_word' id='word_1_7' title='bbox 547 479 659 558; x_wconf 86' lang='lat' dir='ltr'>dicere,</span> <span class='ocrx_word' id='word_1_8' title='bbox 688 497 793 544; x_wconf 89' lang='lat' dir='ltr'>omnes</span> <span class='ocrx_word' id='word_1_9' title='bbox 822 479 979 560; x_wconf 88' lang='lat' dir='ltr'>sapientes</span> <span class='ocrx_word' id='word_1_10' title='bbox 1007 497 1132 561; x_wconf 85' lang='lat' dir='ltr'>semper</span> <span class='ocrx_word' id='word_1_11' title='bbox 1159 498 1229 544; x_wconf 88' lang='lat' dir='ltr'>esse</span> <span class='ocrx_word' id='word_1_12' title='bbox 1250 480 1354 550; x_wconf 79' lang='lat' dir='ltr'>beatos</span> <span class='ocrx_word' id='word_1_13' title='bbox 1432 412 1434 520; x_wconf 69' lang='lat' dir='ltr'>i</span> 
     </span>
     <span class='ocr_line' id='line_1_3' title="bbox 291 579 1355 664; baseline -0.001 -18"><span class='ocrx_word' id='word_1_14' title='bbox 291 583 347 646; x_wconf 91' lang='lat' dir='ltr'>sed</span> <span class='ocrx_word' id='word_1_15' title='bbox 369 587 473 646; x_wconf 86' lang='lat' dir='ltr'>tamen</span> <span class='ocrx_word' id='word_1_16' title='bbox 495 579 563 646; x_wconf 89' lang='lat' dir='ltr'>fieri</span> <span class='ocrx_word' id='word_1_17' title='bbox 584 599 687 662; x_wconf 90' lang='lat' dir='ltr'>posse,</span> <span class='ocrx_word' id='word_1_18' title='bbox 709 587 745 645; x_wconf 93' lang='lat' dir='ltr'>ut</span> <span class='ocrx_word' id='word_1_19' title='bbox 767 582 808 646; x_wconf 93' lang='lat' dir='ltr'>sit</span> <span class='ocrx_word' id='word_1_20' title='bbox 829 581 909 646; x_wconf 87' lang='lat' dir='ltr'>alius</span> <span class='ocrx_word' id='word_1_21' title='bbox 931 581 991 648; x_wconf 87' lang='lat' dir='ltr'>alio</span> <span class='ocrx_word' id='word_1_22' title='bbox 1016 582 1142 647; x_wconf 87' lang='lat' dir='ltr'>heatior.</span> <span class='ocrx_word' id='word_1_23' title='bbox 1187 583 1281 664; x_wconf 79' lang='lat' dir='ltr'>Atqui</span> <span class='ocrx_word' id='word_1_24' title='bbox 1306 583 1355 645; x_wconf 82' lang='lat' dir='ltr'>iate</span> 
     </span>
     <span class='ocr_line' id='line_1_4' title="bbox 290 683 1354 766; baseline 0 -18"><span class='ocrx_word' id='word_1_25' title='bbox 290 685 377 749; x_wconf 88' lang='lat' dir='ltr'>locus</span> <span class='ocrx_word' id='word_1_26' title='bbox 400 688 456 762; x_wconf 81' lang='lat' dir='ltr'>est,</span> <span class='ocrx_word' id='word_1_27' title='bbox 478 683 560 762; x_wconf 88' lang='lat' dir='ltr'>Piso,</span> <span class='ocrx_word' id='word_1_28' title='bbox 582 683 1354 766; x_wconf 87' lang='lat' dir='ltr'>tibietiamatqueetiamconfirmaudus,·inquam;</span> 
     </span>
     <span class='ocr_line' id='line_1_5' title="bbox 291 785 1355 868; baseline 0 -17"><span class='ocrx_word' id='word_1_29' title='bbox 291 805 383 868; x_wconf 89' lang='lat' dir='ltr'>quem</span> <span class='ocrx_word' id='word_1_30' title='bbox 406 785 433 850; x_wconf 92' lang='lat' dir='ltr'>si</span> <span class='ocrx_word' id='word_1_31' title='bbox 454 786 606 864; x_wconf 89' lang='lat' dir='ltr'>tenueris,</span> <span class='ocrx_word' id='word_1_32' title='bbox 639 806 700 851; x_wconf 92' lang='lat' dir='ltr'>uon</span> <span class='ocrx_word' id='word_1_33' title='bbox 722 787 814 852; x_wconf 92' lang='lat' dir='ltr'>modo</span> <span class='ocrx_word' id='word_1_34' title='bbox 842 787 1158 866; x_wconf 83' lang='lat' dir='ltr'>meum&#39;Ciceronem,</span> <span class='ocrx_word' id='word_1_35' title='bbox 1193 789 1249 852; x_wconf 91' lang='lat' dir='ltr'>sed</span> <span class='ocrx_word' id='word_1_36' title='bbox 1273 787 1355 851; x_wconf 86' lang='lat' dir='ltr'>etiam</span> 
     </span>
     <span class='ocr_line' id='line_1_6' title="bbox 253 888 1354 971; baseline -0.002 -17"><span class='ocrx_word' id='word_1_37' title='bbox 253 890 341 954; x_wconf 78' lang='lat' dir='ltr'>ome</span> <span class='ocrx_word' id='word_1_38' title='bbox 362 889 464 970; x_wconf 90' lang='lat' dir='ltr'>ipsum</span> <span class='ocrx_word' id='word_1_39' title='bbox 486 889 623 955; x_wconf 87' lang='lat' dir='ltr'>abducas</span> <span class='ocrx_word' id='word_1_40' title='bbox 644 888 755 954; x_wconf 88' lang='lat' dir='ltr'>licebit.</span> <span class='ocrx_word' id='word_1_41' title='bbox 795 891 845 954; x_wconf 85' lang='lat'>96.</span> <span class='ocrx_word' id='word_1_42' title='bbox 869 889 948 954; x_wconf 90' lang='lat' dir='ltr'>Tum</span> <span class='ocrx_word' id='word_1_43' title='bbox 966 889 1114 968; x_wconf 83' lang='lat' dir='ltr'>Quintus:</span> <span class='ocrx_word' id='word_1_44' title='bbox 1137 889 1214 954; x_wconf 88' lang='lat' dir='ltr'><strong>Mihi</strong></span> <span class='ocrx_word' id='word_1_45' title='bbox 1235 889 1354 971; x_wconf 85' lang='lat' dir='ltr'>quidem</span> 
     </span>
     <span class='ocr_line' id='line_1_7' title="bbox 291 989 1354 1074; baseline -0.001 -19"><span class='ocrx_word' id='word_1_46' title='bbox 291 991 401 1072; x_wconf 89' lang='lat' dir='ltr'>inquit,</span> <span class='ocrx_word' id='word_1_47' title='bbox 424 991 501 1056; x_wconf 90' lang='lat' dir='ltr'>satis</span> <span class='ocrx_word' id='word_1_48' title='bbox 523 992 581 1056; x_wconf 90' lang='lat' dir='ltr'>hoc</span> <span class='ocrx_word' id='word_1_49' title='bbox 603 989 817 1056; x_wconf 90' lang='lat' dir='ltr'>confirmatum</span> <span class='ocrx_word' id='word_1_50' title='bbox 834 991 972 1072; x_wconf 88' lang='lat' dir='ltr'>videtur,</span> <span class='ocrx_word' id='word_1_51' title='bbox 993 993 1155 1074; x_wconf 89' lang='lat' dir='ltr'>laetorque</span> <span class='ocrx_word' id='word_1_52' title='bbox 1176 1011 1245 1057; x_wconf 89' lang='lat' dir='ltr'>earn</span> <span class='ocrx_word' id='word_1_53' title='bbox 1265 991 1354 1072; x_wconf 81' lang='lat' dir='ltr'>philo</span> 
     </span>
     <span class='ocr_line' id='line_1_8' title="bbox 292 1093 1354 1176; baseline -0.002 -18"><span class='ocrx_word' id='word_1_54' title='bbox 292 1094 441 1175; x_wconf 85' lang='lat' dir='ltr'>sophiam,</span> <span class='ocrx_word' id='word_1_55' title='bbox 464 1093 551 1158; x_wconf 92' lang='lat' dir='ltr'>cuius</span> <span class='ocrx_word' id='word_1_56' title='bbox 573 1099 666 1158; x_wconf 91' lang='lat' dir='ltr'>autea</span> <span class='ocrx_word' id='word_1_57' title='bbox 688 1093 908 1175; x_wconf 89' lang='lat' dir='ltr'>supellectilem</span> <span class='ocrx_word' id='word_1_58' title='bbox 930 1093 1029 1176; x_wconf 90' lang='lat' dir='ltr'>pluris</span> <span class='ocrx_word' id='word_1_59' title='bbox 1051 1095 1251 1160; x_wconf 81' lang='lat' dir='ltr'>aestimabam</span> <span class='ocrx_word' id='word_1_60' title='bbox 1271 1111 1354 1174; x_wconf 87' lang='lat' dir='ltr'>quam</span> 
     </span>
     <span class='ocr_line' id='line_1_9' title="bbox 291 1194 1353 1277; baseline -0.002 -17"><span class='ocrx_word' id='word_1_61' title='bbox 291 1197 506 1277; x_wconf 88' lang='lat' dir='ltr'>possessiones</span> <span class='ocrx_word' id='word_1_62' title='bbox 534 1195 722 1277; x_wconf 90' lang='lat' dir='ltr'>reliquarum</span> <span class='ocrx_word' id='word_1_63' title='bbox 755 1196 812 1277; x_wconf 85' lang='lat' dir='ltr'>(ita</span> <span class='ocrx_word' id='word_1_64' title='bbox 845 1195 918 1260; x_wconf 91' lang='lat' dir='ltr'>mihi</span> <span class='ocrx_word' id='word_1_65' title='bbox 946 1196 1033 1262; x_wconf 84' lang='lat' dir='ltr'>dives</span> <span class='ocrx_word' id='word_1_66' title='bbox 1060 1197 1236 1274; x_wconf 89' lang='lat' dir='ltr'>videbatur,</span> <span class='ocrx_word' id='word_1_67' title='bbox 1268 1205 1301 1260; x_wconf 89' lang='lat' dir='ltr'>ut</span> <span class='ocrx_word' id='word_1_68' title='bbox 1320 1194 1353 1258; x_wconf 87' lang='lat' dir='ltr'>ab</span> 
     </span>
     <span class='ocr_line' id='line_1_10' title="bbox 292 1297 1353 1380; baseline 0 -18"><span class='ocrx_word' id='word_1_69' title='bbox 292 1317 330 1362; x_wconf 88' lang='lat' dir='ltr'>ea</span> <span class='ocrx_word' id='word_1_70' title='bbox 351 1307 458 1379; x_wconf 87' lang='lat' dir='ltr'>petere</span> <span class='ocrx_word' id='word_1_71' title='bbox 470 1317 603 1379; x_wconf 89' lang='lat' dir='ltr'>possem,</span> <span class='ocrx_word' id='word_1_72' title='bbox 626 1297 776 1380; x_wconf 90' lang='lat' dir='ltr'>quidquid</span> <span class='ocrx_word' id='word_1_73' title='bbox 797 1299 829 1364; x_wconf 90' lang='lat' dir='ltr'>iu</span> <span class='ocrx_word' id='word_1_74' title='bbox 850 1298 959 1363; x_wconf 89' lang='lat' dir='ltr'>studiis</span> <span class='ocrx_word' id='word_1_75' title='bbox 987 1299 1102 1364; x_wconf 87' lang='lat' dir='ltr'>nostris</span> <span class='ocrx_word' id='word_1_76' title='bbox 1130 1299 1353 1380; x_wconf 73' lang='lat' dir='ltr'>concupissent,</span> 
     </span>
     <span class='ocr_line' id='line_1_11' title="bbox 234 1398 1352 1484; baseline 0.001 -18"><span class='ocrx_word' id='word_1_77' title='bbox 234 1403 275 1468; x_wconf 90' lang='lat'>10</span> <span class='ocrx_word' id='word_1_78' title='bbox 292 1398 372 1464; x_wconf 87' lang='lat' dir='ltr'>hauc</span> <span class='ocrx_word' id='word_1_79' title='bbox 393 1399 489 1482; x_wconf 82' lang='lat' dir='ltr'>igitur</span> <span class='ocrx_word' id='word_1_80' title='bbox 510 1399 610 1465; x_wconf 89' lang='lat' dir='ltr'>laetor</span> <span class='ocrx_word' id='word_1_81' title='bbox 631 1401 724 1466; x_wconf 85' lang='lat' dir='ltr'>etiam</span> <span class='ocrx_word' id='word_1_82' title='bbox 746 1401 914 1466; x_wconf 84' lang='lat' dir='ltr'>acutiorem</span> <span class='ocrx_word' id='word_1_83' title='bbox 937 1409 1094 1482; x_wconf 83' lang='lat' dir='ltr'>repertam</span> <span class='ocrx_word' id='word_1_84' title='bbox 1121 1420 1217 1484; x_wconf 89' lang='lat' dir='ltr'>quam</span> <span class='ocrx_word' id='word_1_85' title='bbox 1238 1409 1352 1477; x_wconf 65' lang='lat' dir='ltr'>ceteras</span> 
     </span>
    </p>
   </div>
   <div class='ocr_carea' id='block_1_3' title="bbox 291 1587 1352 1790">
    <p class='ocr_par' dir='ltr' id='par_1_3' title="bbox 291 1587 1352 1790">
     <span class='ocr_line' id='line_1_12' title="bbox 364 1587 1352 1653; baseline 0.003 -18"><span class='ocrx_word' id='word_1_86' title='bbox 364 1593 384 1635; x_wconf 92' lang='lat' dir='ltr'>l.</span> <span class='ocrx_word' id='word_1_87' title='bbox 404 1588 484 1638; x_wconf 76' lang='lat' dir='ltr'>heatae</span> <span class='ocrx_word' id='word_1_88' title='bbox 502 1605 552 1638; x_wconf 80' lang='lat' dir='ltr'>ease</span> <span class='ocrx_word' id='word_1_89' title='bbox 570 1587 706 1642; x_wconf 77' lang='lat' dir='ltr'>LPcROr.</span> <span class='ocrx_word' id='word_1_90' title='bbox 777 1595 799 1637; x_wconf 83' lang='lat' dir='ltr'>h.</span> <span class='ocrx_word' id='word_1_91' title='bbox 823 1587 880 1637; x_wconf 75' lang='lat' dir='ltr'>mhi</span> <span class='ocrx_word' id='word_1_92' title='bbox 899 1589 949 1652; x_wconf 75' lang='lat' dir='ltr'>quit</span> <span class='ocrx_word' id='word_1_93' title='bbox 972 1591 994 1639; x_wconf 84' lang='lat' dir='ltr'>E</span> <span class='ocrx_word' id='word_1_94' title='bbox 1064 1593 1086 1640; x_wconf 80' lang='grc'>6,</span> <span class='ocrx_word' id='word_1_95' title='bbox 1112 1587 1189 1639; x_wconf 67' lang='lat' dir='ltr'>laeta</span> <span class='ocrx_word' id='word_1_96' title='bbox 1207 1589 1293 1653; x_wconf 73' lang='lat' dir='ltr'>quidem</span> <span class='ocrx_word' id='word_1_97' title='bbox 1306 1587 1352 1652; x_wconf 61' lang='lat' dir='ltr'>phi</span> 
     </span>
     <span class='ocr_line' id='line_1_13' title="bbox 292 1655 1351 1725; baseline -0.005 -17"><span class='ocrx_word' id='word_1_98' title='bbox 292 1656 422 1722; x_wconf 81' lang='lat' dir='ltr'>loeophiom</span> <span class='ocrx_word' id='word_1_99' title='bbox 441 1673 535 1717; x_wconf 86' lang='lat' dir='ltr'>omnes,</span> <span class='ocrx_word' id='word_1_100' title='bbox 554 1657 597 1708; x_wconf 89' lang='lat' dir='ltr'>Or.</span> <span class='ocrx_word' id='word_1_101' title='bbox 687 1661 708 1706; x_wconf 90' lang='grc'>7.</span> <span class='ocrx_word' id='word_1_102' title='bbox 736 1655 803 1725; x_wconf 80' lang='lat' dir='ltr'>[quid</span> <span class='ocrx_word' id='word_1_103' title='bbox 819 1673 865 1724; x_wconf 91' lang='lat' dir='ltr'>pro</span> <span class='ocrx_word' id='word_1_104' title='bbox 884 1675 954 1722; x_wconf 81' lang='lat' dir='ltr'>quom</span> <span class='ocrx_word' id='word_1_105' title='bbox 971 1657 1021 1724; x_wconf 84' lang='lat' dir='ltr'>Eh]</span> <span class='ocrx_word' id='word_1_106' title='bbox 1111 1664 1134 1706; x_wconf 84' lang='lat'>8.</span> <span class='ocrx_word' id='word_1_107' title='bbox 1156 1655 1351 1723; x_wconf 72' lang='lat' dir='ltr'>pommeimmh</span> 
     </span>
     <span class='ocr_line' id='line_1_14' title="bbox 291 1725 606 1790; baseline -0.006 -14"><span class='ocrx_word' id='word_1_108' title='bbox 291 1727 432 1790; x_wconf 78' lang='lat' dir='ltr'>reliquorum</span> <span class='ocrx_word' id='word_1_109' title='bbox 452 1741 545 1787; x_wconf 84' lang='lat' dir='ltr'>omnes,</span> <span class='ocrx_word' id='word_1_110' title='bbox 564 1725 606 1776; x_wconf 90' lang='lat' dir='ltr'>Or.</span> 
     </span>
    </p>
   </div>
   <div class='ocr_carea' id='block_1_4' title="bbox 285 1881 1352 4353">
    <p class='ocr_par' dir='ltr' id='par_1_4' title="bbox 285 1881 1351 2645">
     <span class='ocr_line' id='line_1_15' title="bbox 292 1881 1349 1958; baseline -0.004 -18"><span class='ocrx_word' id='word_1_111' title='bbox 292 1884 359 1941; x_wconf 87' lang='lat' dir='ltr'>aliis</span> <span class='ocrx_word' id='word_1_112' title='bbox 392 1882 508 1940; x_wconf 88' lang='lat' dir='ltr'>indiciis</span> <span class='ocrx_word' id='word_1_113' title='bbox 542 1883 676 1958; x_wconf 86' lang='lat' dir='ltr'>coargui;</span> <span class='ocrx_word' id='word_1_114' title='bbox 715 1881 789 1938; x_wconf 91' lang='lat' dir='ltr'>illud</span> <span class='ocrx_word' id='word_1_115' title='bbox 822 1901 937 1957; x_wconf 90' lang='lat' dir='ltr'>quoque</span> <span class='ocrx_word' id='word_1_116' title='bbox 971 1883 1168 1940; x_wconf 84' lang='lat' dir='ltr'>certissimum</span> <span class='ocrx_word' id='word_1_117' title='bbox 1206 1893 1264 1952; x_wconf 89' lang='lat' dir='ltr'>est,</span> <span class='ocrx_word' id='word_1_118' title='bbox 1294 1899 1349 1938; x_wconf 85' lang='lat' dir='ltr'>cum</span> 
     </span>
     <span class='ocr_line' id='line_1_16' title="bbox 293 1967 1350 2047; baseline -0.006 -21"><span class='ocrx_word' id='word_1_119' title='bbox 293 1969 463 2047; x_wconf 82' lang='lat' dir='ltr'>significem,</span> <span class='ocrx_word' id='word_1_120' title='bbox 486 1969 526 2039; x_wconf 88' lang='lat' dir='ltr'>id,</span> <span class='ocrx_word' id='word_1_121' title='bbox 550 1969 628 2043; x_wconf 87' lang='lat' dir='ltr'>quod</span> <span class='ocrx_word' id='word_1_122' title='bbox 651 1987 689 2024; x_wconf 87' lang='lat' dir='ltr'>ex</span> <span class='ocrx_word' id='word_1_123' title='bbox 711 1967 811 2042; x_wconf 86' lang='lat' dir='ltr'>aliqua</span> <span class='ocrx_word' id='word_1_124' title='bbox 832 1986 864 2024; x_wconf 88' lang='lat' dir='ltr'>re</span> <span class='ocrx_word' id='word_1_125' title='bbox 887 1969 1038 2044; x_wconf 84' lang='lat' dir='ltr'>expectari</span> <span class='ocrx_word' id='word_1_126' title='bbox 1061 1969 1205 2040; x_wconf 87' lang='lat' dir='ltr'>debuerit,</span> <span class='ocrx_word' id='word_1_127' title='bbox 1226 1987 1281 2026; x_wconf 90' lang='lat' dir='ltr'>non</span> <span class='ocrx_word' id='word_1_128' title='bbox 1296 1983 1350 2023; x_wconf 83' lang='lat' dir='ltr'>esea</span> 
     </span>
     <span class='ocr_line' id='line_1_17' title="bbox 292 2053 1350 2130; baseline -0.007 -18"><span class='ocrx_word' id='word_1_129' title='bbox 292 2063 489 2126; x_wconf 86' lang='lat' dir='ltr'>consecutum,</span> <span class='ocrx_word' id='word_1_130' title='bbox 512 2053 618 2112; x_wconf 87' lang='lat' dir='ltr'>Latine</span> <span class='ocrx_word' id='word_1_131' title='bbox 641 2071 699 2111; x_wconf 90' lang='lat' dir='ltr'>non</span> <span class='ocrx_word' id='word_1_132' title='bbox 723 2071 809 2130; x_wconf 84' lang='lat' dir='ltr'>posse</span> <span class='ocrx_word' id='word_1_133' title='bbox 831 2054 994 2111; x_wconf 88' lang='lat' dir='ltr'>orationem</span> <span class='ocrx_word' id='word_1_134' title='bbox 1025 2055 1066 2112; x_wconf 89' lang='lat' dir='ltr'>sic</span> <span class='ocrx_word' id='word_1_135' title='bbox 1096 2055 1275 2112; x_wconf 86' lang='lat' dir='ltr'>continuari:</span> <span class='ocrx_word' id='word_1_136' title='bbox 1300 2069 1350 2109; x_wconf 77' lang='lat' dir='ltr'>curi</span> 
     </span>
     <span class='ocr_line' id='line_1_18' title="bbox 288 2141 1350 2216; baseline -0.005 -20"><span class='ocrx_word' id='word_1_137' title='bbox 288 2141 475 2216; x_wconf 80' lang='lat' dir='ltr'>philosophiae</span> <span class='ocrx_word' id='word_1_138' title='bbox 497 2141 654 2210; x_wconf 78' lang='lat' dir='ltr'>striduem&#39;m,</span> <span class='ocrx_word' id='word_1_139' title='bbox 677 2149 764 2196; x_wconf 83' lang='lat' dir='ltr'>tamen</span> <span class='ocrx_word' id='word_1_140' title='bbox 787 2141 904 2197; x_wconf 73' lang='lat' dir='ltr'>dolorm</span> <span class='ocrx_word' id='word_1_141' title='bbox 920 2143 998 2214; x_wconf 79' lang='lat' dir='ltr'>serre</span> <span class='ocrx_word' id='word_1_142' title='bbox 1019 2161 1069 2196; x_wconf 84' lang='lat' dir='ltr'>aon</span> <span class='ocrx_word' id='word_1_143' title='bbox 1079 2145 1191 2216; x_wconf 83' lang='lat' dir='ltr'>possim,</span> <span class='ocrx_word' id='word_1_144' title='bbox 1215 2143 1306 2196; x_wconf 83' lang='lat' dir='ltr'>malum</span> <span class='ocrx_word' id='word_1_145' title='bbox 1319 2143 1350 2192; x_wconf 77' lang='lat' dir='ltr'>est</span> 
     </span>
     <span class='ocr_line' id='line_1_19' title="bbox 292 2224 1350 2306; baseline -0.006 -23"><span class='ocrx_word' id='word_1_146' title='bbox 292 2228 377 2284; x_wconf 78' lang='lat' dir='ltr'>clolor.</span> <span class='ocrx_word' id='word_1_147' title='bbox 427 2225 476 2306; x_wconf 74' lang='lat' dir='ltr'>(In</span> <span class='ocrx_word' id='word_1_148' title='bbox 510 2225 565 2282; x_wconf 88' lang='lat' dir='ltr'>hac</span> <span class='ocrx_word' id='word_1_149' title='bbox 594 2224 741 2282; x_wconf 88' lang='lat' dir='ltr'>oratione:</span> <span class='ocrx_word' id='word_1_150' title='bbox 774 2226 967 2300; x_wconf 76' lang='lat' dir='ltr'>Philosophiae</span> <span class='ocrx_word' id='word_1_151' title='bbox 988 2227 1082 2283; x_wconf 75' lang='lat' dir='ltr'>shadai</span> <span class='ocrx_word' id='word_1_152' title='bbox 1086 2250 1095 2292; x_wconf 94' lang='lat'>,·</span> <span class='ocrx_word' id='word_1_153' title='bbox 1129 2235 1217 2283; x_wconf 86' lang='lat' dir='ltr'>tamen</span> <span class='ocrx_word' id='word_1_154' title='bbox 1250 2227 1350 2282; x_wconf 77' lang='lat' dir='ltr'>dolorm</span> 
     </span>
     <span class='ocr_line' id='line_1_20' title="bbox 285 2305 1350 2387; baseline -0.004 -19"><span class='ocrx_word' id='word_1_155' title='bbox 285 2315 364 2387; x_wconf 79' lang='lat' dir='ltr'>serre</span> <span class='ocrx_word' id='word_1_156' title='bbox 385 2331 436 2367; x_wconf 74' lang='lat' dir='ltr'>noir</span> <span class='ocrx_word' id='word_1_157' title='bbox 455 2330 567 2386; x_wconf 83' lang='lat' dir='ltr'>possum</span> <span class='ocrx_word' id='word_1_158' title='bbox 589 2311 752 2368; x_wconf 87' lang='lat' dir='ltr'>sententiaa</span> <span class='ocrx_word' id='word_1_159' title='bbox 775 2309 899 2368; x_wconf 78' lang='lat' dir='ltr'>distrahi</span> <span class='ocrx_word' id='word_1_160' title='bbox 921 2320 1057 2386; x_wconf 82' lang='lat' dir='ltr'>possunt3</span> <span class='ocrx_word' id='word_1_161' title='bbox 1081 2312 1132 2370; x_wconf 89' lang='lat' dir='ltr'>sed</span> <span class='ocrx_word' id='word_1_162' title='bbox 1149 2321 1248 2368; x_wconf 83' lang='lat' dir='ltr'>tamen</span> <span class='ocrx_word' id='word_1_163' title='bbox 1265 2305 1350 2368; x_wconf 84' lang='lat' dir='ltr'>Latini</span> 
     </span>
     <span class='ocr_line' id='line_1_21' title="bbox 292 2391 1351 2473; baseline -0.006 -19"><span class='ocrx_word' id='word_1_164' title='bbox 292 2397 405 2454; x_wconf 86' lang='lat' dir='ltr'>malunt</span> <span class='ocrx_word' id='word_1_165' title='bbox 425 2395 625 2472; x_wconf 87' lang='lat' dir='ltr'>coniungere.)</span> <span class='ocrx_word' id='word_1_166' title='bbox 669 2397 704 2454; x_wconf 91' lang='lat' dir='ltr'>Iu</span> <span class='ocrx_word' id='word_1_167' title='bbox 727 2398 797 2468; x_wconf 88' lang='lat' dir='ltr'>hoo,</span> <span class='ocrx_word' id='word_1_168' title='bbox 826 2397 862 2454; x_wconf 90' lang='lat' dir='ltr'>de</span> <span class='ocrx_word' id='word_1_169' title='bbox 885 2415 943 2472; x_wconf 90' lang='lat' dir='ltr'>quo</span> <span class='ocrx_word' id='word_1_170' title='bbox 965 2397 1094 2473; x_wconf 88' lang='lat' dir='ltr'>agimus,</span> <span class='ocrx_word' id='word_1_171' title='bbox 1125 2398 1191 2455; x_wconf 88' lang='lat' dir='ltr'>loco</span> <span class='ocrx_word' id='word_1_172' title='bbox 1214 2391 1351 2454; x_wconf 85' lang='lat' dir='ltr'>dubitandi</span> 
     </span>
     <span class='ocr_line' id='line_1_22' title="bbox 292 2480 1350 2564; baseline -0.005 -24"><span class='ocrx_word' id='word_1_173' title='bbox 292 2501 381 2540; x_wconf 85' lang='lat' dir='ltr'>causa</span> <span class='ocrx_word' id='word_1_174' title='bbox 408 2493 466 2553; x_wconf 87' lang='lat' dir='ltr'>est,</span> <span class='ocrx_word' id='word_1_175' title='bbox 501 2483 632 2539; x_wconf 90' lang='lat' dir='ltr'>mutandi</span> <span class='ocrx_word' id='word_1_176' title='bbox 656 2482 776 2540; x_wconf 86' lang='lat' dir='ltr'>evidens</span> <span class='ocrx_word' id='word_1_177' title='bbox 798 2483 958 2540; x_wconf 83' lang='lat' dir='ltr'>necessitas</span> <span class='ocrx_word' id='word_1_178' title='bbox 980 2502 1039 2540; x_wconf 92' lang='lat' dir='ltr'>non</span> <span class='ocrx_word' id='word_1_179' title='bbox 1066 2494 1119 2540; x_wconf 88' lang='lat' dir='ltr'>est.</span> <span class='ocrx_word' id='word_1_180' title='bbox 1169 2480 1256 2564; x_wconf 82' lang='lat' dir='ltr'>[Esse</span> <span class='ocrx_word' id='word_1_181' title='bbox 1276 2483 1350 2538; x_wconf 77' lang='lat' dir='ltr'>cara</span> 
     </span>
     <span class='ocr_line' id='line_1_23' title="bbox 292 2565 730 2645; baseline -0.005 -19"><span class='ocrx_word' id='word_1_182' title='bbox 292 2587 330 2626; x_wconf 87' lang='lat' dir='ltr'>ex</span> <span class='ocrx_word' id='word_1_183' title='bbox 353 2567 414 2625; x_wconf 87' lang='lat' dir='ltr'>Erl.</span> <span class='ocrx_word' id='word_1_184' title='bbox 438 2577 467 2624; x_wconf 90' lang='lat' dir='ltr'>et</span> <span class='ocrx_word' id='word_1_185' title='bbox 489 2568 515 2625; x_wconf 94' lang='lat' dir='ltr'>B</span> <span class='ocrx_word' id='word_1_186' title='bbox 537 2565 730 2645; x_wconf 82' lang='lat' dir='ltr'>restitutum]</span> 
     </span>
    </p>

    <p class='ocr_par' dir='ltr' id='par_1_5' title="bbox 285 2652 1352 4353">
     <span class='ocr_line' id='line_1_24' title="bbox 379 2652 1351 2732; baseline -0.001 -22"><span class='ocrx_word' id='word_1_187' title='bbox 379 2653 428 2710; x_wconf 90' lang='grc'>96.</span> <span class='ocrx_word' id='word_1_188' title='bbox 456 2655 592 2728; x_wconf 77' lang='lat' dir='ltr'>laetorque</span> <span class='ocrx_word' id='word_1_189' title='bbox 624 2673 682 2709; x_wconf 71' lang='lat' dir='ltr'>aaut</span> <span class='ocrx_word' id='word_1_190' title='bbox 709 2652 925 2732; x_wconf 83' lang='lat' dir='ltr'>philosophiam)</span> <span class='ocrx_word' id='word_1_191' title='bbox 959 2653 1198 2729; x_wconf 87' lang='lat' dir='ltr'>Peripateticam.</span> <span class='ocrx_word' id='word_1_192' title='bbox 1246 2653 1351 2712; x_wconf 78' lang='lat' dir='ltr'>Cenem</span> 
     </span>
     <span class='ocr_line' id='line_1_25' title="bbox 291 2737 1350 2815; baseline -0.008 -19"><span class='ocrx_word' id='word_1_193' title='bbox 291 2737 409 2796; x_wconf 88' lang='lat' dir='ltr'>Davisii</span> <span class='ocrx_word' id='word_1_194' title='bbox 432 2738 675 2811; x_wconf 81' lang='lat' dir='ltr'>emendationem,</span> <span class='ocrx_word' id='word_1_195' title='bbox 700 2757 787 2813; x_wconf 89' lang='lat' dir='ltr'>quam</span> <span class='ocrx_word' id='word_1_196' title='bbox 809 2739 965 2796; x_wconf 87' lang='lat' dir='ltr'>Ernestius</span> <span class='ocrx_word' id='word_1_197' title='bbox 987 2739 1137 2815; x_wconf 87' lang='lat' dir='ltr'>probarat,</span> <span class='ocrx_word' id='word_1_198' title='bbox 1161 2748 1275 2797; x_wconf 88' lang='lat' dir='ltr'>secutus</span> <span class='ocrx_word' id='word_1_199' title='bbox 1289 2755 1350 2793; x_wconf 86' lang='lat' dir='ltr'>sum.</span> 
     </span>
     <span class='ocr_line' id='line_1_26' title="bbox 292 2821 1351 2901; baseline -0.008 -17"><span class='ocrx_word' id='word_1_200' title='bbox 292 2824 433 2884; x_wconf 87' lang='lat' dir='ltr'>Codicum</span> <span class='ocrx_word' id='word_1_201' title='bbox 466 2825 612 2901; x_wconf 84' lang='lat' dir='ltr'>scriptura</span> <span class='ocrx_word' id='word_1_202' title='bbox 644 2824 702 2881; x_wconf 88' lang='lat' dir='ltr'>tria</span> <span class='ocrx_word' id='word_1_203' title='bbox 729 2824 856 2882; x_wconf 87' lang='lat' dir='ltr'>habebat</span> <span class='ocrx_word' id='word_1_204' title='bbox 883 2825 973 2896; x_wconf 89' lang='lat' dir='ltr'>vitia,</span> <span class='ocrx_word' id='word_1_205' title='bbox 1006 2824 1133 2900; x_wconf 91' lang='lat' dir='ltr'>primum</span> <span class='ocrx_word' id='word_1_206' title='bbox 1162 2825 1240 2899; x_wconf 87' lang='lat' dir='ltr'>qnod</span> <span class='ocrx_word' id='word_1_207' title='bbox 1261 2821 1351 2898; x_wconf 86' lang='lat' dir='ltr'>copulo</span> 
     </span>
     <span class='ocr_line' id='line_1_27' title="bbox 292 2909 1351 2986; baseline -0.006 -19"><span class='ocrx_word' id='word_1_208' title='bbox 292 2911 400 2968; x_wconf 88' lang='lat' dir='ltr'>omissa</span> <span class='ocrx_word' id='word_1_209' title='bbox 422 2909 537 2968; x_wconf 89' lang='lat' dir='ltr'>eratin</span> <span class='ocrx_word' id='word_1_210' title='bbox 559 2909 614 2967; x_wconf 88' lang='lat' dir='ltr'>hac</span> <span class='ocrx_word' id='word_1_211' title='bbox 637 2910 782 2967; x_wconf 85' lang='lat' dir='ltr'>sententia</span> <span class='ocrx_word' id='word_1_212' title='bbox 793 2909 947 2986; x_wconf 79' lang='lat' dir='ltr'>superiori,</span> <span class='ocrx_word' id='word_1_213' title='bbox 971 2909 1017 2968; x_wconf 88' lang='lat' dir='ltr'>cui</span> <span class='ocrx_word' id='word_1_214' title='bbox 1034 2909 1175 2967; x_wconf 84' lang='lat' dir='ltr'>adhaeret</span> <span class='ocrx_word' id='word_1_215' title='bbox 1198 2917 1228 2966; x_wconf 89' lang='lat' dir='ltr'>et</span> <span class='ocrx_word' id='word_1_216' title='bbox 1248 2929 1283 2966; x_wconf 87' lang='lat' dir='ltr'>ex</span> <span class='ocrx_word' id='word_1_217' title='bbox 1304 2923 1351 2980; x_wconf 86' lang='lat' dir='ltr'>qua</span> 
     </span>
     <span class='ocr_line' id='line_1_28' title="bbox 291 2995 1351 3071; baseline -0.005 -17"><span class='ocrx_word' id='word_1_218' title='bbox 291 2996 394 3066; x_wconf 88' lang='lat' dir='ltr'>oritur,</span> <span class='ocrx_word' id='word_1_219' title='bbox 417 2997 609 3066; x_wconf 87' lang='lat' dir='ltr'>annectenda,</span> <span class='ocrx_word' id='word_1_220' title='bbox 632 2996 766 3067; x_wconf 86' lang='lat' dir='ltr'>altarum,</span> <span class='ocrx_word' id='word_1_221' title='bbox 790 2996 867 3071; x_wconf 87' lang='lat' dir='ltr'>quod</span> <span class='ocrx_word' id='word_1_222' title='bbox 890 2997 996 3070; x_wconf 71' lang='lat' dir='ltr'>quadan</span> <span class='ocrx_word' id='word_1_223' title='bbox 1024 2995 1170 3071; x_wconf 85' lang='lat' dir='ltr'>particula</span> <span class='ocrx_word' id='word_1_224' title='bbox 1205 2995 1252 3052; x_wconf 89' lang='lat' dir='ltr'>hie.</span> <span class='ocrx_word' id='word_1_225' title='bbox 1282 2995 1351 3068; x_wconf 87' lang='lat' dir='ltr'>inep-</span> 
     </span>
     <span class='ocr_line' id='line_1_29' title="bbox 292 3081 1350 3157; baseline -0.005 -18"><span class='ocrx_word' id='word_1_226' title='bbox 292 3082 407 3140; x_wconf 86' lang='lat' dir='ltr'>tissima</span> <span class='ocrx_word' id='word_1_227' title='bbox 429 3091 502 3154; x_wconf 85' lang='lat' dir='ltr'>erat,</span> <span class='ocrx_word' id='word_1_228' title='bbox 525 3081 653 3152; x_wconf 85' lang='lat' dir='ltr'>tertium,</span> <span class='ocrx_word' id='word_1_229' title='bbox 677 3082 765 3157; x_wconf 90' lang='lat' dir='ltr'>quod,</span> <span class='ocrx_word' id='word_1_230' title='bbox 789 3099 855 3138; x_wconf 85' lang='lat' dir='ltr'>cum</span> <span class='ocrx_word' id='word_1_231' title='bbox 876 3101 935 3138; x_wconf 87' lang='lat' dir='ltr'>una</span> <span class='ocrx_word' id='word_1_232' title='bbox 957 3081 1057 3156; x_wconf 88' lang='lat' dir='ltr'>aliqua</span> <span class='ocrx_word' id='word_1_233' title='bbox 1068 3081 1257 3157; x_wconf 89' lang='lat' dir='ltr'>philosophia</span> <span class='ocrx_word' id='word_1_234' title='bbox 1277 3099 1294 3136; x_wconf 87' lang='lat' dir='ltr'>a</span> <span class='ocrx_word' id='word_1_235' title='bbox 1314 3095 1350 3134; x_wconf 87' lang='lat' dir='ltr'>ce·</span> 
     </span>
     <span class='ocr_line' id='line_1_30' title="bbox 292 3163 1350 3245; baseline -0.01 -19"><span class='ocrx_word' id='word_1_236' title='bbox 292 3169 363 3226; x_wconf 87' lang='lat' dir='ltr'>teris</span> <span class='ocrx_word' id='word_1_237' title='bbox 386 3177 583 3245; x_wconf 84' lang='lat' dir='ltr'>separaretur,</span> <span class='ocrx_word' id='word_1_238' title='bbox 607 3175 704 3224; x_wconf 86' lang='lat' dir='ltr'>temen</span> <span class='ocrx_word' id='word_1_239' title='bbox 728 3185 889 3243; x_wconf 90' lang='lat' dir='ltr'>pronomen</span> <span class='ocrx_word' id='word_1_240' title='bbox 912 3166 1027 3236; x_wconf 78' lang='lat' dir='ltr'>aberat3</span> <span class='ocrx_word' id='word_1_241' title='bbox 1050 3167 1101 3242; x_wconf 93' lang='lat' dir='ltr'>qui</span> <span class='ocrx_word' id='word_1_242' title='bbox 1124 3167 1202 3223; x_wconf 89' lang='lat' dir='ltr'>enim</span> <span class='ocrx_word' id='word_1_243' title='bbox 1224 3167 1266 3224; x_wconf 89' lang='lat' dir='ltr'>ita</span> <span class='ocrx_word' id='word_1_244' title='bbox 1277 3163 1350 3222; x_wconf 88' lang='lat' dir='ltr'>dicit:</span> 
     </span>
     <span class='ocr_line' id='line_1_31' title="bbox 291 3249 1346 3329; baseline -0.005 -19"><span class='ocrx_word' id='word_1_245' title='bbox 291 3257 375 3311; x_wconf 78' lang='lat' dir='ltr'>lcietor</span> <span class='ocrx_word' id='word_1_246' title='bbox 394 3255 602 3329; x_wconf 85' lang='lat' dir='ltr'>philosophiam,</span> <span class='ocrx_word' id='word_1_247' title='bbox 625 3255 777 3325; x_wconf 72' lang='lat' dir='ltr'>ciciuseet,</span> <span class='ocrx_word' id='word_1_248' title='bbox 801 3253 826 3310; x_wconf 87' lang='lat' dir='ltr'>is</span> <span class='ocrx_word' id='word_1_249' title='bbox 849 3252 885 3309; x_wconf 90' lang='lat' dir='ltr'>de</span> <span class='ocrx_word' id='word_1_250' title='bbox 907 3253 1046 3310; x_wconf 84' lang='lat' dir='ltr'>universa</span> <span class='ocrx_word' id='word_1_251' title='bbox 1069 3249 1346 3328; x_wconf 86' lang='lat' dir='ltr'>philosophialoqui·</span> 
     </span>
     <span class='ocr_line' id='line_1_32' title="bbox 291 3333 1352 3414; baseline -0.006 -18"><span class='ocrx_word' id='word_1_252' title='bbox 291 3349 347 3396; x_wconf 87' lang='lat' dir='ltr'>tur.</span> <span class='ocrx_word' id='word_1_253' title='bbox 393 3339 451 3398; x_wconf 89' lang='lat' dir='ltr'>Sed</span> <span class='ocrx_word' id='word_1_254' title='bbox 483 3339 563 3396; x_wconf 89' lang='lat' dir='ltr'>aliud</span> <span class='ocrx_word' id='word_1_255' title='bbox 590 3339 727 3395; x_wconf 89' lang='lat' dir='ltr'>mendum</span> <span class='ocrx_word' id='word_1_256' title='bbox 755 3356 813 3395; x_wconf 89' lang='lat' dir='ltr'>non</span> <span class='ocrx_word' id='word_1_257' title='bbox 845 3338 940 3395; x_wconf 88' lang='lat' dir='ltr'>minus</span> <span class='ocrx_word' id='word_1_258' title='bbox 967 3347 1101 3414; x_wconf 89' lang='lat' dir='ltr'>apertum</span> <span class='ocrx_word' id='word_1_259' title='bbox 1129 3338 1270 3395; x_wconf 84' lang='lat' dir='ltr'>Davisius</span> <span class='ocrx_word' id='word_1_260' title='bbox 1295 3333 1352 3392; x_wconf 88' lang='lat' dir='ltr'>reli·</span> 
     </span>
     <span class='ocr_line' id='line_1_33' title="bbox 291 3423 1351 3500; baseline -0.003 -20"><span class='ocrx_word' id='word_1_261' title='bbox 291 3433 408 3500; x_wconf 81' lang='lat' dir='ltr'>querat3</span> <span class='ocrx_word' id='word_1_262' title='bbox 432 3443 499 3481; x_wconf 90' lang='lat' dir='ltr'>nam</span> <span class='ocrx_word' id='word_1_263' title='bbox 522 3443 588 3482; x_wconf 91' lang='lat' dir='ltr'>oum</span> <span class='ocrx_word' id='word_1_264' title='bbox 607 3423 734 3498; x_wconf 82' lang='lat' dir='ltr'>Quintus</span> <span class='ocrx_word' id='word_1_265' title='bbox 757 3423 967 3500; x_wconf 87' lang='lat' dir='ltr'>philosophias,</span> <span class='ocrx_word' id='word_1_266' title='bbox 991 3443 1050 3481; x_wconf 91' lang='lat' dir='ltr'>non</span> <span class='ocrx_word' id='word_1_267' title='bbox 1072 3423 1265 3500; x_wconf 88' lang='lat' dir='ltr'>philosophos</span> <span class='ocrx_word' id='word_1_268' title='bbox 1285 3439 1351 3478; x_wconf 90' lang='lat' dir='ltr'>eom·</span> 
     </span>
     <span class='ocr_line' id='line_1_34' title="bbox 290 3507 1352 3587; baseline -0.007 -21"><span class='ocrx_word' id='word_1_269' title='bbox 290 3517 384 3585; x_wconf 88' lang='lat' dir='ltr'>paret,</span> <span class='ocrx_word' id='word_1_270' title='bbox 407 3510 573 3568; x_wconf 87' lang='lat' dir='ltr'>necessario</span> <span class='ocrx_word' id='word_1_271' title='bbox 591 3519 659 3586; x_wconf 90' lang='lat' dir='ltr'>post</span> <span class='ocrx_word' id='word_1_272' title='bbox 680 3509 767 3567; x_wconf 92' lang='lat' dir='ltr'>illud:</span> <span class='ocrx_word' id='word_1_273' title='bbox 790 3529 847 3567; x_wconf 72' lang='lat' dir='ltr'>aaut</span> <span class='ocrx_word' id='word_1_274' title='bbox 866 3511 1074 3585; x_wconf 79' lang='lat' dir='ltr'>philosophiam,</span> <span class='ocrx_word' id='word_1_275' title='bbox 1096 3513 1173 3566; x_wconf 71' lang='lat' dir='ltr'>cuiuis</span> <span class='ocrx_word' id='word_1_276' title='bbox 1196 3510 1263 3587; x_wconf 88' lang='lat' dir='ltr'>(nec</span> <span class='ocrx_word' id='word_1_277' title='bbox 1278 3507 1352 3564; x_wconf 81' lang='lat' dir='ltr'>aliter</span> 
     </span>
     <span class='ocr_line' id='line_1_35' title="bbox 289 3594 1350 3672; baseline -0.004 -20"><span class='ocrx_word' id='word_1_278' title='bbox 289 3594 516 3671; x_wconf 87' lang='lat' dir='ltr'>intellegebant,</span> <span class='ocrx_word' id='word_1_279' title='bbox 550 3595 601 3670; x_wconf 90' lang='lat' dir='ltr'>qui</span> <span class='ocrx_word' id='word_1_280' title='bbox 628 3615 687 3652; x_wconf 84' lang='lat' dir='ltr'>eam</span> <span class='ocrx_word' id='word_1_281' title='bbox 713 3614 772 3652; x_wconf 92' lang='lat' dir='ltr'>non</span> <span class='ocrx_word' id='word_1_282' title='bbox 799 3595 960 3672; x_wconf 89' lang='lat' dir='ltr'>habebant)</span> <span class='ocrx_word' id='word_1_283' title='bbox 988 3594 1143 3653; x_wconf 88' lang='lat' dir='ltr'>dicendum</span> <span class='ocrx_word' id='word_1_284' title='bbox 1174 3605 1250 3652; x_wconf 86' lang='lat' dir='ltr'>erat:</span> <span class='ocrx_word' id='word_1_285' title='bbox 1281 3607 1350 3668; x_wconf 77' lang='lat' dir='ltr'>qaum</span> 
     </span>
     <span class='ocr_line' id='line_1_36' title="bbox 285 3681 1349 3756; baseline -0.001 -20"><span class='ocrx_word' id='word_1_286' title='bbox 285 3683 468 3756; x_wconf 80' lang='lat' dir='ltr'>possessiones</span> <span class='ocrx_word' id='word_1_287' title='bbox 490 3683 670 3756; x_wconf 80' lang='lat' dir='ltr'>reliquarum,</span> <span class='ocrx_word' id='word_1_288' title='bbox 704 3699 777 3752; x_wconf 88' lang='lat' dir='ltr'>non,</span> <span class='ocrx_word' id='word_1_289' title='bbox 811 3691 845 3738; x_wconf 92' lang='lat' dir='ltr'>ut</span> <span class='ocrx_word' id='word_1_290' title='bbox 871 3681 1026 3750; x_wconf 87' lang='lat' dir='ltr'>edebatur,</span> <span class='ocrx_word' id='word_1_291' title='bbox 1056 3683 1232 3755; x_wconf 65' lang='lat' dir='ltr'>reliquorum</span> <span class='ocrx_word' id='word_1_292' title='bbox 1259 3687 1300 3748; x_wconf 88' lang='lat' dir='ltr'>et,</span> <span class='ocrx_word' id='word_1_293' title='bbox 1320 3691 1349 3730; x_wconf 76' lang='lat' dir='ltr'>nc</span> 
     </span>
     <span class='ocr_line' id='line_1_37' title="bbox 290 3763 1348 3843; baseline 0.003 -20"><span class='ocrx_word' id='word_1_294' title='bbox 290 3766 357 3841; x_wconf 86' lang='lat' dir='ltr'>quis</span> <span class='ocrx_word' id='word_1_295' title='bbox 380 3766 467 3831; x_wconf 75' lang='lat' dir='ltr'>dicat,</span> <span class='ocrx_word' id='word_1_296' title='bbox 491 3767 654 3824; x_wconf 89' lang='lat' dir='ltr'>orationem</span> <span class='ocrx_word' id='word_1_297' title='bbox 676 3766 802 3824; x_wconf 90' lang='lat' dir='ltr'>transire</span> <span class='ocrx_word' id='word_1_298' title='bbox 830 3785 848 3823; x_wconf 90' lang='lat' dir='ltr'>a</span> <span class='ocrx_word' id='word_1_299' title='bbox 875 3765 1070 3843; x_wconf 79' lang='lat' dir='ltr'>philosophiis</span> <span class='ocrx_word' id='word_1_300' title='bbox 1097 3766 1135 3823; x_wconf 90' lang='lat' dir='ltr'>ad</span> <span class='ocrx_word' id='word_1_301' title='bbox 1162 3763 1348 3842; x_wconf 75' lang='lat' dir='ltr'>philosophos</span> 
     </span>
     <span class='ocr_line' id='line_1_38' title="bbox 290 3853 1348 3928; baseline -0.004 -19"><span class='ocrx_word' id='word_1_302' title='bbox 290 3871 415 3927; x_wconf 86' lang='lat' dir='ltr'>quorum</span> <span class='ocrx_word' id='word_1_303' title='bbox 438 3871 490 3909; x_wconf 87' lang='lat' dir='ltr'>aaa</span> <span class='ocrx_word' id='word_1_304' title='bbox 513 3853 585 3924; x_wconf 88' lang='lat' dir='ltr'>sint,</span> <span class='ocrx_word' id='word_1_305' title='bbox 614 3853 760 3927; x_wconf 89' lang='lat' dir='ltr'>sequitur:</span> <span class='ocrx_word' id='word_1_306' title='bbox 794 3855 872 3908; x_wconf 74' lang='lat' dir='ltr'>etaiam</span> <span class='ocrx_word' id='word_1_307' title='bbox 894 3856 1037 3910; x_wconf 85' lang='lat' dir='ltr'>acutiorem</span> <span class='ocrx_word' id='word_1_308' title='bbox 1059 3862 1193 3928; x_wconf 76' lang='lat' dir='ltr'>repertam</span> <span class='ocrx_word' id='word_1_309' title='bbox 1214 3871 1291 3927; x_wconf 73' lang='lat' dir='ltr'>quarn</span> <span class='ocrx_word' id='word_1_310' title='bbox 1310 3863 1348 3904; x_wconf 81' lang='lat' dir='ltr'>cc·</span> 
     </span>
     <span class='ocr_line' id='line_1_39' title="bbox 290 3933 1348 4015; baseline -0.003 -20"><span class='ocrx_word' id='word_1_311' title='bbox 290 3949 391 3996; x_wconf 85' lang='lat' dir='ltr'>teras.</span> <span class='ocrx_word' id='word_1_312' title='bbox 408 3939 478 3996; x_wconf 87' lang='lat' dir='ltr'>Non</span> <span class='ocrx_word' id='word_1_313' title='bbox 489 3938 622 3996; x_wconf 87' lang='lat' dir='ltr'>dubitavi</span> <span class='ocrx_word' id='word_1_314' title='bbox 634 3938 724 4015; x_wconf 88' lang='lat' dir='ltr'>igitur</span> <span class='ocrx_word' id='word_1_315' title='bbox 735 3938 871 3995; x_wconf 88' lang='lat' dir='ltr'>mendum</span> <span class='ocrx_word' id='word_1_316' title='bbox 883 3939 1039 4014; x_wconf 84' lang='lat' dir='ltr'>corrigere,</span> <span class='ocrx_word' id='word_1_317' title='bbox 1051 3933 1348 4013; x_wconf 77' lang='lat' dir='ltr'>quodWesanoergius</span> 
     </span>
     <span class='ocr_line' id='line_1_40' title="bbox 290 4021 1347 4105; baseline -0.005 -25"><span class='ocrx_word' id='word_1_318' title='bbox 290 4042 406 4098; x_wconf 91' lang='lat' dir='ltr'>quoque</span> <span class='ocrx_word' id='word_1_319' title='bbox 418 4023 556 4082; x_wconf 86' lang='lat' dir='ltr'>correxit.</span> <span class='ocrx_word' id='word_1_320' title='bbox 590 4021 687 4105; x_wconf 88' lang='lat' dir='ltr'>[Idem</span> <span class='ocrx_word' id='word_1_321' title='bbox 704 4023 833 4081; x_wconf 83' lang='lat' dir='ltr'>voluisse</span> <span class='ocrx_word' id='word_1_322' title='bbox 845 4023 963 4080; x_wconf 86' lang='lat' dir='ltr'>videtur</span> <span class='ocrx_word' id='word_1_323' title='bbox 974 4025 1030 4082; x_wconf 85' lang='lat' dir='ltr'>Th.</span> <span class='ocrx_word' id='word_1_324' title='bbox 1042 4021 1220 4101; x_wconf 89' lang='lat' dir='ltr'>Bentleius.]</span> <span class='ocrx_word' id='word_1_325' title='bbox 1251 4023 1347 4095; x_wconf 84' lang='lat' dir='ltr'>Repre-</span> 
     </span>
     <span class='ocr_line' id='line_1_41' title="bbox 289 4107 1346 4186; baseline -0.007 -21"><span class='ocrx_word' id='word_1_326' title='bbox 289 4107 411 4166; x_wconf 87' lang='lat' dir='ltr'>hensam</span> <span class='ocrx_word' id='word_1_327' title='bbox 422 4109 454 4166; x_wconf 91' lang='lat' dir='ltr'>in</span> <span class='ocrx_word' id='word_1_328' title='bbox 465 4109 673 4186; x_wconf 89' lang='lat' dir='ltr'>Peripateticis</span> <span class='ocrx_word' id='word_1_329' title='bbox 695 4109 866 4166; x_wconf 85' lang='lat' dir='ltr'>dialecticae</span> <span class='ocrx_word' id='word_1_330' title='bbox 884 4109 1100 4186; x_wconf 84' lang='lat' dir='ltr'>ignorationem</span> <span class='ocrx_word' id='word_1_331' title='bbox 1115 4119 1145 4166; x_wconf 88' lang='lat' dir='ltr'>et</span> <span class='ocrx_word' id='word_1_332' title='bbox 1166 4107 1346 4166; x_wconf 84' lang='lat' dir='ltr'>desideratum</span> 
     </span>
     <span class='ocr_line' id='line_1_42' title="bbox 288 4189 1346 4270; baseline -0.007 -20"><span class='ocrx_word' id='word_1_333' title='bbox 288 4211 411 4251; x_wconf 90' lang='lat' dir='ltr'>acumen</span> <span class='ocrx_word' id='word_1_334' title='bbox 424 4195 461 4252; x_wconf 87' lang='lat' dir='ltr'>ad</span> <span class='ocrx_word' id='word_1_335' title='bbox 471 4196 530 4267; x_wconf 80' lang='grc' dir='ltr'>ΠΙ,</span> <span class='ocrx_word' id='word_1_336' title='bbox 544 4197 582 4252; x_wconf 82' lang='grc'>41</span> <span class='ocrx_word' id='word_1_337' title='bbox 596 4194 732 4252; x_wconf 87' lang='lat' dir='ltr'>vidimus.</span> <span class='ocrx_word' id='word_1_338' title='bbox 744 4195 791 4252; x_wconf 91' lang='lat' dir='ltr'>De</span> <span class='ocrx_word' id='word_1_339' title='bbox 803 4194 915 4251; x_wconf 86' lang='lat' dir='ltr'>divitiis</span> <span class='ocrx_word' id='word_1_340' title='bbox 926 4205 1024 4252; x_wconf 88' lang='lat' dir='ltr'>antam</span> <span class='ocrx_word' id='word_1_341' title='bbox 1036 4205 1066 4252; x_wconf 86' lang='lat' dir='ltr'>et</span> <span class='ocrx_word' id='word_1_342' title='bbox 1077 4195 1170 4270; x_wconf 87' lang='lat' dir='ltr'>copiis</span> <span class='ocrx_word' id='word_1_343' title='bbox 1181 4194 1265 4252; x_wconf 88' lang='lat' dir='ltr'>huius</span> <span class='ocrx_word' id='word_1_344' title='bbox 1276 4189 1346 4249; x_wconf 85' lang='lat' dir='ltr'>sebo·</span> 
     </span>
     <span class='ocr_line' id='line_1_43' title="bbox 288 4279 1345 4353; baseline 0 -17"><span class='ocrx_word' id='word_1_345' title='bbox 288 4279 335 4339; x_wconf 89' lang='lat' dir='ltr'>lae</span> <span class='ocrx_word' id='word_1_346' title='bbox 347 4280 384 4338; x_wconf 88' lang='lat' dir='ltr'>ad</span> <span class='ocrx_word' id='word_1_347' title='bbox 396 4282 495 4338; x_wconf 89' lang='lat' dir='ltr'>omnia</span> <span class='ocrx_word' id='word_1_348' title='bbox 512 4281 609 4340; x_wconf 89' lang='lat' dir='ltr'>studia</span> <span class='ocrx_word' id='word_1_349' title='bbox 620 4281 752 4338; x_wconf 88' lang='lat' dir='ltr'>ornanda</span> <span class='ocrx_word' id='word_1_350' title='bbox 762 4281 834 4339; x_wconf 86' lang='lat' dir='ltr'>Piso</span> <span class='ocrx_word' id='word_1_351' title='bbox 847 4280 923 4338; x_wconf 82' lang='lat' dir='ltr'>dixit</span> <span class='ocrx_word' id='word_1_352' title='bbox 934 4283 984 4353; x_wconf 60' lang='lat' dir='ltr'>tl,</span> <span class='ocrx_word' id='word_1_353' title='bbox 1007 4281 1049 4340; x_wconf 90' lang='lat' dir='ltr'>M.</span> <span class='ocrx_word' id='word_1_354' title='bbox 1061 4280 1166 4340; x_wconf 85' lang='lat' dir='ltr'>Cicero</span> <span class='ocrx_word' id='word_1_355' title='bbox 1182 4281 1227 4339; x_wconf 89' lang='lat' dir='ltr'>IV</span> <span class='ocrx_word' id='word_1_356' title='bbox 1239 4283 1252 4349; x_wconf 73' lang='grc' dir='ltr'><strong>ξ</strong></span> <span class='ocrx_word' id='word_1_357' title='bbox 1265 4279 1281 4336; x_wconf 90' lang='grc'>6</span> <span class='ocrx_word' id='word_1_358' title='bbox 1292 4291 1345 4348; x_wconf 84' lang='lat' dir='ltr'>sqq·</span> 
     </span>
    </p>
   </div>
   <div class='ocr_carea' id='block_1_5' title="bbox 149 4590 929 4958">
    <p class='ocr_par' dir='ltr' id='par_1_6' title="bbox 149 4590 946 4958">
     <span class='ocr_line' id='line_1_44' title="bbox 149 4590 929 4958; baseline -0.001 0"><span class='ocrx_word' id='word_1_359' title='bbox 149 4590 929 4958; x_wconf 55' lang='grc' dir='ltr'>ΔΆ</span> 
     </span>
    </p>
   </div>
   <div class='ocr_carea' id='block_1_6' title="bbox 0 0 1476 5040">
    <p class='ocr_par' dir='ltr' id='par_1_7' title="bbox 0 0 1476 5040">
     <span class='ocr_line' id='line_1_45' title="bbox 0 0 1476 5040; baseline 0 2"><span class='ocrx_word' id='word_1_360' title='bbox 0 0 1476 5040; x_wconf 95' lang='lat' dir='ltr'> </span> 
     </span>
    </p>
   </div>
  </div>
 </body>
</html>
