2920 5012
269 411 312 476 32
659 427 704 472 nn
727 426 857 474 eminus
880 425 950 472 nou.
1011 389 1015 398 ⁸

269 605 401 680 uterque
422 597 566 675 venisset,
588 613 690 676 pauca
710 595 811 677 primo
833 595 915 660 inter
930 613 987 660 nos
1003 597 1042 660 de
1065 594 1186 674 litteris,
1208 613 1342 676 quarum

270 717 422 764 summum
459 705 528 763 erat
564 697 595 763 iu
633 705 766 780 utroque
810 697 959 776 studium;
1003 698 1114 762 deinde
1153 698 1344 780 Torquatus,

272 801 424 880 Quoniam
445 801 526 866 nacti
547 805 593 878 te,
625 800 738 882 inquit,
771 817 878 864 sumus
900 799 1065 881 aliquando
1088 800 1235 878 otiosum,
1257 807 1345 865 certe

269 903 407 982 audiam,
434 903 509 984 quid
531 902 584 982 sit,
617 903 702 983 quod
723 901 892 982 Epicurum
914 907 1054 966 nostrum
1077 920 1138 966 non
1160 909 1195 966 tu
1216 903 1344 983 quidem

232 1006 382 1085 boderis,
404 1012 439 1070 ut
460 1003 526 1070 fere
546 1002 671 1082 faciunt,
693 1005 747 1085 qui
768 1005 806 1068 ab
829 1021 866 1069 eo
886 1004 1082 1084 dissentiunt,
1105 1005 1162 1070 sed
1177 1011 1262 1068 certe
1279 1023 1345 1069 nou

269 1109 393 1191 probes,
415 1127 492 1186 eum,
514 1125 606 1188 quem
628 1124 686 1188 ego
707 1106 843 1172 arbitror
864 1125 960 1171 unum
981 1105 1096 1172 vidisse
1112 1125 1220 1172 venrm
1241 1106 1345 1170 maxi·

269 1211 390 1292 misque
411 1209 569 1275 erroribus
590 1208 709 1273 animos
731 1207 889 1272 hominum
910 1209 1091 1273 liberavisse
1098 1214 1139 1304 ‚et
1155 1209 1256 1272 omnia
1273 1215 1344 1274 tra-

270 1312 395 1392 didisse,
416 1330 497 1394 quae
519 1311 715 1393 pertinerent
736 1311 778 1376 ad
798 1311 877 1376 bene
899 1311 1050 1391 beateque
1072 1309 1250 1390 vivendum3
1285 1311 1349 1376 sed

269 1415 410 1480 existimo
431 1421 472 1493 te,
494 1414 572 1479 sicut
593 1419 735 1478 nostrum
756 1413 920 1492 Triarium,
942 1414 1043 1478 minus
1064 1413 1104 1478 ab
1126 1431 1163 1478 eo
1185 1412 1349 1492 delectari,

212 1521 254 1586 10
270 1517 354 1598 quod
374 1517 436 1581 ista
456 1514 610 1596 Platonis,
638 1514 812 1595 Aristoteli,
835 1515 1043 1596 Theophrasti
1070 1514 1219 1580 orationis
1247 1533 1349 1580 orna·

341 1659 361 1702 l.
376 1653 477 1718 priapum
494 1652 516 1702 1.
533 1653 593 1702 inter
610 1669 652 1702 noe
672 1651 748 1716 primo
767 1651 789 1700 E
827 1649 899 1718 [Post
924 1651 953 1701 de
979 1651 1061 1701 littert'r
1079 1653 1117 1700 Δ1
1134 1651 1221 1702 inserit
1242 1651 1349 1701 corduli-

270 1719 329 1790 mus]
367 1720 729 1786 ³.loeti'te(proaoctitetll
760 1719 908 1787 [ircactr'ted¹
926 1719 1019 1770 daedi!
1031 1719 1075 1788 Δΐ]
1105 1718 1216 1787 [oriem
1235 1721 1347 1771 Aetaic

270 1789 375 1857 semper]
396 1797 420 1839 4.
429 1789 487 1854 quid
495 1794 551 1855 (pro
557 1789 627 1853 quodi
637 1789 682 1839 EL
695 1788 783 1856 [orna
790 1788 806 1857 ¹]
830 1788 942 1856 [nomm
952 1791 1030 1840 atde
1039 1805 1086 1839 aon
1093 1791 1125 1846 Δ,
1135 1791 1180 1838 aod
1190 1789 1264 1838 ietder
1274 1790 1351 1839 linea

271 1860 394 1909 subducta
404 1859 485 1924 prima
493 1873 585 1908 manue
594 1859 727 1908 delendum
738 1857 897 1925 significarit]
921 1855 1000 1925 [parile
1010 1857 1044 1925 Α]
1066 1863 1088 1909 5.
1099 1855 1174 1907 oculis
1186 1861 1242 1922 (pro
1252 1857 1351 1920 odaia)

270 1928 469 1989 Ecca-tesneM
501 1932 524 1976 t.
543 1927 652 1976 maium
666 1931 726 1988 (om.
741 1931 796 1990 que)
815 1927 857 1976 LP
885 1930 1041 1991 speramur
1060 1926 1180 1977 LPMCR
1216 1931 1253 1976 lo.
1276 1925 1353 1994 [quid

270 1996 312 2047 iuti
323 1996 364 2065 Al]
402 1995 536 2046 Anatotele'e
557 1994 612 2064 [ΔΙ]
634 1995 797 2046 truciter.
834 2005 972 2046 momenta
994 1995 1108 2045 ονατὼηὺ
1126 1993 1192 2046 OOr.

359 2121 407 2176 14.
430 2138 499 2194 quoe
517 2121 691 2194 pertineret)
715 2119 810 2190 Bene,
839 2118 918 2192 quod
940 2136 1017 2175 nunc
1038 2117 1099 2174 Erl.
1123 2115 1168 2194 [et
1189 2116 1233 2194 A]
1256 2117 1355 2174 silen-

271 2206 344 2262 tium
372 2205 459 2262 fidem
485 2203 571 2276 lacit,
605 2205 647 2261 sio
675 2222 739 2261 esse
766 2204 797 2260 in
824 2203 994 2260 melioribus
1023 2203 1186 2272 codicibus
1219 2221 1288 2259 nam
1319 2211 1357 2261 et

273 2290 338 2347 edd.
360 2301 427 2346 ante
445 2291 615 2357 Gruterum,
638 2299 763 2366 excepta
785 2289 939 2358 Lbiuiana,
962 2299 992 2346 et
1014 2289 1130 2346 Davisii
1153 2288 1246 2358 codd,
1269 2307 1354 2362 quos

272 2377 335 2452 ipse
358 2385 474 2433 secutus
496 2386 555 2448 est,
584 2385 614 2432 et
636 2374 714 2434 Oxx.
738 2383 854 2450 praeter
875 2375 906 2434 U
932 2375 1042 2431 habent
1069 2377 1216 2450 pertineam
1250 2371 1355 2432 Gzius

269 2465 430 2538 pertinerent
451 2461 577 2537 scripsit,
600 2461 636 2518 de
658 2460 741 2517 codd.
765 2467 850 2517 tacet.

357 2550 444 2604 inians
476 2548 510 2604 ab
543 2567 572 2604 eo
604 2539 746 2628 demtum)
778 2545 1031 2620 Praepositionam
1065 2545 1233 2602 abiecerant
1254 2543 1356 2612 Victi,

272 2633 362 2704 Man,
386 2633 497 2704 Lamb,
520 2641 624 2708 postea
645 2632 801 2702 Davisius,
835 2632 886 2706 qui
915 2650 934 2687 a
955 2631 1023 2688 Par.
1050 2625 1123 2710 1(?)
1146 2639 1176 2686 ei
1199 2629 1216 2686 3
1240 2629 1355 2687 abesse

273 2717 356 2787 dioil3
391 2719 480 2785 Oxus,
514 2735 579 2774 cum
611 2717 642 2774 in
676 2727 759 2774 textu
787 2717 969 2786 omitterent,
1004 2725 1118 2773 tantum
1153 2734 1191 2771 ex
1222 2709 1257 2791 χξ
1279 2733 1357 2774 eam

172 2805 175 2818 '
272 2814 458 2861 annotarunt.
503 2801 625 2862 Gruteri
644 2801 753 2862 ethii
776 2802 859 2859 codd.
882 2821 983 2860 omues
1005 2811 1114 2859 tenant
1158 2799 1369 2875 comparatis·

273 2889 378 2946 ceteris
400 2889 482 2959 locis,
516 2889 567 2946 ubi
590 2889 632 2946 sic
654 2888 762 2945 dicitur
785 2887 867 2964 (niv.
890 2887 920 2944 iu
942 2887 1028 2946 Caec.
1053 2889 1108 2944 44:
1138 2889 1213 2943 cuivis
1236 2905 1283 2959 epo
1306 2889 1356 2942 in-

271 2978 376 3048 peru'um
397 2978 434 3032 ita
452 2975 551 3050 prodo,
580 2984 609 3031 ut
629 2993 670 3030 me
690 2975 725 3030 ab
747 2993 776 3030 eo
798 2975 925 3031 &dotari
947 2975 1060 3047 facilius
1082 2992 1164 3048 quam
1186 2973 1274 3046 decipi
1291 2991 1356 3046 prc-

273 3070 323 3116 tem
350 3079 444 3136 posse,
478 3060 529 3117 ubi
561 3059 673 3134 aliquid
700 3060 738 3116 ad
765 3059 841 3115 hanc
868 3057 993 3116 formam
1021 3057 1184 3134 eligendam
1217 3056 1358 3114 valuisse

272 3146 389 3204 videtur
410 3146 556 3203 adiectum
578 3147 678 3220 dempi3
701 3144 783 3204 Orat.
798 3145 872 3202 195:
895 3147 1007 3201 alterum
1025 3147 1101 3200 izimo
1118 3145 1283 3200 ealoiactum
1295 3177 1357 3214 —,

272 3233 385 3288 alterum
396 3234 473 3288 mina'a
484 3233 641 3289 dissolutum
653 3263 703 3301 —,
726 3241 755 3287 ut
765 3231 801 3287 ab
812 3233 895 3286 adero
906 3249 956 3286 nou
969 3231 1102 3300 delectere,
1119 3231 1231 3285 alterum
1243 3229 1357 3298 odei-ia3

273 3315 371 3394 [Brut
387 3317 460 3374 193:
482 3319 576 3390 ordpus
588 3337 606 3372 a
617 3319 743 3374 mediocri
754 3359 761 3372 .
774 3359 781 3372 .
795 3359 801 3372 .
819 3326 924 3372 oratore
935 3314 1110 3392 delectatur;]
1138 3314 1174 3370 de
1186 3313 1222 3371 R„
1233 3313 1268 3370 P.
1288 3315 1358 3384 III,

274 3404 331 3460 42:
353 3403 544 3476 sipuifieabnut,
567 3403 602 3458 ab
619 3421 648 3459 eo
665 3402 787 3477 (Laelio)
805 3421 833 3458 ae
848 3421 904 3457 ease
921 3402 1066 3458 admodum
1088 3395 1256 3476 delectatos),
1287 3400 1358 3474 pri·

274 3507 353 3545 mum
375 3487 461 3546 facile
473 3497 605 3564 apparet,
617 3506 676 3544 uon
688 3497 799 3544 rectum
812 3505 885 3557 esse,
908 3486 987 3561 quod
999 3487 1029 3543 in
1040 3485 1106 3543 loco
1118 3484 1252 3544 Oratoria
1264 3483 1359 3542 Han-

273 3573 339 3632 dius
352 3571 455 3654 (Turs.
477 3575 501 3644 Ι,
525 3593 553 3649 p.
567 3570 638 3652 26),
663 3573 770 3631 Gaium
787 3589 921 3646 sequens,
945 3571 1094 3646 ascripsit:
1117 3571 1151 3626 ab
1168 3571 1254 3628 alere
1266 3581 1360 3644 parte

268 3663 414 3735 poematia,
448 3677 514 3715 cum
546 3659 587 3715 ibi
616 3659 673 3715 duo
695 3657 913 3733 componendae
941 3656 1083 3714 orationis
1104 3674 1213 3732 genera
1239 3654 1360 3714 descri-

274 3746 395 3816 bantur,
428 3763 552 3819 quorum
580 3743 705 3800 alterum
727 3743 951 3800 delectationem
978 3741 1096 3813 afferat,
1131 3742 1255 3798 alterum
1289 3760 1361 3800 non

274 3830 387 3888 afferat.
430 3829 545 3887 Deinde
567 3829 756 3905 intellegitur,
780 3829 881 3885 addita
900 3827 1120 3905 praepositione
1143 3827 1235 3906 magis
1257 3825 1360 3903 signi-

274 3917 355 3973 ficari
388 3927 499 3974 motum
526 3915 654 3989 aliquem
682 3923 711 3970 et
738 3913 883 3971 actionem
905 3914 1031 3971 hominis
1053 3921 1104 3970 aut
1125 3912 1169 3969 rai
1191 3931 1244 3970 noa
1267 3921 1360 3974 certo

274 4009 405 4076 tempore
427 4002 526 4076 aliquo
549 4000 635 4057 modo
658 3998 828 4065 afficientis;
850 3999 950 4073 itaque
969 4001 1082 4056 delector
1103 4001 1195 4074 aliquo
1217 4005 1261 4054 cat
1283 4000 1360 4056 uni-

275 4105 374 4144 verse:
392 4088 485 4162 probo,
504 4089 595 4163 plicet
615 4086 693 4156 milti3
727 4087 842 4142 delector
863 4094 961 4141 autem
983 4086 1017 4142 ab
1039 4087 1130 4159 aliquo
1153 4093 1211 4142 est:
1234 4084 1360 4142 delecta-

275 4173 398 4228 tatioaem
430 4172 495 4229 miti
523 4168 639 4250 (aliquo
667 4171 807 4246 temporis
829 4165 991 4244 momento)
1021 4174 1106 4246 parit.
1150 4170 1188 4227 Id
1221 4169 1360 4230 maxime

274 4255 305 4312 in
327 4256 393 4314 loco
415 4257 451 4314 de
472 4258 508 4315 R
530 4259 565 4316 P.
588 4265 725 4334 apparet,
748 4257 799 4314 nbi
826 4255 1006 4333 praepositio
1028 4255 1124 4313 omitti
1151 4255 1233 4312 nullo
1260 4263 1361 4330 paeto

275 4342 386 4418 potuit3
408 4361 503 4418 neque
520 4344 597 4400 enim
614 4342 828 4420 significabant,
851 4341 945 4398 Laelii
968 4349 1102 4398 naturam
1120 4341 1177 4398 sibi
1193 4340 1360 4416 placuisse.

360 4423 510 4506 Aristoteli)
532 4429 618 4486 Hanc
649 4427 776 4486 formam
797 4426 925 4504 genetivi
952 4426 1014 4483 Erl.
1037 4435 1067 4484 et
1093 4426 1142 4483 hic
1170 4426 1293 4502 praebet
1325 4441 1363 4488 et

276 4514 315 4586 V,
352 4515 388 4570 12
422 4523 452 4570 et
488 4515 540 4584 14,
573 4513 611 4570 ad
638 4531 727 4588 quam
766 4531 832 4570 cum
866 4511 956 4570 semel
977 4507 1030 4594 (V,
1057 4510 1113 4593 12)
1137 4510 1231 4572 Gaius
1253 4519 1362 4570 atten-
