3000 5044
351 377 415 443 556
744 395 788 441 nn
810 395 943 443 inuisus
964 397 1037 444 nou.

351 565 479 644 terium,
513 566 569 630 sed
595 565 758 646 inprimis
786 564 897 645 hebes,
930 565 1053 630 illorum
1085 565 1218 646 scilicet,
1248 585 1307 631 non
1330 571 1415 643 tunm

351 667 533 749 gloriatione
555 667 680 749 dignam
701 685 772 732 esse
793 667 914 737 omum
926 668 1029 747 vitem,
1052 669 1136 750 quod
1159 688 1222 734 nou
1244 669 1345 751 possit
1360 669 1416 732 sine

410 859 431 906 1.
449 855 520 905 dobes
539 869 634 914 omues,
653 855 752 906 Nonius
795 854 886 904 scilicet
903 873 949 904 uon
966 863 1014 906 lum
1032 857 1050 905 E
1094 855 1184 908 selice
1202 857 1322 908 commuue
1339 857 1416 914 ceteri3

352 939 402 978 om.
420 923 465 978 Or.
507 928 530 972 2.
549 941 610 988 quac
628 941 674 974 non
688 924 766 990 possit
785 923 827 974 Lo
846 941 891 988 quo
910 941 956 973 noo
970 941 996 990 p.
1014 925 1038 974 R
1055 925 1120 989 quod
1136 925 1185 974 uiri
1196 943 1223 991 p.
1243 927 1265 975 Ε

436 1117 486 1174 sed
505 1117 532 1172 in
550 1118 649 1192 primis
671 1116 757 1188 bobes,
781 1117 886 1172 illorum
908 1117 1013 1181 scilicet,
1037 1136 1088 1173 non
1111 1113 1197 1192 mom)
1227 1115 1301 1176 Cum
1322 1115 1415 1175 Cicero

352 1201 563 1260 contumelioso
586 1201 732 1260 vocabulo
753 1220 824 1259 usus
847 1209 939 1274 esset,
973 1221 1009 1258 ne
1031 1201 1129 1278 ipsum
1152 1201 1295 1261 Catonem
1318 1203 1415 1278 petisse

350 1287 510 1359 videretur,
532 1287 655 1359 addidit,
677 1287 766 1345 facile
777 1286 909 1363 intellegi
920 1305 975 1344 nec
992 1306 1023 1344 se
1035 1288 1159 1344 oblitum
1171 1307 1236 1345 esse
1258 1287 1376 1366 (selice,
1395 1305 1417 1341 es

350 1373 466 1431 omsubt
486 1374 554 1445 siclt,
578 1371 630 1430 cfr.
642 1373 680 1430 ad
691 1375 729 1444 V,
744 1368 787 1452 3),
810 1392 869 1430 nou
882 1372 1003 1432 Catonis
1021 1372 1095 1430 illud
1106 1372 1198 1430 fuisse
1210 1383 1414 1450 argumentum,

350 1459 403 1516 sed
426 1458 592 1518 Stoicorum
616 1457 813 1530 Graecorum,
848 1477 972 1532 qnorum
1000 1457 1025 1515 is
1048 1459 1209 1516 sententiae
1231 1459 1415 1535 exposuisset.

350 1545 462 1602 Veram
489 1545 665 1620 scripturam
686 1543 775 1601 facile
797 1543 861 1601 erui
884 1562 899 1600 e
921 1543 1055 1620 vestigiis
1078 1544 1210 1601 codicum
1233 1544 1297 1602 Erl.
1321 1542 1374 1622 [B]
1393 1553 1415 1597 et

352 1629 429 1706 Spir.
448 1624 478 1712 (e
490 1630 597 1704 quibus
609 1629 702 1689 Gaius
724 1627 851 1706 profert:
874 1632 972 1686 scib'cel
994 1649 1045 1686 nort
1067 1640 1152 1687 tomen
1176 1630 1224 1686 vel
1247 1629 1326 1705 tam).
1353 1629 1416 1688 (nm

350 1715 456 1773 leviter
479 1723 648 1792 corruptum
672 1724 749 1773 esset
772 1725 859 1785 tcum,
882 1715 913 1772 iu
936 1715 1113 1772 deteriorum
1137 1716 1269 1773 codicum
1293 1715 1415 1791 principe

351 1799 487 1858 effectum
499 1811 558 1859 est:
581 1804 679 1859 scilicet
690 1805 823 1858 nominum
835 1799 925 1877 (Pell.
938 1809 968 1857 et
981 1801 1055 1857 Dav.
1067 1801 1212 1872 omnibus,
1225 1796 1297 1877 ξχψ,
1311 1800 1415 1867 Gudi,

350 1905 405 1944 uec
427 1887 538 1959 dubito,
562 1887 633 1961 quin
654 1886 731 1944 falso
754 1885 848 1945 Gzius
870 1886 993 1956 scribet,
1020 1885 1052 1943 in
1075 1885 1154 1944 Gud.
1181 1889 1195 1943 l
1220 1895 1250 1944 et
1270 1887 1342 1944 Bas.
1363 1903 1417 1942 esse

350 1980 465 2030 tantum
477 1972 597 2048 scilicet).
631 1973 691 2030 Eas
713 1991 801 2030 voces
824 1972 933 2029 delenti
946 1973 1063 2029 Mureto
1082 1973 1183 2049 (Verr.
1196 1973 1290 2030 Lectt.
1304 1974 1359 2042 IV,
1374 1968 1416 2044 13)

351 2059 465 2116 assensi
488 2077 589 2116 omnes
612 2067 680 2116 sunt
702 2058 770 2116 inde
792 2075 811 2114 a
832 2058 992 2128 Lambino,
1026 2066 1142 2115 utentes
1165 2058 1253 2114 etiam
1275 2057 1417 2116 levissimo

351 2143 520 2201 testimonio
543 2144 652 2201 codicis
675 2143 708 2203 G.
722 2143 844 2220 Sigonii.
889 2143 976 2202 Unde
999 2153 1096 2200 ortum
1119 2152 1196 2200 esset
1218 2143 1355 2201 mirabile
1375 2141 1417 2198 ed·

351 2229 553 2301 ditameutum,
577 2249 662 2286 nemo
685 2230 782 2287 dicere
804 2236 927 2286 conatus
950 2237 1008 2298 est,
1032 2228 1090 2285 nisi
1112 2229 1191 2303 quod
1214 2228 1311 2288 Gzius
1333 2248 1369 2285 ex
1389 2243 1417 2282 eo

351 2323 453 2372 natum
475 2314 525 2386 ait,
549 2315 628 2388 quod
649 2315 680 2371 in
703 2315 853 2372 codicibus
876 2313 977 2390 (Dav,
991 2313 1080 2386 Oxx,
1093 2313 1172 2385 Gzii,
1195 2314 1224 2372 id
1248 2323 1304 2386 est,
1328 2313 1417 2372 arche·

351 2397 437 2478 typo)
460 2399 600 2476 scriptum
624 2409 702 2458 esset
724 2401 819 2470 babes,
849 2401 927 2474 quod
950 2417 1037 2474 quam
1061 2400 1141 2457 illius
1163 2400 1338 2458 adiectionis
1359 2416 1417 2455 cnu-

351 2504 413 2543 sam
436 2486 553 2558 habeat,
577 2485 697 2543 difficile
720 2495 766 2543 est
787 2485 897 2543 videre.
930 2485 1033 2556 Miror,
1057 2485 1207 2542 Muretum
1220 2505 1279 2543 nou
1291 2485 1415 2549 sensisse,

350 2571 382 2628 in
404 2589 458 2628 sua
480 2571 625 2648 scriptura
647 2590 768 2648 prorsus
790 2589 929 2646 perverse
951 2571 1101 2628 abundare
1124 2573 1244 2640 iliorum
1279 2573 1323 2630 sic.
1350 2570 1417 2627 enim

350 2657 485 2734 ponitur,
519 2665 668 2732 tamquam
695 2657 751 2714 hoc
779 2657 872 2733 magis
895 2657 1062 2716 stoicorum
1090 2657 1128 2714 sit
1155 2675 1243 2733 quam
1267 2657 1417 2734 superiora

350 2743 411 2800 Pro
433 2746 637 2814 consectarium,
671 2743 701 2801 in
729 2761 788 2817 quo
815 2743 893 2798 inest
920 2743 1002 2800 notio
1029 2743 1173 2800 acuminis
1201 2743 1274 2819 (III,
1294 2740 1363 2821 26),
1392 2739 1416 2795 in

350 2827 443 2886 Nonii
465 2829 565 2885 codice
588 2829 661 2886 miro
685 2847 783 2886 errore
802 2828 942 2904 scriptum
956 2836 1019 2884 erat
1034 2831 1263 2896 coniecturae-ium,
1288 2829 1364 2904 quod
1376 2825 1417 2882 illc

351 2915 457 2988 efficac,
476 2917 626 2990 perfectum
648 2914 866 2989 interpretatur.
912 2913 1014 2992 [Quod
1032 2915 1114 2970 lendes
1136 2933 1190 2989 pro
1208 2915 1287 2971 hebes
1304 2915 1416 2972 eBnou

351 3007 518 3071 annotatur,
531 3000 651 3057 Baitero
664 2999 727 3057 iure
740 3008 908 3076 suspectum
922 3008 974 3056 est
992 2997 1131 3058 Correxit
1142 2999 1307 3058 Asceusius
1322 2991 1417 3071 lein]

436 3087 511 3160 quod
532 3106 583 3142 oron
600 3089 689 3161 poeu't
711 3084 780 3161 cet.)
805 3084 855 3144 Sic
880 3085 1013 3160 „aliquot
1024 3085 1121 3142 Pall.“
1145 3095 1175 3142 et
1197 3084 1342 3143 editiones
1358 3081 1416 3140 inde

349 3189 369 3227 a
380 3169 526 3242 Grutero;
548 3191 616 3229 nem
628 3172 789 3229 Lambinus
802 3174 867 3246 quio
880 3191 940 3242 reon,
955 3171 1122 3246 superiores
1132 3169 1195 3228 fere
1208 3170 1324 3250 (biars,
1337 3169 1416 3230 Cret,

350 3256 439 3328 Vict,
462 3254 558 3336 Man.)
588 3267 618 3314 et
644 3256 777 3333 plerique
812 3256 928 3315 codices
947 3257 1107 3313 deteriores
1130 3254 1251 3335 (Εὓξχ)
1274 3277 1345 3332 quoe
1364 3272 1414 3320 nor,

350 3343 429 3416 quod
451 3340 522 3399 ferri
545 3361 603 3400 non
626 3351 724 3419 potest
746 3351 867 3419 propter
889 3343 941 3399 ille
964 3342 1069 3399 verba:
1091 3345 1200 3399 otiare
1222 3351 1277 3400 cet
1308 3343 1416 3420 (Itaque

350 3434 386 3484 ea
408 3428 560 3485 Manutius
583 3429 646 3484 tolli
670 3428 812 3507 volebat.)
855 3427 1048 3486 Manifestum
1071 3437 1116 3485 est
1137 3435 1236 3484 eutem
1259 3447 1299 3484 ex
1317 3421 1416 3484 causali

350 3513 492 3570 orationis
514 3513 624 3586 forma,
647 3513 720 3570 haec
742 3514 785 3571 sic
806 3533 825 3571 a
847 3513 989 3573 Cicerone
1012 3513 1080 3585 dici,
1104 3521 1253 3598 tamquam
1273 3511 1366 3572 Stoici
1385 3525 1415 3564 es

349 3617 400 3668 eo,
434 3598 512 3673 quod
540 3599 602 3656 sine
625 3599 779 3657 honestate
802 3618 888 3658 nemo
910 3600 974 3656 iure
996 3599 1118 3676 gloriari
1144 3599 1253 3674 possit,
1288 3597 1415 3660 efficient,

349 3684 466 3740 beatam
489 3684 580 3741 vitam
603 3684 778 3760 gloriatione
801 3686 918 3762 dignam
942 3703 1020 3756 esse,
1054 3684 1127 3741 illud
1154 3693 1253 3741 eutem
1281 3703 1336 3760 pro
1358 3697 1415 3738 eon·

350 3787 433 3826 cesso
456 3778 582 3840 sumant,
605 3771 722 3827 beatem
746 3771 836 3829 vitam
860 3789 924 3828 esse
947 3770 1109 3828 honestem.
1153 3772 1198 3827 At
1219 3769 1263 3826 illi
1287 3789 1341 3845 pro
1357 3783 1416 3823 con·

350 3873 434 3912 cesso
456 3857 615 3931 ponebant,
638 3856 813 3933 gloriatione
836 3857 954 3933 dignam
978 3875 1042 3913 esse
1064 3856 1180 3912 beatam
1191 3855 1299 3925 vitam;
1322 3849 1415 3912 deinde

349 3950 511 4017 assumpto,
534 3941 740 4018 gloriationem
764 3951 877 4000 tentum
900 3945 930 4000 in
953 3942 1137 3998 honestatem
1160 3941 1280 4012 cedere,
1309 3937 1416 3997 conclu·

350 4027 472 4097 debent,
507 4029 624 4086 beetam
651 4029 742 4085 vitam
774 4047 838 4086 esse
868 4029 1030 4086 honestam.
1074 4028 1180 4101 Itaque
1203 4027 1335 4084 ordinem
1356 4039 1416 4080 con·

350 4112 491 4171 clusionis
514 4113 619 4172 Cicero
641 4114 827 4190 perturbavit
848 4123 877 4171 et
900 4115 1027 4190 primum
1050 4113 1113 4170 eius
1141 4113 1264 4188 gradum
1293 4129 1357 4169 cum
1378 4123 1415 4173 20³

349 4199 429 4271 quod
451 4207 514 4257 tota
536 4199 724 4257 conclusione
747 4198 940 4269 efficiebatur,
963 4199 1151 4274 permutavit.
1181 4195 1361 4264 erasnm,
1374 4191 1416 4250 28.
1481 4211 1482 4216 “

350 4284 441 4354 (Nem
470 4285 495 4342 si
523 4285 589 4359 quis
617 4287 691 4359 quod
719 4305 769 4342 non
793 4289 882 4360 possit
903 4305 957 4361 pro
980 4287 1054 4359 quod
1075 4305 1127 4341 non
1144 4303 1226 4360 posse
1249 4283 1308 4360 (nec
1331 4282 1360 4338 id
1375 4270 1415 4356 te)

349 4368 478 4443 positum
502 4370 659 4428 defendere
682 4380 806 4429 conatur
828 4367 1012 4452 (comparato
1034 4370 1087 4428 illo
1110 4389 1147 4428 ex
1169 4371 1195 4439 Ῑ,
1222 4371 1275 4426 19:
1297 4387 1349 4444 pue
1364 4363 1415 4438 effi·
