3034 5030
338 393 342 402 ’
425 412 469 458 nn
493 412 574 458 uun.
597 411 660 458 run.
683 411 719 458 111
741 411 815 460 cnr.
833 415 909 459 4-s.
1126 395 1190 461 363

108 583 191 646 enirn
213 581 331 646 Zenoni
353 581 448 660 licuit,
471 597 541 645 curn
562 599 629 645 rem
651 581 787 662 aliquem
809 581 980 646 invenisset
999 581 1189 661 inusitatam,

107 684 281 750 inauditum
304 702 429 765 quoque
457 683 554 748 eirei
576 701 688 748 nomen
715 683 891 766 imponere,
925 703 980 748 cur
1008 701 1070 748 non
1097 684 1190 748 liceat

108 787 239 851 Catoni?
283 786 350 850 Nec
371 793 475 851 tamen
498 785 628 866 exprimi
649 786 778 850 verbum
800 805 817 851 e
840 786 936 851 verbo
963 803 1090 851 necesse
1118 785 1188 864 crit,

107 898 142 952 nt
163 890 353 970 interpretes
374 888 517 953 indiserti
540 889 649 964 solent,
672 905 742 952 curn
765 888 805 952 sit
826 889 969 966 verbum,
1000 889 1084 969 quod
1105 888 1188 953 idem

108 991 253 1070 dederet,
276 991 376 1072 magis
398 990 560 1070 usitatum
595 991 739 1073 equidem
766 991 850 1056 soleo
878 991 985 1068 etiam,
1018 991 1104 1072 quod
1125 993 1227 1056 onon

108 1092 230 1173 Graeci,
253 1094 280 1158 si
302 1093 393 1158 aliter
415 1112 476 1158 non
498 1111 636 1174 possum,
658 1093 740 1158 idem
750 1093 893 1175 pluribus
904 1091 1008 1157 verbis
1024 1111 1188 1173 exponere.

108 1195 150 1259 Et
175 1204 279 1262 tamen
307 1203 385 1276 puto
413 1195 541 1260 concedi
574 1196 663 1261 nobis
692 1203 852 1277 oportere,
886 1200 922 1259 ut
948 1193 1070 1260 Graeco
1093 1195 1188 1260 verbo

108 1309 241 1374 utamur,
264 1299 292 1362 si
315 1298 553 1378 quandominus
576 1307 720 1362 occurret
735 1297 890 1375 Latinum,
913 1315 953 1361 ne
974 1298 1033 1363 hoc
1055 1297 1188 1378 ephip-

107 1399 182 1480 piis
205 1408 236 1465 et
257 1398 531 1480 acratophoris
547 1399 758 1482 potiusquam
776 1399 1023 1481 pro'e'gmenis
1046 1407 1078 1464 et
1100 1417 1188 1481 apo·

107 1501 352 1584 proegmenis
379 1502 576 1566 concedatur.
610 1505 804 1582 Quamquam
827 1501 904 1566 haec
931 1502 1056 1582 quidem
1078 1520 1187 1583 pree·
1208 1507 1249 1570 10

106 1605 237 1685 posita
256 1611 341 1670 recte
357 1609 389 1668 et
406 1604 554 1669 reiecta
565 1604 668 1668 dicere
678 1603 789 1668 licebit.
824 1607 871 1669 16.
883 1603 970 1668 Bene
981 1602 1067 1682 iacis,
1078 1603 1187 1684 inquit,

107 1707 191 1787 quod
212 1725 262 1770 me
284 1707 430 1784 adiuvem
453 1713 485 1770 et
506 1707 575 1772 istis
598 1705 732 1788 quidem,
755 1723 837 1788 quae
859 1706 952 1772 modo
976 1705 1091 1784 dixisti,
1114 1714 1188 1770 utar

105 1809 211 1888 potius
232 1808 368 1887 Ietinis3
390 1807 422 1872 in
445 1808 557 1874 ceteris
569 1809 744 1886 subvenies,
768 1808 795 1872 si
806 1827 856 1873 me
867 1807 1047 1874 haerentem
1059 1807 1186 1872 videbis.

107 1909 230 1986 Sedulo,
253 1910 389 1991 inquam,
413 1908 532 1975 faciam
577 1910 639 1976 Sed
661 1910 787 1974 fortuna
809 1908 920 1989 fortes3
943 1928 1041 1992 quere
1064 1927 1187 1988 conare,

107 2030 233 2092 quaeso.
279 2012 360 2090 Quid
384 2012 464 2076 enirn
486 2029 655 2093 possumus
678 2011 736 2076 hoc
758 2029 852 2093 agere
874 2012 1031 2077 divinius?
1208 2018 1248 2081 15

191 2113 229 2178 V.
252 2113 359 2178 Placet
381 2114 439 2194 hia,
461 2115 572 2196 inquit,
595 2133 726 2198 quorum
750 2113 830 2178 ratio
857 2113 932 2179 mihi
954 2113 1121 2196 probatur,
1144 2113 1186 2178 si-

174 2323 199 2368 8.
217 2325 368 2368 nectentem
386 2318 438 2368 MC
460 2333 502 2368 nee
520 2335 565 2368 non
587 2328 678 2368 tament
697 2318 740 2368 LP
793 2325 815 2370 i.
834 2317 911 2368 nolent
929 2334 970 2368 om
998 2317 1018 2366 P
1082 2323 1104 2366 5.
1124 2317 1186 2368 Post
1274 2375 1279 2388 Ι

107 2385 181 2452 noym
198 2389 257 2436 edd.
277 2387 382 2436 minusne
400 2387 520 2438 LPMCR
568 2390 589 2436 7.
610 2396 632 2436 et
649 2403 700 2440 om.
719 2387 741 2436 E
770 2393 791 2436 Β.
814 2385 906 2455 [manue
924 2385 1001 2454 Alih]
1044 2387 1186 2438 nomnen

108 2460 130 2503 9.
150 2473 221 2520 quem
241 2456 331 2506 onnC
367 2455 487 2520 peynrerrtlr
506 2455 528 2504 F,
548 2455 713 2520 prodeqment'a
734 2453 801 2504 [PM
821 2460 854 2518 (et
872 2457 946 2506 simil.
966 2458 992 2505 in
1011 2465 1103 2521 apcpr.)
1149 2461 1184 2507 10.

105 2524 229 2589 popum
241 2523 360 2574 LPMCR
394 2523 556 2574 liliabant
597 2523 868 2588 12.ottproquodnE
906 2530 945 2573 1⁴.
957 2523 1186 2588 Sedulo-quom

107 2593 179 2644 uon:
192 2609 216 2657 p.
236 2597 277 2642 87.
312 2592 357 2642 ced
374 2593 463 2642 om.l'
497 2592 722 2710 s⁰fff⁶[AhN⁰¹¹·
762 2598 800 2645 15.
823 2593 1007 2659 inoportunum
1026 2593 1184 2650 nurnnROr.

105 2661 148 2711 ine
165 2679 236 2726 apere
251 2678 376 2726 pommus
396 2664 415 2712 C
467 2679 539 2727 apere
556 2678 597 2712 om
709 2665 747 2710 16.
765 2662 795 2710 iis
815 2663 836 2712 R

107 2835 211 2895 Cicero
234 2835 408 2910 respondet:
431 2837 600 2894 Faciendum
622 2837 659 2892 id
679 2838 787 2911 quidem
810 2846 857 2892 eet.
891 2837 993 2910 Atque
1016 2836 1046 2893 id
1063 2855 1185 2912 respon·

107 2940 170 2978 surn
193 2921 414 2978 concessionem
437 2921 527 2978 habet
548 2921 690 2979 molestee
701 2921 897 2992 necessitatis,
919 2932 953 2978 ut
970 2922 1053 2997 sequi
1065 2921 1186 2979 debeat:

107 3007 164 3065 Sed
184 3011 210 3066 η’
231 3009 343 3078 Zenorri,
367 3025 440 3063 nont
469 3007 503 3064 Si
530 3009 597 3064 errirn
619 3009 730 3065 Zenom'.
776 3007 931 3082 Significat
952 3006 1072 3078 Cicero,
1106 3007 1186 3082 quod

106 3091 180 3151 Ceto
209 3111 241 3150 ee
271 3092 375 3150 timere
404 3091 536 3165 dixerat,
571 3111 607 3149 ne
635 3093 756 3150 nimiam
779 3090 972 3150 offensionem
995 3111 1072 3151 noun
1095 3093 1186 3150 verbe

106 3177 244 3236 habitura
266 3187 374 3249 essent,
398 3178 619 3237 excusationem
642 3187 775 3254 parntem
799 3177 872 3234 fore.

190 3267 278 3336 maqr‘c
300 3262 441 3337 neitatrnn)
464 3283 552 3338 quern
575 3264 620 3336 id,
644 3263 724 3338 quod
745 3263 913 3338 fingendum
937 3264 990 3333 sit,
1014 3264 1039 3320 si
1062 3263 1185 3320 verbum

106 3349 229 3407 evenho
252 3348 380 3425 exprimi
397 3359 543 3424 oporteat.
572 3349 623 3408 Sic
640 3348 728 3409 Grut.
747 3349 840 3406 ePnl.
868 3352 899 3418 1,
923 3348 1002 3425 Spir.
1014 3347 1079 3426 [B]
1125 3350 1185 3426 (De

105 3433 206 3492 Μαι-ω
228 3434 346 3492 fallitur
367 3433 471 3506 Gzius,
494 3445 528 3493 ut
549 3435 639 3506 solet;
673 3435 817 3492 Morelius
847 3453 939 3492 enno
962 3435 1026 3492 cod.
1049 3433 1186 3492 annotat:

8 3577 9 3582 χ
106 3511 486 3594 qnodrnopisicienndeclcret,
499 3524 636 3591 unitatum,
649 3521 748 3578 nescio
765 3540 803 3578 en
821 3521 850 3578 in
869 3521 1048 3578 excribendo
1060 3519 1186 3596 errans.)

106 3605 183 3664 ΟΠ.
206 3617 241 3662 nt
264 3606 358 3662 nostri
379 3605 549 3664 deteriores.
583 3607 666 3678 Mox,
690 3606 740 3664 ubi
763 3615 821 3663 est:
845 3607 937 3664 ncioc
953 3607 1095 3682 ephippiis,
1118 3626 1186 3682 pro·

106 3691 232 3748 nominis
261 3691 437 3768 significatio
465 3692 509 3768 (nt
535 3695 563 3749 in
591 3694 722 3750 Mentem
750 3711 894 3748 sennonem
924 3692 1103 3770 recipiantur)
1125 3705 1185 3749 tem

106 3775 193 3834 facile
216 3777 332 3834 eruitur
353 3796 391 3835 ex
414 3778 626 3855 superioribus,
649 3787 684 3834 nt
705 3779 787 3835 nulla
799 3777 838 3834 sit
849 3776 982 3836 offensio.
1017 3779 1094 3836 Tum
1103 3797 1185 3854 proe-

103 3866 191 3936 posim
205 3863 266 3919 iem
286 3863 331 3919 ed.
346 3863 513 3920 ven.1494
531 3873 561 3921 et
572 3864 658 3935 eliae,
678 3872 741 3920 tum
764 3883 780 3920 e
803 3863 898 3920 tribus
916 3863 1086 3921 melioribus
1109 3863 1185 3920 Pall.

106 3946 268 4015 Gruterum
287 3951 428 4024 proponite
450 3950 540 4006 etiarn
563 3949 642 4008 Oxx.
666 3967 776 4006 omnes.
812 3948 898 4022 Quod
911 3949 1004 4007 Gzius
1026 3950 1068 4006 ait
1096 3948 1186 4024 paulo

106 4045 170 4108 post
194 4027 278 4114 (16),
304 4034 434 4104 „multos
455 4035 601 4111 scriptos“
626 4045 694 4112 post
709 4038 799 4109 sortes
821 4034 930 4092 addere
948 4037 1076 4104 adinum,
1099 4053 1185 4091 neruo

106 4119 179 4177 alius
202 4119 365 4194 quidquem
388 4121 551 4178 annotavit.
603 4123 752 4178 Poenoque
780 4122 829 4178 hoc
857 4119 930 4197 (non
959 4121 1007 4176 hoc
1026 4118 1185 4195 possumne)

8 4251 9 4282 ἦ
106 4205 192 4262 etiam
217 4205 309 4270 Crat,
332 4206 421 4276 Vico,
445 4207 524 4277 Bas,
549 4205 628 4265 Gud.
656 4211 689 4276 1;
711 4225 791 4280 opere
807 4226 954 4282 possumne
977 4205 1056 4264 Gud,
1082 4207 1109 4262 2.

8 4285 9 4304 ¹
189 4289 264 4366 Cap.
289 4291 327 4351 V.
355 4295 402 4348 16.
446 4294 542 4350 Placet
564 4293 615 4362 iris,
638 4295 725 4368 inquit
747 4295 815 4366 oet.)
838 4292 948 4368 Incipit
970 4291 1075 4350 Catoa
1093 4291 1186 4388 primi

105 4377 254 4454 appetitus
266 4376 436 4436 definitione
448 4389 478 4435 et
490 4379 602 4454 prirnce
615 4378 840 4448 conciliationis,
858 4377 914 4436 hoc
931 4387 985 4448 est,
1004 4370 1185 4448 οἰκειωσεως,
