2920 5012
323 381 385 444 112
705 397 750 443 nn
773 397 904 445 nmmos
927 399 998 446 nou.

320 567 459 648 potiendi
491 583 548 646 spe
580 565 760 631 inflammati
786 568 902 633 multos
931 567 1054 632 labores
1076 586 1266 650 magnosque
1289 587 1408 634 susce-

322 677 443 751 perant.
488 669 538 734 61.
572 668 652 733 Eoos
673 675 775 733 autem
798 669 851 734 alii
872 669 982 734 minuti
1003 677 1035 734 et
1056 671 1194 752 angusti,
1216 677 1271 735 aut
1293 673 1410 737 omnia

390 861 412 906 2.
432 856 668 907 Ecce-mommo
685 835 747 908 citet
764 857 830 908 Non.
849 873 873 922 p.
892 863 951 907 ³⁴5.
986 856 1046 908 mali
1062 859 1119 924 (pro
1137 857 1191 926 olri')
1209 859 1273 910 Non.
1308 860 1412 910 lodoici

321 927 379 991 (pro
397 924 527 992 minotiJE
563 935 587 974 ut
605 929 662 992 (pro
680 926 773 990 aat)E
808 935 829 976 et
848 927 913 976 Non.

321 1116 393 1174 laris
415 1117 528 1175 numeri
549 1117 646 1174 neutri
668 1119 799 1194 generm,
824 1119 859 1174 de
882 1137 941 1193 quo
962 1119 1026 1194 ipse
1048 1118 1180 1176 Kritzius
1202 1116 1272 1176 alibi
1296 1118 1411 1196 dispu-

324 1203 408 1260 tavit.
463 1200 547 1280 [Vid.
571 1201 624 1262 Gr.
647 1202 712 1260 Lat
736 1208 750 1274 ξ
775 1203 867 1261 2971)
900 1213 930 1260 et
963 1209 977 1275 ς
1002 1203 1087 1283 417.]
1142 1205 1257 1262 Deinde
1291 1215 1413 1280 putant

321 1288 537 1346 substantivum
559 1289 654 1364 prius,
678 1289 757 1364 quod
778 1308 882 1366 regens
899 1289 1096 1367 appellamus,
1120 1299 1150 1348 et
1169 1289 1349 1366 gerimdinm
1379 1291 1412 1348 in

322 1393 411 1432 unam
434 1375 582 1432 notionem
605 1375 735 1446 conflari,
758 1376 826 1432 hinc
848 1376 973 1433 alterum
989 1376 1159 1452 genetivum
1169 1375 1307 1452 pendere.
1343 1380 1412 1434 Aa

323 1478 379 1535 que
402 1459 432 1516 in
454 1459 510 1516 heo
532 1459 730 1535 explicatione
752 1461 789 1518 ad
811 1461 942 1538 singulos
964 1463 1045 1520 locos
1063 1461 1311 1520 accommodanda
1321 1464 1412 1521 adeo

322 1564 381 1602 non
404 1544 539 1603 difficiles
561 1555 644 1616 sunt,
677 1553 710 1602 ut
732 1547 820 1603 etiam
843 1547 880 1603 ad
902 1547 954 1604 illa
981 1548 1094 1618 omnia,
1129 1547 1165 1604 de
1193 1547 1299 1622 quibus
1323 1548 1412 1621 dixi,

322 1631 352 1687 in
375 1631 481 1706 quibus
503 1650 662 1706 numquam
684 1632 772 1689 aliter
793 1633 892 1690 Latini
913 1633 1088 1708 loquuntur,
1120 1651 1184 1689 eam
1211 1641 1310 1708 aptam
1338 1653 1413 1692 cre-

322 1716 459 1774 diderint.
504 1715 580 1776 Sunt
601 1734 695 1793 pauca
717 1719 860 1792 quaedam
884 1718 1027 1776 eiusmodi
1049 1719 1184 1794 exempla
1200 1718 1230 1774 in
1244 1717 1413 1778 Ciceronis

323 1803 450 1880 scriptis,
473 1821 548 1877 qnae
570 1802 656 1878 posui
685 1803 715 1859 in
737 1803 904 1863 Emendatt
927 1803 1128 1863 Ciceronianis
1150 1824 1179 1879 p.
1204 1803 1262 1861 197
1287 1803 1413 1880 (Acad.

323 1888 364 1960 11,
391 1889 461 1960 128,
485 1888 520 1944 de
544 1888 626 1947 Orat
649 1889 713 1959 111,
741 1885 814 1968 156)
847 1900 877 1947 et
909 1890 985 1948 alius
1008 1889 1226 1966 comparatione
1247 1890 1414 1950 declaravi

322 1971 373 2052 (de
396 1974 478 2033 Orat.
499 1975 558 2045 ΠΙ,
585 1976 658 2031 111:
681 1995 724 2032 res
746 1977 855 2032 eandem
878 1976 956 2033 habet
978 1986 1103 2032 naturam
1124 1973 1303 2052 ambr'pendr');
1328 1978 1414 2035 addi

321 2069 421 2136 potest
441 2079 495 2136 pro
508 2059 610 2119 Caelio
634 2061 683 2131 62,
708 2058 777 2139 [neo
799 2061 947 2132 abhorret,
970 2061 1049 2136 qnod
1070 2061 1149 2137 apud
1160 2062 1247 2119 Varr.
1263 2060 1298 2118 L.
1310 2061 1352 2119 L.
1367 2065 1413 2136 V,

322 2165 351 2221 p.
376 2146 392 2202 5
416 2146 483 2221 Bip'.
506 2146 657 2203 scribitur:
680 2165 793 2220 qaorum
815 2148 980 2224 (amborum)
1003 2157 1130 2222 qrrattuor
1151 2149 1318 2222 explanandi
1333 2168 1413 2223 yra-

323 2229 399 2309 dos}
444 2231 504 2290 Sed
525 2232 612 2307 longe
635 2232 753 2307 plurimi
780 2232 838 2290 loci
861 2233 1050 2290 vehementer
1077 2240 1256 2310 repugnant,
1289 2241 1342 2305 ut,
1386 2237 1415 2293 si

324 2317 388 2392 quis
410 2317 491 2374 illam
513 2317 657 2375 rationem
680 2317 763 2393 sequi
786 2319 866 2388 velit,
891 2319 988 2376 dicere
1011 2318 1117 2376 debeat
1139 2317 1231 2393 (quod
1249 2317 1279 2374 in
1297 2321 1415 2378 multis

322 2420 393 2460 sane
416 2403 570 2459 dicendum
594 2412 647 2473 est,
671 2403 700 2460 in
724 2404 829 2478 quibus
852 2403 962 2462 frustra
984 2403 1120 2461 laborant
1141 2403 1346 2480 grammatici,
1376 2415 1413 2464 ut

323 2489 354 2546 in
376 2489 499 2565 singulis
521 2489 594 2546 locis
622 2490 790 2566 primariam
820 2490 1062 2567 significationem
1097 2486 1281 2567 ostendant),
1315 2489 1414 2549 illam

321 2573 414 2632 fuisse
437 2575 523 2632 huius
546 2575 771 2632 constructionis
794 2576 951 2652 originem,
975 2575 1027 2633 sed
1049 2575 1153 2632 deinde
1177 2593 1258 2644 eam,
1292 2575 1414 2634 obscu-

322 2669 389 2716 rata
411 2660 538 2736 origine,
572 2661 613 2718 ibi
638 2680 754 2736 quoque
776 2661 902 2736 positam
925 2680 1005 2733 essa,
1040 2660 1091 2718 ubi
1113 2660 1156 2718 sic
1178 2658 1293 2735 concipi
1316 2663 1414 2721 notio

323 2764 381 2803 non
404 2755 513 2822 posset.
558 2746 636 2820 Quid
659 2755 704 2804 est
731 2747 808 2804 enim
831 2747 1001 2818 absurdius,
1035 2764 1123 2821 quam
1156 2746 1234 2822 apud
1257 2745 1413 2806 Plautum

323 2831 354 2887 in
377 2830 461 2906 Capt.
485 2832 540 2902 IV,
565 2834 598 2902 ⁶2,
624 2834 662 2889 72
698 2830 878 2910 (nominandi
908 2837 1020 2889 istorum
1053 2833 1101 2889 tibi
1125 2835 1175 2888 erit
1201 2834 1287 2905 magia
1316 2851 1415 2906 qnam

324 2919 425 2974 erlandi
445 2914 550 2995 eopia),
584 2918 614 2974 in
636 2918 688 2974 illo
717 2918 888 2993 praesertim
912 2919 1068 2975 verborum
1091 2917 1208 2986 ordine,
1243 2919 1416 2977 nominandi

322 3007 426 3078 caynam
448 3022 506 3060 une
528 3003 646 3061 notione
670 3005 824 3079 complecti
853 3003 898 3082 (at
925 3023 1013 3078 qnam
1046 3004 1148 3078 inepta
1174 3021 1210 3060 ae
1231 3019 1291 3060 non
1313 3015 1414 3062 natu-

322 3083 417 3170 ralil),
445 3097 497 3146 aut
519 3090 598 3174 apud
620 3088 791 3149 Ciceronem
819 3091 848 3146 iu
871 3089 1001 3165 Philipp.
1024 3091 1062 3161 V,
1099 3090 1115 3145 6
1145 3087 1322 3164 coniungere
1354 3095 1414 3164 fo-

322 3177 447 3232 cultatem
469 3177 638 3233 condonandi
644 3218 651 3245 ,
685 3185 718 3232 ut
746 3185 807 3232 tum
830 3175 1007 3250 adiungatur
1028 3171 1174 3248 aprorum?
1217 3173 1297 3230 Nam
1318 3193 1415 3248 aqros

324 3263 473 3317 condonare
495 3261 657 3318 naturalem
680 3261 770 3318 habet
791 3261 940 3344 notionem
963 3269 994 3317 et
1015 3260 1174 3330 definitam,
1190 3261 1315 3334 sacrrltas
1340 3281 1414 3318 con-

323 3347 445 3403 donandi
471 3347 591 3404 nullam.
636 3345 696 3405 Sed
724 3347 909 3404 considerent
937 3347 1094 3405 verborum
1117 3345 1249 3404 ordinem
1272 3353 1302 3401 et
1324 3363 1414 3420 quae

324 3431 402 3488 inter
424 3449 459 3488 ca
480 3432 580 3502 verba,
604 3451 679 3507 quae
703 3434 892 3508 coniungunt,
915 3432 1069 3489 interiecta
1091 3441 1174 3501 sunt3
1207 3431 1243 3488 de
1273 3431 1415 3491 artificio

324 3517 466 3574 desistent
488 3515 623 3594 (saraitae
645 3520 723 3575 detur
739 3519 928 3594 appr-intendere
943 3522 983 3574 rei
993 3519 1127 3594 publicae,
1150 3517 1241 3574 caedis
1253 3517 1416 3590 faciendae

325 3603 459 3674 bononem,
478 3604 724 3678 urbisne-piantur
735 3601 798 3680 [?],
821 3623 948 3678 aprorum
964 3607 1020 3660 suis
1039 3603 1185 3660 latronibus
1207 3603 1415 3684 condonandi).

326 3689 392 3745 Hoc
415 3689 504 3764 igitur
527 3689 612 3746 modo
635 3689 733 3764 potius
761 3689 947 3746 iudicandum
977 3697 1034 3746 est:
1067 3689 1103 3746 In
1130 3687 1278 3762 loquendo
1300 3687 1414 3748 Latini

324 3781 449 3850 utroque
472 3775 677 3844 trahebantur,
712 3784 745 3830 ut
778 3785 807 3831 et
834 3775 1007 3850 gerundium
1031 3782 1220 3831 tenerentur
1242 3771 1326 3830 verbi
1352 3793 1415 3834 no-

326 3860 436 3918 tionem
458 3861 628 3936 primariam
650 3859 782 3917 lacerent
803 3858 940 3938 (socratas
962 3862 1132 3916 condonandi
1151 3855 1246 3938 apros)
1274 3867 1305 3914 et
1333 3861 1415 3917 sub-

325 3947 484 4005 stantivum
507 3947 691 4004 substantivo
714 3947 925 4022 coniungerent
947 3946 1079 4003 subiecto
1106 3945 1268 4021 gerundivo
1296 3939 1416 4027 (soord-

326 4043 368 4088 tas
391 4051 517 4106 aprorum
539 4031 795 4111 condononrlorum).
851 4033 985 4106 Antiquo
1019 4031 1108 4108 igitur
1140 4039 1272 4105 tempore
1305 4033 1414 4090 oratio

325 4117 480 4187 interdum,
514 4118 611 4174 vitans
640 4118 728 4175 etiam
756 4119 870 4175 occulta
904 4117 1068 4174 molestiam
1096 4115 1310 4173 terminationis
1339 4116 1415 4174 lon-

325 4203 416 4278 gioris
439 4213 469 4260 et
490 4204 665 4263 insvavioris
686 4205 872 4279 repetendae,
895 4204 925 4261 in
949 4203 1044 4259 medio
1067 4201 1212 4272 substitit,
1235 4211 1268 4258 ut
1290 4200 1415 4259 dicere-

326 4295 376 4345 tur
392 4291 516 4364 facultas
538 4311 665 4366 aproram
686 4291 863 4348 condonandi.
897 4289 977 4349 Illud
998 4288 1084 4360 addo,
1108 4286 1186 4362 qnod
1208 4287 1283 4344 hanc
1305 4289 1415 4363 expli-
