3000 5044
419 413 462 458 nu
485 413 566 459 nari.
589 413 707 460 manv
730 415 803 460 (cnr.
828 416 902 461 a-r.
1115 394 1178 458 505

105 587 139 647 et
160 582 247 646 salva
269 581 310 646 sit
331 591 363 647 et
388 582 420 647 in
447 601 561 663 genere
588 588 790 647 conservetur
816 603 881 648 suo.
932 583 981 648 Ad
1007 582 1087 646 hanc
1113 600 1179 646 rem

105 685 194 749 aiunt
215 691 299 750 artes
321 703 445 766 quoque
467 685 642 765 requisitae,
664 703 744 766 quae
766 691 910 749 naturam
932 685 1123 762 adiuvarent,
1146 683 1177 746 in

105 787 219 868 quibus
241 805 279 850 ea
299 793 479 851 numeretur
500 787 676 867 inprimis,
710 805 790 868 quae
818 794 866 852 est
894 786 1017 852 vivendi
1043 805 1110 862 ars,
1143 795 1179 848 ut

104 894 246 966 tueatur,
279 891 361 969 quod
391 908 411 954 a
437 895 550 954 nanus
571 890 677 979 datum
700 889 754 968 sit,
788 891 872 971 quod
894 889 990 968 desit,
1023 889 1177 970 acquirat,

103 991 259 1074 iidemque
281 991 455 1056 diviserunt
475 995 620 1055 naturam
641 991 773 1056 hominis
795 991 827 1054 in
849 991 986 1055 animmn
1002 997 1034 1055 et
1050 987 1219 1071 corpus35

104 1110 237 1174 cumque
264 1111 371 1157 eorum
397 1099 563 1175 utrumque
584 1112 642 1174 per
663 1112 698 1158 se
719 1095 924 1174 expetendum
940 1111 1010 1158 esse
1021 1092 1179 1170 dixissent,

103 1195 237 1260 virtutes
265 1214 388 1277 quoque
415 1195 577 1276 utriusque
609 1215 715 1260 eorum
748 1215 806 1276 per
833 1215 866 1260 se
894 1197 1083 1277 expetendas
1110 1212 1180 1258 esse

105 1297 262 1376 dicebant3
291 1316 361 1362 cum
382 1297 517 1362 animum
539 1295 660 1363 infinita
681 1299 815 1380 quadam
836 1298 928 1363 laude
955 1301 1181 1378 anteponerent

105 1399 239 1480 corpori,
260 1400 392 1464 virtutes
414 1417 538 1480 quoqne
560 1399 653 1464 animi
674 1399 763 1464 bonis
785 1401 924 1481 corporis
942 1397 1179 1480 anteponebant.

106 1502 155 1567 17.
185 1501 247 1566 Sed
274 1519 342 1566 cum
371 1501 555 1582 sapientiam
583 1501 678 1566 totius
705 1502 837 1566 hominis
865 1503 1024 1566 custodem
1051 1507 1083 1564 et
1103 1519 1176 1580 pro·
1200 1504 1243 1566 10

92 1687 95 1696 ’
177 1727 197 1772 ι.
216 1740 259 1772 sa
276 1724 465 1778 aalma
501 1727 524 1775 r.
543 1723 673 1787 apuam
690 1723 782 1774 arca
815 1727 839 1772 a
857 1723 988 1774 vuaatn
1023 1721 1180 1790 [rnsyllabic

104 1791 174 1841 niueo
193 1791 285 1840 desinit
302 1793 336 1853 A,
355 1792 448 1842 additis
467 1792 548 1842 verbis
566 1789 648 1842 Multa
665 1791 765 1858 desum]
813 1797 836 1841 4.
854 1791 985 1840 tuenturli
1030 1797 1052 1844 5.
1066 1789 1181 1860 [idemque

103 1859 154 1927 aa]
202 1860 305 1909 animam
325 1861 347 1908 R
374 1865 395 1912 d,
415 1860 593 1924 unuarpuodquc
613 1859 741 1911 LPCROr.
796 1865 818 1909 8.
831 1860 935 1924 quadum
944 1859 1180 1924 infinoaul’CROr.

107 1934 144 1980 10.
164 1929 235 1978 totr'ar
253 1929 358 1994 corporis
377 1929 399 1978 R
448 1928 557 1980 etiamC

189 2165 262 2211 artes
284 2174 389 2229 qaoque
412 2150 570 2229 requisitis)
594 2153 643 2213 Sic
659 2154 725 2211 Pal.
746 2157 771 2219 1,
783 2173 840 2230 mg.
854 2152 943 2224 Crat,
966 2154 1050 2212 codd.
1061 2155 1138 2212 Mor.
1150 2163 1181 2210 et

104 2239 193 2305 Scri,
218 2235 371 2319 Spir.[B],
395 2236 438 2310 Εξ
460 2239 505 2319 (hi
527 2237 673 2317 silanti0);
695 2239 826 2298 restituit
836 2240 988 2298 Manutius
1009 2259 1063 2316 pro
1085 2244 1181 2315 esqui-

102 2328 180 2382 sitas.
225 2325 272 2382 De
294 2326 413 2382 vivendi
435 2335 498 2382 arte
521 2325 631 2382 dictum
653 2325 757 2382 estad
779 2326 804 2396 I,
829 2326 878 2382 42.

189 2430 279 2468 eorum
301 2409 456 2488 ostrumque)
479 2410 530 2470 Sic
552 2411 687 2468 meliores
706 2411 831 2481 codices,
854 2430 911 2487 mg.
929 2411 1019 2482 Crat,
1042 2411 1180 2482 Munatii,

102 2497 191 2566 Mor,
216 2495 293 2572 Spir.
317 2495 372 2574 [B]
401 2505 430 2554 et
458 2497 634 2554 deteriorum
658 2496 791 2554 nonnulli
814 2495 892 2572 (Pal.
911 2497 939 2567 6,
962 2497 1046 2554 Parr.
1069 2499 1082 2552 1
1108 2505 1138 2553 et
1161 2497 1179 2554 3

103 2582 191 2638 Dav..
214 2582 275 2650 El.;
299 2583 328 2638 in
352 2583 416 2639 Pal.
441 2583 458 2638 2
483 2591 560 2639 erat:
590 2601 679 2638 eorum
707 2591 848 2656 utrumque
870 2583 1105 2658 annuaquodpue),
1134 2601 1180 2638 re·

103 2667 290 2742 quiriturque
313 2667 497 2743 apertissime
520 2686 539 2724 a
560 2667 654 2743 figura
676 2667 833 2724 orationis:
855 2687 915 2724 cum
937 2665 1183 2742 commodumque

99 2772 195 2828 perse
218 2786 268 2823 —,
294 2758 403 2810 virtutes
425 2773 530 2828 quoque
552 2756 691 2828 ornusque
713 2773 917 2828 eorumperse3
940 2762 1089 2824 ettamen,
1113 2771 1179 2810 curn

104 2857 208 2896 verum
232 2839 393 2910 Manutius,
417 2839 587 2908 Lambinus,
611 2839 752 2896 Davisius
775 2839 868 2896 secuti
890 2847 997 2910 essent,
1022 2839 1179 2910 Gruterus,

102 2923 273 2996 Ernestius,
309 2923 401 2983 Gaius
431 2943 446 2982 e
475 2925 559 2990 malis
590 2923 740 2982 codicibus
769 2927 976 2999 unumquodque
992 2933 1182 2981 retraxerunt

101 3009 266 3086 (debebant
287 3009 390 3067 saltem
413 3008 638 3084 renumqur'dque),
661 3010 740 3084 quod
762 3010 798 3067 de
821 3010 934 3067 duobus
958 3029 1052 3085 neque
1075 3009 1180 3068 Cicero

101 3113 198 3169 nsque
227 3095 382 3170 quisquam
411 3095 487 3153 alius
514 3096 609 3153 bonus
637 3095 763 3170 scriptor
789 3095 878 3166 dixit,
911 3104 1093 3172 repugnante
1116 3095 1181 3152 eius

102 3179 329 3252 distributionis,
353 3200 428 3255 quae
451 3201 486 3238 ea
509 3199 580 3238 voce
604 3181 793 3258 significatur,
817 3190 931 3238 natura.
975 3179 1068 3239 Gaius
1080 3181 1178 3250 etiarn,

100 3265 268 3323 incredibili
291 3265 342 3324 illo
365 3286 418 3324 suo
441 3276 571 3342 stupore,
595 3285 648 3342 pro
671 3285 725 3324 sua
746 3267 892 3324 sententia
908 3266 1045 3343 ascripsit
1067 3266 1111 3343 (in
1128 3266 1181 3323 ad·

101 3351 221 3427 dendis)
244 3350 345 3409 locum
364 3372 379 3409 e
402 3353 476 3410 rhet.
499 3353 537 3408 ad
559 3353 689 3409 Herenn.
712 3353 768 3423 IV,
789 3352 843 3409 37:
883 3353 1021 3410 ffliuncbo
1043 3363 1096 3420 est,
1120 3371 1179 3410 curn

100 3457 206 3508 aarum,
241 3439 393 3512 dequibus
416 3441 543 3508 dicimus,
578 3447 637 3494 out
663 3447 846 3512 utrumque
868 3437 907 3514 (si
930 3438 987 3496 duo
1010 3437 1091 3514 sunt)
1121 3447 1180 3495 ortt

100 3525 361 3597 vanumqur'dqae
383 3523 422 3602 (si
445 3523 544 3600 plura3
567 3523 656 3599 vulgo
679 3523 899 3603 unumquodque)
922 3533 992 3582 certo
1013 3525 1181 3581 concluditur

101 3609 189 3665 aerbo.
235 3607 329 3666 Addit
351 3608 456 3665 deinde
479 3610 606 3684 scriptor
628 3609 778 3684 exempla,
812 3609 895 3685 prius
923 3619 1076 3684 quattuor,
1105 3609 1179 3666 alte·

100 3713 167 3752 rum
192 3693 316 3751 duarum
339 3713 447 3766 rerum,
471 3703 549 3752 tum:
573 3695 627 3752 Hic
650 3705 792 3770 utrumque
814 3705 838 3752 et
860 3699 887 3752 in
909 3699 1044 3771 superiore
1061 3697 1180 3770 eucarpio
1254 3752 1256 3761 ,

100 3799 319 3854 unamquamque
341 3799 396 3836 rem
418 3791 488 3837 certo
509 3781 588 3836 verbo
609 3783 733 3837 conclrrdi
753 3783 881 3838 aidanus.
905 3779 1055 3858 [Simplex
1066 3783 1181 3856 quisque

100 3865 219 3940 (eorum)
242 3865 278 3920 de
301 3865 416 3922 duobus
439 3865 497 3923 dici
519 3875 620 3922 notum
644 3874 702 3936 est;
731 3866 790 3923 vid.
814 3866 1070 3942 Sche11.p.9022,
1094 3865 1180 3925 Caes.

99 3951 135 4008 B.
158 3949 198 4011 G.
223 3950 294 4020 VII,
320 3951 369 4022 32,
394 3950 518 4024 Quintil.
541 3952 598 4022 III,
624 3953 651 4022 6,
679 3950 764 4029 102]

186 4056 246 4092 cam
269 4035 400 4111 ananum)
423 4036 535 4094 Deesse
558 4037 749 4112 particulam,
779 4055 837 4111 qua
860 4038 955 4096 oratio
978 4045 1180 4108 connectatur,

99 4130 240 4198 apparat;
264 4121 425 4180 Lambinus
448 4122 566 4198 scripsit
587 4133 690 4194 etcum,
714 4122 839 4180 Davisio
856 4134 1013 4180 carmardam
1036 4123 1181 4198 placebat.

99 4209 209 4281 Infinita
232 4209 353 4280 quodam
377 4207 464 4265 etiam
489 4205 555 4286 [B,]
578 4208 661 4278 Bas,
695 4209 813 4266 Monac.
836 4207 919 4280 Gaii,
943 4208 1023 4268 Crat.
1051 4209 1081 4266 in
1109 4226 1180 4266 con-

99 4301 200 4361 textu3
229 4291 494 4368 alterum-quoqne
517 4293 575 4350 dici
598 4303 698 4351 notum
722 4303 781 4362 est;
810 4295 869 4352 vid.
893 4294 1023 4353 Orellius
1045 4296 1082 4352 ad
1105 4295 1121 4352 I
1143 4295 1180 4351 de

100 4376 182 4437 Orat
209 4379 257 4436 16.
