3034 5030
399 407 443 454 nr
465 407 546 453 mss.
568 407 631 452 um.
654 407 689 452 m
711 405 783 454 cur.
801 407 876 454 e-r.
1103 387 1164 454 381

3 607 4 634 ι
98 577 253 654 dunum,
274 575 367 658 quale
388 593 445 640 nos
468 593 620 640 summum
640 575 673 639 in
695 573 760 640 vita
780 573 894 640 bonum
916 574 1059 652 dicimus,
1091 573 1167 639 illud

97 685 211 756 eutem,
232 683 268 742 ut
287 676 388 756 feriat,
410 675 500 760 qussi
521 676 720 758 seligendum,
742 695 803 742 non
825 677 1039 758 expetendum.

182 781 252 844 vlt
285 781 336 845 23.
360 779 435 844 Crrm
459 784 562 844 summ
584 779 687 844 omnis
708 776 809 844 officie
831 777 1026 860 epriucipiis
1037 783 1168 844 naturae

168 947 353 1004 l.duoimusL

3 1133 4 1184 ξ
97 1143 177 1182 mum
205 1123 408 1193 constituitur,
446 1130 480 1179 ut
505 1121 678 1180 excludatur
705 1122 799 1180 omnis
825 1121 950 1179 feriendi
977 1121 1168 1198 significeti0;

3 1249 4 1270 2
96 1211 214 1284 itaque,
235 1209 305 1284 quis
327 1217 456 1280 cavetur,
478 1226 516 1264 nc
537 1207 568 1264 id
589 1207 831 1284 comprehensum
850 1207 999 1278 videatur,
1033 1225 1099 1265 cum
1126 1208 1169 1266 sic

3 1291 4 1358 J
97 1296 228 1354 dicotur:
249 1305 279 1351 ut
300 1297 428 1364 collibeat,
450 1293 505 1351 boc
527 1293 711 1368 adiungitur:
737 1303 762 1350 ct
784 1303 891 1350 tameo
914 1293 962 1350 loc
983 1295 1018 1350 eit
1039 1295 1168 1366 ultimum,

97 1393 125 1438 ut
147 1385 238 1438 mmdo
252 1382 344 1454 sociat
365 1387 421 1436 cet.
452 1377 508 1436 Est
518 1386 616 1435 eutem
627 1379 700 1435 heec
716 1379 861 1454 scripture
872 1379 909 1436 ab
921 1372 1057 1436 Ernestio
1068 1378 1099 1435 in
1110 1398 1169 1436 une

96 1484 169 1524 voce
182 1465 347 1536 emendato,
365 1483 452 1539 quem
467 1463 646 1522 recentiores
657 1464 750 1521 secuti
762 1473 837 1522 sunt.
870 1463 900 1522 N
901 1483 948 1520 om
960 1465 1009 1522 secl
1021 1464 1068 1522 loc
1080 1464 1168 1522 etiem

97 1551 234 1620 eliorum,
258 1557 535 1625 qnantumconstet,
558 1548 682 1620 codices,
705 1549 735 1606 in
758 1567 817 1623 que
837 1549 984 1626 scripturo
1004 1567 1059 1606 nec
1074 1549 1170 1608 oratio

97 1646 290 1694 musmones
313 1634 472 1704 sententie3
499 1633 712 1710 coniungentur
733 1635 825 1692 enim:
852 1638 940 1692 osonio
961 1637 1014 1692 sint
1028 1637 1169 1709 faciendo,

97 1733 125 1778 ut
146 1724 275 1792 collineet,
298 1732 322 1778 et
344 1731 431 1778 tomen
453 1731 483 1777 ut
503 1722 591 1776 omnia
606 1723 710 1794 soene
732 1719 832 1794 itaque
849 1721 1169 1798 (quemquomomnino

3 1805 4 1808 ’
97 1826 156 1865 ιιοιι
179 1807 289 1865 dicitur
310 1807 367 1864 sic:
383 1807 515 1881 sumendo
536 1816 598 1862 eunt
620 1815 648 1862 ut
670 1838 720 1878 -,
744 1815 768 1863 et
790 1815 876 1862 tomen
893 1806 933 1878 ut)
956 1805 1117 1864 incidemus
1138 1805 1169 1862 in

97 1893 179 1950 illem
203 1890 343 1962 formem,
376 1909 436 1966 que
462 1889 653 1948 Plutarchum
676 1890 802 1948 vidimus
825 1890 942 1950 Stoicos
963 1890 1099 1960 irridere,
1133 1909 1170 1948 ne

3 1997 4 2004 ¹
97 1978 168 2054 quid
193 1977 230 2034 de
252 1977 316 2054 ipso
339 1978 388 2034 sed
409 1975 512 2034 dicem.
557 1975 600 2033 Sit
617 1985 648 2034 et
668 1987 707 2034 eet
729 1976 817 2034 etiem
840 1975 911 2034 elibi
933 1994 991 2033 non
1013 1994 1170 2034 rerocom·

97 2071 213 2120 mutate
234 2073 312 2122 sunt.
354 2063 427 2137 lpse
446 2061 544 2119 formo
563 2061 704 2118 orationis
727 2062 788 2138 (loc
810 2065 845 2118 sit
867 2065 999 2133 uitiosum,
1034 2071 1062 2118 ul
1083 2065 1170 2120 omnia

93 2153 187 2222 soeret
208 2145 277 2224 cet.)
300 2147 389 2205 dubis
410 2165 475 2204 esse
497 2147 599 2223 nequit
621 2157 741 2223 propter
762 2147 802 2218 id,
824 2147 903 2222 quod
920 2147 1096 2204 contrarium
1119 2146 1170 2204 ed·

98 2234 194 2292 ditnrr
215 2235 285 2290 ilbcd
305 2243 403 2304 αιιιειι,
425 2243 454 2290 ιιι
469 2235 565 2308 fciat,
588 2235 669 2306 quasi
688 2234 850 2307 selipcnclum
872 2231 946 2310 (sit).
979 2232 1170 2308 Reliquorum

3 2363 4 2392 ι
98 2319 244 2377 editorum
262 2318 298 2376 de
325 2327 389 2376 toto
415 2317 471 2376 hoc
498 2317 562 2375 loco
584 2317 652 2374 inde
674 2337 692 2376 a
713 2317 812 2376 verbis
846 2319 882 2375 Ut
903 2321 970 2376 enim
996 2321 1021 2376 si
1046 2322 1091 2376 cui
1116 2325 1170 2376 cet.

3 2409 4 2474 l
98 2405 284 2462 coniecturas
296 2421 331 2462 eo
344 2403 437 2480 magis
448 2421 676 2461 commemorare
687 2403 873 2480 supersedeo,
896 2403 974 2478 quod
995 2403 1171 2480 superiores,

3 2525 4 2552 l
97 2490 304 2547 animadversa
326 2507 364 2546 ex
386 2489 487 2564 ulique
507 2497 591 2564 perte
613 2487 670 2546 loci
692 2488 922 2564 perturbatione,
945 2498 1171 2546 nectemenex·

3 2577 4 2580 ’
97 2576 209 2651 plicato
230 2574 400 2652 diligentius
422 2574 650 2649 comparationis
672 2573 768 2632 forme
794 2585 824 2631 ct
851 2573 988 2644 consilio,
1022 2583 1172 2649 tamquam

96 2661 125 2717 in
150 2661 309 2736 desperato
332 2659 397 2717 loco
419 2659 518 2717 omnis
539 2667 704 2730 verterunt,
733 2676 786 2717 nec
809 2667 906 2716 temen
929 2659 985 2716 sibi
1008 2659 1064 2734 ipsi
1087 2659 1172 2717 setis·

97 2745 241 2817 iecerunt,
264 2745 443 2802 recentiores
464 2755 572 2816 eutem,
596 2743 689 2804 Gziue
711 2744 838 2802 maxime
860 2754 890 2802 et
911 2743 993 2815 Otto,
1015 2744 1171 2802 incredibi-

96 2831 166 2890 liter
190 2839 299 2888 errent.
338 2830 464 2890 Ursinus
486 2839 583 2886 tumen
600 2830 670 2904 quid
698 2848 730 2887 se
758 2831 786 2886 in
809 2829 910 2888 codice
932 2848 985 2888 suo
1007 2831 1172 2906 repperisse

98 2917 200 2994 finget,
224 2915 380 2973 dicendum
402 2926 461 2974 est:
489 2916 525 2972 Ut
546 2918 613 2974 enim
635 2949 676 2956 -
698 2925 746 2972 out
767 2913 907 2990 sopinum,
938 2925 967 2972 ut
982 2918 1082 2991 fen'ot.
1104 2919 1173 2974 sicco

97 3023 145 3060 nos
168 3003 216 3058 ult.
238 3003 266 3058 ιἰι
288 3001 362 3058 borres
383 3002 515 3072 άιζτίιιιιιι,
544 3003 583 3058 ss'c
605 3001 631 3058 b.
654 3004 681 3058 ιἰι
703 3001 855 3059 buiusnwdi
875 3004 933 3058 sinc
957 3020 979 3058 o.
1003 3003 1172 3076 coruscent

96 3090 224 3158 collocet,
248 3097 273 3144 ct
294 3096 397 3144 ιιιιιιιιιιι
418 3089 469 3144 niti
487 3096 516 3144 ut
538 3117 579 3128 -
601 3096 771 3162 assequetur.
804 3087 850 3144 Ex
874 3086 979 3144 ceteris
1001 3085 1083 3144 codd.
1101 3085 1172 3145 Sco·

97 3173 186 3250 ligeri
208 3173 337 3228 hebebet
359 3183 414 3230 tum
435 3191 488 3248 pro
511 3183 607 3242 mosen,
630 3181 661 3228 et
681 3171 770 3247 poulo
792 3180 860 3248 post
881 3171 1172 3240 omittebetdicimro3

98 3259 179 3317 Oxx.
201 3251 247 3326 Εξ
267 3260 360 3332 quood
380 3277 434 3334 pro
457 3277 510 3332 quo
532 3254 658 3337 (propos.
682 3255 804 3335 assequ.)
848 3255 947 3335 [Nihil
968 3275 1052 3314 nunc·
1067 3255 1172 3314 melius

97 3345 247 3402 certiusve
268 3342 299 3400 io
320 3343 377 3400 hoc
399 3343 465 3400 loco
488 3341 605 3400 efficere
626 3343 719 3419 potui,
742 3343 800 3405 etsi
816 3351 846 3399 et
856 3342 1021 3419 corrigendi
1033 3341 1175 3400 violentis

97 3426 151 3510 (sic
173 3447 230 3506 pro
252 3431 333 3500 cont,
366 3431 402 3486 se
428 3446 482 3504 pro
509 3430 558 3486 sed
584 3436 615 3485 et
636 3429 792 3486 verborum
820 3421 959 3510 seclusio)
982 3436 1012 3485 et
1033 3426 1174 3486 orationis

96 3513 196 3572 forme
218 3513 432 3572 dubitationem
447 3513 625 3588 relinquunt
658 3513 704 3572 Ex
716 3514 762 3586 iis,
779 3531 854 3588 quee
864 3513 913 3570 Fr.
924 3513 1050 3570 Iacobus
1061 3513 1091 3569 in
1102 3511 1174 3570 Phi·

97 3599 191 3676 lologi
213 3598 272 3656 vol.
295 3600 341 3658 VI
363 3620 391 3675 p.
415 3599 475 3657 485
493 3617 557 3673 sqq.
579 3598 705 3674 scripsit
727 3598 801 3656 nihil
822 3599 963 3674 proficere
981 3598 1073 3675 potui.
1095 3597 1172 3655 Nem

97 3703 195 3760 neque
218 3683 306 3742 huius
328 3684 556 3760 comparationis
578 3701 644 3742 cum
667 3683 833 3744 Stoicorum
861 3684 995 3742 doctrine
1016 3684 1173 3742 cobseren-

98 3771 172 3828 tiem
194 3770 349 3846 perspexit
369 3779 400 3827 et
421 3769 545 3827 delendo
567 3769 610 3827 its
630 3777 781 3847 grossetus
794 3777 847 3840 est,
871 3777 1005 3827 uttotsrn
1023 3787 1174 3844 compere-

98 3855 190 3914 tu'onis
212 3855 440 3932 explicationem
468 3865 498 3912 et
524 3855 562 3912 ed
582 3855 697 3930 reliquo
718 3855 1016 3914 accommodationem
1039 3853 1174 3914 Ciceroni

99 3943 239 4018 eriperet,
261 3939 466 4017 interpolatori
479 3949 578 3998 eutem
590 3959 626 3997 ee
647 3940 799 4012 tribueret,
821 3959 897 4014 quae
919 3940 946 3998 ei
958 3959 1115 4015 numquam
1143 3938 1173 3995 in

99 4036 230 4084 mentem
252 4026 411 4098 venissent,
434 4034 467 4083 ut
488 4027 524 4084 de
546 4025 696 4104 seligendo
719 4035 749 4084 et
770 4024 959 4103 expetendo]

187 4111 261 4188 Cep.
283 4112 355 4182 vn,
380 4111 429 4170 23.
465 4112 533 4170 Cum
554 4121 642 4169 autem
664 4105 733 4194 cet.)
767 4111 900 4171 Obscure
927 4112 1000 4168 haec
1028 4111 1173 4181 dicuntur,

99 4215 215 4272 vereor,
238 4215 276 4253 ne
298 4196 398 4271 aliquo
419 4197 507 4254 etism
530 4197 623 4273 ipsius
646 4197 797 4256 Ciceronis
819 4197 915 4272 culpo,
939 4215 997 4254 non
1019 4197 1091 4254 sotis
1103 4195 1174 4252 scite

100 4283 265 4340 sententias
287 4282 317 4340 in
340 4282 429 4340 breve
451 4282 650 4341 contrahentis
673 4291 703 4340 et
712 4284 801 4340 rebus
812 4301 871 4340 non
882 4300 1002 4357 prorsus
1014 4281 1176 4358 perspectis

99 4368 271 4446 ambiguam
293 4377 333 4440 et,
356 4375 389 4425 nt
409 4367 452 4426 ite
475 4367 579 4441 dicem,
602 4369 792 4428 fluctuantem
815 4366 977 4426 orationem
1000 4367 1174 4425 adhibentis.
