2956 5028
418 401 462 448 un
484 401 567 448 usn.
588 400 652 448 nus
674 399 697 446 11
720 399 793 448 one·
818 403 857 448 ee.
1120 381 1181 446 277

119 569 265 635 inimicis
292 570 416 636 tuendis
443 568 550 649 fuerit,
583 575 701 648 tumen,
736 566 866 634 sihaec
894 586 970 633 vere
997 577 1070 633 sunt
1097 567 1187 648 (nihil

119 671 191 736 enirn
212 670 355 752 affirmo),
378 691 440 737 non
462 671 539 737 setis
561 677 673 737 eeuurs
684 669 751 736 tuit
777 673 839 744 „At
848 669 953 736 multis
965 687 999 735 se
1012 671 1185 752 probenit“

119 775 163 838 81.
183 773 223 839 Et
242 775 366 855 quidem
386 773 455 838 iure
481 772 632 852 tonusse3
666 773 721 838 sed
748 781 852 839 umen
880 791 942 838 non
969 771 1187 854 gravissimum

119 885 161 940 est
179 876 387 941 testimonium
408 875 624 941 multitudiuis.
651 877 688 940 In
711 875 794 942 omui
816 875 898 942 enim
919 881 989 940 arte
1011 874 1060 940 rel
1082 875 1187 940 studio

118 977 160 1041 rel
180 978 287 1060 quavis
309 978 452 1056 seientia,
485 978 534 1044 vel
560 979 592 1042 in
620 978 692 1059 ipsa
718 977 843 1056 virtute,
871 977 1022 1058 optimum
1049 977 1226 1059 quidquod

118 1079 296 1144 rarissimum
319 1089 376 1144 est
422 1083 467 1144 Ae
488 1079 561 1144 mihi
584 1080 722 1162 qudem,
756 1080 841 1162 quod
868 1085 900 1144 et
926 1079 996 1160 ipse
1018 1079 1118 1146 bonus
1140 1079 1188 1146 vir

117 1179 168 1246 fuit
188 1182 325 1248 etmulti
348 1181 493 1264 Epicurei
515 1190 547 1248 et
568 1181 694 1248 mantnt
715 1189 748 1248 et
768 1181 860 1247 hodie
882 1189 955 1246 sunt
977 1181 1060 1248 etin
1082 1181 1188 1248 amiei-

182 1409 200 1452 t.
218 1403 328 1454 nsaw·
347 1403 390 1454 Or.
426 1403 618 1470 suaittrsuep.
638 1404 785 1470 postremis
803 1404 825 1454 E
862 1409 884 1454 2.
904 1407 965 1454 mim
983 1417 1034 1456 ont,
1054 1403 1074 1452 P
1109 1403 1189 1469 firen't

118 1471 133 1518 L
167 1476 192 1525 θ.
209 1472 232 1520 in
249 1489 297 1522 mr
316 1477 374 1538 (pro
393 1472 454 1535 iare)
473 1471 594 1524 LPMCR
629 1471 754 1537 &quovis
771 1471 861 1522 omia
897 1472 1005 1536 preodpue
1022 1471 1044 1521 Ε
1063 1471 1188 1538 pur'prpeb

118 1543 137 1590 t.
154 1549 186 1590 ert
202 1556 251 1590 our.
268 1541 315 1593 Or.
369 1545 390 1590 7.
418 1538 450 1607 [et
472 1539 543 1590 multi
557 1552 579 1591 rt
600 1541 712 1606 Epicurei
723 1542 826 1606 suerunt
846 1539 873 1608 Α]
902 1549 924 1590 et
945 1540 1014 1590 multi
1037 1541 1109 1607 Epir.
1133 1549 1189 1590 runt

110 1609 203 1670 fem
219 1610 242 1659 E
259 1619 281 1660 et
298 1609 368 1660 naui
382 1608 453 1674 Epo.
463 1613 570 1676 suem
588 1610 753 1662 truciter.
805 1609 926 1678 [animeris
944 1609 994 1676 uh]

118 1795 202 1858 Gnius
223 1799 392 1868 annotavit3
425 1819 485 1858 non
513 1801 682 1872 annotavit,
716 1801 775 1878 legi
803 1801 846 1859 ibi
873 1803 981 1873 anticio,
1015 1799 1095 1875 quod
1122 1817 1188 1858 oum

117 1881 253 1942 Gruterus
274 1886 305 1942 in
329 1884 405 1943 Pell.
429 1886 566 1944 omnibus
588 1887 743 1958 invenerit,
767 1885 846 1946 Oxx.
869 1887 900 1944 in
923 1881 1029 1962 Ηξχψ,
1063 1886 1188 1944 alterum

117 1969 217 2028 nullam
238 1971 556 2044 habetauetoritatem,
579 1972 658 2047 quod
679 1973 748 2030 inde
770 1991 789 2029 e
806 1973 906 2030 Merso
924 1981 954 2030 et
964 1971 1099 2030 Victorio
1121 1991 1189 2048 pro-

117 2066 244 2132 pagatum
268 2067 323 2115 est.
351 2055 445 2133 (Crat
468 2057 585 2134 amtor.)
613 2057 677 2115 Neo
700 2058 797 2116 minus
819 2057 931 2115 amicos
948 2067 1065 2114 tuemur
1087 2054 1189 2134 (bene-

117 2140 182 2198 ficiis
203 2151 232 2199 et
253 2141 371 2212 officiis,
394 2142 454 2199 vid.
477 2143 515 2200 ud
537 2144 602 2200 Att.
625 2144 668 2214 II,
693 2143 733 2200 20
756 2141 835 2220 init.)
858 2161 946 2218 quern
969 2141 1124 2200 amicitias.

193 2230 218 2284 εἰ
243 2229 309 2286 iaec
337 2247 401 2286 veru
430 2239 492 2286 rurrt
521 2227 690 2308 (strumen
718 2227 843 2308 affirmo)
887 2229 997 2286 Parum
1015 2239 1093 2303 epte,
1122 2245 1189 2285 oum

117 2312 206 2369 omnis
226 2313 370 2370 haetenus
393 2310 577 2389 δογματικῶς
599 2314 772 2391 disputarit,
801 2313 899 2372 subito
922 2313 1051 2370 intericit
1072 2313 1189 2372 Acade·

117 2396 201 2454 mione
221 2397 417 2456 dubitationis
440 2398 694 2474 significationem.

194 2485 242 2542 81.
276 2485 318 2542 Et
340 2485 448 2558 quidem
470 2483 541 2559 r'rrre)
566 2485 616 2544 Sio
638 2486 702 2542 eod.
725 2486 802 2543 Mor.
825 2493 855 2542 et
877 2485 955 2560 Spir.
986 2480 1052 2562 [B],
1081 2484 1188 2555 idest,

117 2567 257 2640 meliores3
280 2569 374 2627 edidit
384 2569 507 2645 primus,
525 2571 639 2646 opinor,
653 2569 826 2630 Cratander.
849 2571 892 2630 Ut
913 2569 1006 2626 nostri
1019 2569 1189 2640 deteriores,

117 2649 197 2726 Oxx,
219 2653 328 2713 Gziani
351 2655 451 2712 oeteri.

192 2743 232 2797 ori
252 2741 343 2798 studio
364 2742 406 2798 vel
426 2744 524 2815 quouis
545 2738 670 2822 sumta)
704 2739 899 2800 Offenderunt
925 2739 974 2798 hie
996 2739 1138 2798 Davisius
1160 2749 1190 2798 et

118 2819 271 2898 Ernestius,
296 2843 350 2883 nee
372 2825 436 2902 ipse
459 2845 506 2883 me
527 2825 613 2885 initio
625 2827 828 2904 expediebem,
851 2825 931 2902 quod
943 2844 1006 2897 neo,
1019 2829 1116 2900 prrom's
1137 2844 1191 2884 cur

116 2907 276 2982 adderetur,
311 2911 447 2968 videbam
476 2920 507 2969 et
533 2914 574 2970 vel
600 2913 690 2970 etiem
718 2920 786 2969 unte
813 2923 873 2970 arte
901 2913 1069 2986 ponendum
1096 2910 1188 2970 fuisse

115 2997 245 3068 putabam
268 2997 342 3074 (vid.
365 2997 450 3068 adl,
474 2996 539 3072 52).
571 2996 768 3068 Nunevideo,
792 2999 833 3054 vel
853 2997 901 3056 hie
924 3015 989 3054 oum
1007 2997 1189 3056 correctione

116 3078 206 3155 alique
227 3083 308 3158 poni,
331 3091 455 3140 utente
477 3083 605 3160 primum
628 3101 734 3142 nomen
758 3084 829 3159 poni
850 3101 910 3140 non
932 3082 1075 3142 debuerit.
1109 3083 1188 3140 Nem

115 3179 173 3222 eum
194 3178 278 3224 arten
300 3167 439 3240 dixisset,
473 3186 532 3226 non
560 3177 654 3226 artem
682 3169 892 3226 nominandam
914 3167 1005 3226 fuisse
1033 3167 1187 3244 significat,

114 3251 184 3322 quod
205 3253 299 3312 maius
322 3254 473 3324 rideatur,
508 3253 561 3311 sed
589 3254 733 3324 studium,
768 3255 883 3312 etiamsi
910 3254 984 3311 artie
1011 3253 1137 3312 formem
1159 3263 1189 3312 et

114 3333 276 3412 dignitatem
308 3357 368 3398 uon
398 3339 539 3417 attinget,
573 3340 623 3397 rel
656 3340 775 3397 omnino
808 3339 944 3414 quemvis
978 3339 1108 3398 cuiusvis
1144 3339 1188 3398 rei

113 3421 272 3494 seientiam
299 3435 363 3483 tum
385 3424 415 3481 in
438 3425 526 3483 tertio
548 3427 602 3491 uel,
632 3425 682 3482 ubi
705 3425 806 3484 addita
829 3425 1011 3502 praepositio
1034 3425 1187 3501 significat,

113 3503 162 3565 hoo
182 3509 296 3586 seiungi
319 3510 356 3567 ab
379 3510 431 3568 ilia
453 3511 543 3577 serie,
567 3511 700 3568 escendit
721 3511 815 3569 oratio
838 3510 996 3586 velpotius
1013 3509 1190 3568 transfertur

113 3591 144 3648 ad
165 3594 253 3667 eliud,
275 3605 310 3654 ut
331 3595 384 3653 sit:
406 3598 484 3653 etium
506 3599 534 3653 in
555 3599 616 3671 ipsa
638 3599 742 3654 virtute.
786 3597 864 3655 Nem
886 3596 967 3672 quod
978 3593 1071 3656 Stoici
1093 3597 1187 3671 ipsam

112 3677 242 3738 virtutem
264 3691 357 3739 artem
380 3680 539 3751 iaciebant,
562 3681 637 3738 nihil
659 3682 697 3738 ed
719 3683 794 3740 huno
816 3683 980 3741 orationem
1003 3682 1140 3758 pertinet.

189 3770 358 3824 vanissimum
379 3765 432 3842 est)
455 3767 588 3826 Verbum
598 3778 638 3824 est
648 3767 812 3840 Ernestius,
835 3785 961 3844 sequens
973 3767 1019 3824 El.
1031 3777 1187 3841 utrumque

112 3857 138 3904 et
156 3851 200 3908 ed
223 3852 311 3924 vicu,
335 3851 443 3912 omisit
487 3851 549 3911 cfr.
571 3853 609 3909 ad
631 3852 656 3924 1,
680 3853 730 3912 4³.

182 3939 296 4012 pumen
318 3948 343 3995 et
366 3939 443 3996 hodie
463 3936 540 4013 sumt)
562 3939 677 4014 Aptum
699 3949 745 3998 est
766 3940 803 3997 ed
826 3947 983 4013 utrumque
1005 3949 1121 4015 tempus
1144 3937 1188 3996 di·

111 4019 210 4080 stinete
231 4023 402 4094 notandum,
425 4024 505 4099 quod
526 4023 689 4082 Lambinus
706 4025 815 4082 edidit:
841 4028 995 4100 etsuerunt,
1018 4040 1084 4080 cum
1102 4041 1188 4098 prae·

111 4107 204 4166 sertim
222 4107 335 4182 Cicero,
358 4109 410 4167 ubi
422 4127 562 4185 praesens
574 4119 690 4186 tempus
701 4111 846 4187 superiori
858 4108 1032 4186 simpliciter
1043 4109 1186 4186 adiungit,

110 4193 201 4264 potius
214 4194 310 4252 dicere
321 4194 472 4252 videatur:
496 4195 626 4271 hodieque
643 4207 705 4254 eunt
727 4196 774 4274 (ut
796 4216 850 4273 pro
873 4195 954 4256 Cael.
978 4195 1013 4266 3,
1044 4194 1080 4251 de
1103 4192 1186 4253 Oret.

111 4275 132 4346 I,
155 4276 236 4362 103).
271 4278 399 4359 [Addidi
422 4298 500 4338 nune
522 4289 546 4337 et
569 4299 635 4338 oum
652 4282 783 4353 Baitero,
807 4281 966 4340 adiuvante
983 4277 1118 4338 nonnihil
1131 4277 1187 4357 A.]
