2998 5020
420 428 462 472 nr
486 427 565 474 usn.
583 428 645 474 nnn.
664 430 685 474 v
708 428 780 474 cnr.
801 432 824 474 c.
1088 413 1150 476 629

80 596 172 660 nobis
194 596 369 661 adhibenda
391 596 500 660 divisio
522 603 585 675 est,
619 616 680 678 qun
703 603 808 662 noster
833 599 1000 663 Antiochus
1023 599 1152 665 libenter

78 698 129 762 uti
152 699 238 763 solet
283 697 338 762 Ille
359 698 453 780 igitur
475 698 564 777 vidit,
587 718 647 764 non
671 701 771 779 modo,
794 709 870 784 quot
898 700 1028 766 finissent
1050 702 1151 767 adhuc

152 891 173 933 2.
196 885 269 952 [quod
288 915 315 922 -
336 886 400 950 quod
417 887 462 951 uh]
482 895 537 950 quot
555 889 645 934 cruneio
654 885 761 952 suessent
779 890 798 935 l}

76 1069 141 1116 stat
169 1060 340 1118 Latinorum
374 1080 483 1118 morem
512 1062 673 1119 sententiae
701 1062 890 1120 secundariae
918 1081 983 1119 cum
1012 1063 1155 1139 primaria,

78 1147 249 1203 miscendae
277 1146 509 1204 animadvertere
539 1143 590 1228 [de
608 1166 666 1222 qno
694 1147 822 1205 breviter
849 1149 985 1224 praecepi
1008 1147 1062 1208 Gr.
1086 1149 1149 1206 Lat

76 1230 228 1309 §476d],
251 1241 280 1288 et
302 1231 398 1302 simul,
421 1251 509 1307 qnam
531 1233 721 1308 pertinaciter
743 1242 827 1292 vetus
849 1253 945 1290 sermo
957 1235 1150 1292 constantiam

75 1318 326 1393 interpunctionis
348 1319 385 1376 ad
396 1327 514 1376 nostrae
526 1319 668 1376 orationis
684 1337 816 1376 normam
828 1320 1012 1396 excogitatae
1023 1329 1150 1397 respuat.

171 1404 324 1461 Contendit
346 1438 386 1444 —
409 1407 511 1462 clioisio.
545 1405 596 1462 Ille
617 1407 709 1478 igitur)
738 1407 782 1462 De
805 1405 860 1462 hac
882 1405 1041 1472 divisione,
1075 1425 1150 1480 quae

75 1509 117 1546 ex
141 1508 238 1546 rerum
262 1497 291 1546 et
313 1490 464 1547 notionum
476 1489 647 1547 confusione
664 1509 722 1546 non
735 1510 827 1566 parva
839 1490 1039 1548 difficultatem
1052 1492 1150 1564 habet,

74 1575 169 1631 etde
192 1575 270 1632 omni
293 1575 379 1633 huius
402 1585 432 1633 et
453 1576 654 1652 proximonum
677 1577 799 1634 duorum
828 1577 956 1652 capitum
979 1586 1151 1653 argumento

75 1661 249 1736 expositum
272 1669 317 1717 est
338 1661 367 1718 in
391 1679 426 1718 ee
448 1661 655 1738 disputatione,
678 1681 736 1737 qna
759 1663 846 1720 etiarn
859 1663 954 1738 prima
966 1672 1087 1720 naturae
1099 1683 1151 1739 per

74 1765 237 1804 excursum
260 1747 418 1818 declarari,
440 1747 477 1804 ad
501 1748 541 1818 11,
556 1748 604 1803 33.
638 1747 742 1806 Oratio
754 1757 853 1804 notam
876 1749 997 1824 liguram
1021 1749 1110 1806 habet
1120 1750 1150 1806 in

73 1831 254 1908 pronomine
266 1835 309 1889 illc
324 1833 361 1890 ad
375 1833 549 1890 substantivi
562 1833 720 1904 notionem,
744 1835 859 1908 quaein
876 1835 1028 1891 Carneadia
1041 1836 1150 1906 subest,

73 1918 185 1988 relato,
208 1927 241 1975 ut
261 1919 286 1988 I,
302 1920 338 1976 17
362 1917 544 1996 (Derrroeriteo
562 1952 602 1960 -
614 1918 670 1994 itte)
694 1929 723 1976 et
745 1920 786 1988 Π,
799 1921 838 1976 42
851 1915 1099 1998 (theneodcum—
1112 1923 1148 1996 is)

76 2015 109 2060 et
132 2004 171 2060 de
183 2003 282 2061 Divin.
294 2005 335 2075 II,
350 2005 386 2060 31
411 2001 624 2081 (Pherecydeum
637 2039 675 2045 —
689 2001 761 2084 qui).
784 2005 924 2062 Davisius
937 2006 1000 2063 Liv.
1013 2006 1054 2074 II,
1068 2007 1118 2076 53,
1135 2009 1148 2063 l

73 2091 193 2164 (Veiens
215 2091 308 2146 tellum
332 2123 371 2130 —
389 2089 500 2171 picibus)
522 2099 551 2148 et
562 2090 621 2148 alie
632 2111 669 2146 ex
680 2089 828 2148 inferioris
844 2091 949 2148 acatis
960 2091 1151 2167 scriptoribus

75 2175 162 2232 citat.
196 2174 266 2253 [Ep.
278 2175 315 2232 ad
328 2177 390 2233 Art.
403 2177 442 2242 X,
460 2178 506 2246 14,
525 2179 555 2232 1:
577 2178 761 2250 dd'ticrtltaterrr
770 2180 961 2251 poenitendum,
985 2197 1054 2251 quoe
1065 2177 1098 2256 (i.
1116 2197 1150 2244 e.,

74 2261 229 2338 pecunia),
253 2261 317 2318 Liv.
327 2262 414 2332 VIII,
433 2264 462 2328 8,
483 2263 530 2332 14,
543 2262 642 2330 XLII,
660 2264 710 2331 47,
729 2264 762 2332 7,
785 2262 892 2321 Catull.
916 2265 965 2332 64,
984 2263 1060 2334 369;
1082 2282 1151 2338 pro-

74 2366 187 2404 nomen
205 2347 322 2404 cuditur
334 2347 398 2407 Cat.
411 2349 461 2418 44,
478 2348 513 2404 12
526 2343 638 2428 (lepit).]
658 2348 800 2404 Nonnihil
812 2349 958 2405 diversum
971 2359 1025 2420 est,
1037 2366 1102 2406 enm
1114 2350 1151 2406 ad

75 2432 162 2490 urbis
186 2440 317 2489 terraeve
335 2453 439 2490 nomen
458 2433 631 2508 pronomine
647 2433 759 2491 incolas
775 2433 970 2510 significantia
986 2433 1154 2492 referuntur

75 2518 190 2595 (Gron.
201 2519 402 2590 adLiv.VIII,
414 2520 583 2590 11,12‚1x,
597 2523 646 2591 41,
666 2521 694 2590 3,
708 2519 798 2576 Drak.
810 2520 846 2576 ad
855 2519 1097 2593 xxxvllnta
1106 2517 1151 2600 9),

76 2613 131 2660 aut
154 2604 274 2661 omnino
297 2623 333 2662 ex
363 2605 452 2662 totius
474 2605 591 2662 nomine
614 2605 721 2680 singuli
748 2606 957 2682 intelleguntur
979 2607 1086 2683 (Acad-
1110 2607 1151 2676 II,

78 2691 158 2747 103:
184 2689 338 2758 Acmlcmio,
359 2711 376 2746 u
399 2687 518 2770 quibua).
544 2690 850 2750 CorneodioGziusex
866 2691 938 2762 Eri,
961 2690 1049 2768 Spin,
1072 2693 1150 2764 Bas,

75 2777 123 2832 ed.
148 2775 246 2845 Crat.;
279 2775 331 2832 cfr.
350 2781 364 2846 ς
383 2777 432 2832 22.
451 2776 507 2846 IV,
530 2778 569 2832 49
594 2777 676 2833 codd.
703 2777 827 2834 alterum
855 2777 992 2834 videntur
1019 2797 1151 2848 servare3

77 2862 176 2932 1th
201 2860 280 2919 Crat.
297 2861 416 2918 etVict.
442 2864 630 2918 hemicadium.
658 2862 765 2919 Editur
786 2862 863 2939 apud
885 2862 1056 2922 Ciceronem
1079 2865 1151 2921 Thu-

74 2949 203 3020 cydidios
214 2942 296 3027 (his),
309 2947 360 3004 sed
373 2949 557 3022 Pherapnae
568 2945 697 3026 (semel),
708 2950 878 3006 Aristotelicas
889 2944 1040 3028 et[antea]
1052 2951 1151 3007 Derrio-

74 3037 182 3104 critr'us,
206 3033 257 3089 sed
281 3034 441 3108 Epicuron,
465 3035 643 3110 Aristippeus.
688 3035 723 3090 In
751 3034 864 3091 incerta
890 3053 922 3090 re
946 3034 1080 3092 meliores
1103 3054 1151 3092 co-

75 3119 159 3176 dices
182 3137 304 3192 sequor3
337 3117 390 3175 cfr.
412 3119 450 3175 ed
473 3120 522 3174 tt.
566 3119 661 3176 Paulo
683 3129 751 3194 post
772 3122 863 3177 adhuc
885 3128 930 3176 est
951 3122 990 3176 od
1011 3122 1046 3178 id
1067 3141 1151 3196 arque

76 3215 183 3280 tenpus
205 3200 405 3281 (Carneadis),
429 3223 487 3261 non
509 3207 547 3262 od
569 3207 631 3265 loc,
655 3205 804 3262 rarissimo
826 3205 904 3280 apud
927 3204 1098 3264 Ciceronem
1122 3217 1151 3264 et

75 3290 261 3364 antiquiores
282 3290 427 3366 exemplo.
460 3289 583 3348 Praeter
604 3291 682 3347 hunc
703 3299 801 3348 tamen
823 3290 936 3361 locum,
959 3309 1045 3364 quam
1074 3292 1150 3348 Met·

76 3376 196 3432 thineus
207 3374 244 3432 ad
256 3383 329 3433 orat.
342 3394 395 3451 pro
406 3375 504 3452 Liger.
518 3377 535 3431 2
549 3395 637 3434 unum
649 3377 726 3452 opud
740 3375 913 3435 Ciceronem
923 3376 1047 3452 reperiri
1058 3385 1150 3452 putat,

75 3462 215 3518 similiter
226 3461 241 3519 I
253 3460 289 3518 de
301 3459 384 3520 Orat.
393 3462 432 3518 94
445 3463 593 3520 Antonius
604 3462 728 3536 loquens
740 3461 901 3519 inducitur:
922 3464 1028 3537 Scripsi
1037 3457 1150 3544 (olim),

76 3549 195 3604 desertos
216 3567 256 3604 mc
277 3565 402 3620 captiosae
424 3551 572 3618 courcelles,
595 3551 755 3623 eloquentem
776 3549 867 3606 adhuc
888 3551 1023 3605 ncrnr'uent.
1055 3549 1098 3608 Ut
1109 3549 1151 3606 ibi

76 3653 136 3690 vox
158 3641 276 3690 retenta
298 3641 343 3691 est
364 3651 402 3690 ex
413 3641 494 3690 reeta
505 3633 637 3690 oratione
650 3635 763 3709 (odhra,
785 3633 881 3704 idest,
903 3634 942 3690 ed
959 3634 1014 3692 hoc
1026 3643 1150 3711 tempus,

76 3721 189 3793 coqrwoi
209 3720 364 3793 neminen),
398 3719 442 3776 sic
468 3719 516 3775 hic
544 3720 684 3796 cogitatio
706 3720 744 3776 ad
766 3718 948 3778 Carneadem
970 3720 1064 3777 relata
1086 3739 1150 3778 eam

78 3824 135 3861 non
159 3813 240 3861 reete
262 3803 405 3862 obiecisse
428 3804 553 3876 videtur,
577 3805 626 3880 qui
650 3805 781 3862 dicturus
804 3815 880 3862 erat:
902 3807 992 3862 adhuc
1015 3805 1066 3882 (ad
1089 3803 1150 3884 me)

77 3901 113 3947 tot
128 3893 260 3964 summu,
294 3899 327 3946 nt
348 3909 406 3948 non
429 3890 567 3947 continuo
590 3901 743 3965 sequatur,
778 3891 949 3948 Ciceronem
978 3891 1066 3948 etiarn
1095 3891 1150 3949 hoe

77 3977 175 4033 dicere
198 3974 344 4051 potuisse:
373 3977 421 4033 Tot
442 3978 532 4034 adhue
554 3987 630 4034 cram
652 3974 827 4056 (Carneadis
849 3975 1003 4056 tempore).
1032 3975 1150 4055 [Simile

78 4062 190 4136 aliquid
212 4061 358 4118 interdurn
380 4061 410 4118 in
433 4062 596 4133 adiectivis,
619 4081 694 4137 quae
717 4064 933 4120 sunthecternuc
956 4071 985 4120 at
1006 4066 1149 4129 crastinus,

78 4148 221 4217 accidere,
243 4146 295 4204 alii
316 4147 556 4226 annotaverunt]
604 4148 681 4206 Nam
710 4167 783 4223 qnos
804 4148 885 4206 locos
907 4148 1042 4206 Handius
1064 4150 1150 4207 Turs.

78 4234 92 4290 Ι
104 4253 131 4309 p.
147 4234 209 4291 160
220 4233 331 4304 laudet,
353 4234 384 4290 in
396 4253 496 4291 eorum
509 4234 612 4305 altero,
635 4234 672 4291 ad
683 4235 747 4291 Alc
760 4235 830 4305 VII,
847 4233 894 4306 12,
910 4238 923 4291 l
949 4232 1043 4311 (onom
1060 4236 1150 4293 adhue

79 4323 219 4394 epamlom
229 4314 407 4399 acceperam),
430 4319 748 4396 plusquamperfectum
771 4320 890 4395 ponitur
912 4339 991 4376 more
1008 4320 1148 4397 epistola·

79 4425 152 4482 runi,
173 4406 265 4462 adhuc
286 4405 324 4462 ad
346 4425 448 4462 verum
471 4415 586 4482 ternpus
607 4425 747 4482 praesens
764 4405 900 4477 refertur,
923 4425 998 4480 quoa
1016 4405 1149 4464 confusio
