2938 5020
331 403 375 450 nr
398 403 479 450 nnn.
501 403 564 448 nm.
586 403 609 448 n
632 401 705 449 cnr.
731 403 838 450 11-12.
1077 383 1139 447 207

88 571 186 636 Erillus
205 572 263 636 iem
285 573 339 637 diu
360 571 479 637 abiecti.
512 571 636 654 Reliqui
647 570 705 635 sibi
716 570 931 650 constiterunt,
953 576 988 634 ut
1003 575 1142 635 extrema

12 687 13 695 ¹
87 693 143 738 cum
161 674 251 738 initiis
273 674 486 752 convenirent,
521 679 556 738 ut
575 672 738 755 Aristippo
761 672 919 753 voluptas,
952 672 1142 754 Hieronymo

85 776 184 842 doloris
205 777 357 855 vacuitas,
390 775 544 842 (larumdi
570 773 631 840 frui
658 775 818 857 principiis
841 773 1034 840 annualibus
1056 780 1142 838 esset

86 885 249 958 extremum
287 879 358 943 XII.
379 877 534 960 Epicurus
555 883 659 942 sutem
681 896 750 943 cum
771 877 803 942 in
825 877 926 958 prime
947 876 1141 941 commenda·

85 981 154 1044 tione
162 981 349 1061 voluptatem
365 981 502 1059 dixisset,
523 981 550 1044 si
572 999 649 1058 cam,
671 999 764 1062 quam
781 979 970 1060 Aristippus,
991 977 1073 1043 idem
1093 983 1141 1044 te·
1159 979 1181 1043 ὃ

86 1101 145 1147 nere
164 1083 267 1148 debuit
287 1083 428 1148 idtimum
451 1081 615 1162 bonorum,
648 1083 732 1165 quod
759 1082 823 1162 ille;
858 1081 906 1146 sin
933 1099 1016 1160 eom,
1048 1099 1141 1163 quam

86 1185 283 1268 Hieronymus
306 1183 429 1251 lecisset
448 1185 545 1263 idern,
575 1191 611 1248 ut
638 1184 829 1266 voluptatem
855 1183 940 1248 illam
962 1181 1142 1268 [Aristippi]

86 1286 112 1350 in
128 1287 220 1368 prims
240 1287 506 1353 commendatione
526 1292 666 1368 poneret.

145 1498 162 1540 l.
187 1491 294 1542 Renum
317 1491 374 1544 (lim
392 1489 542 1552 crismon
601 1495 623 1540 5.
647 1490 692 1541 sed
712 1507 764 1541 eom
782 1491 801 1540 E
819 1491 843 1539 si
863 1508 893 1540 eo
910 1491 931 1539 L
983 1487 1019 1557 [id
1035 1496 1070 1538 est
1088 1495 1142 1552 (pro

88 1558 145 1609 dent
161 1559 204 1628 Al]
259 1565 283 1610 7.
306 1558 396 1628 [idest
414 1559 464 1625 ΑΙ]
484 1559 550 1610 sltem
568 1575 616 1609 orn.
636 1559 656 1608 1.
706 1564 728 1612 7.
749 1559 871 1625 Aristippo
891 1560 909 1610 Ε
927 1557 1002 1617 illam,
1021 1575 1066 1606 aon
1084 1557 1143 1608 Ari-

87 1630 151 1693 stippo,
167 1630 204 1678 Or,
226 1645 283 1678 cnm
302 1639 363 1678 nota
381 1631 464 1678 mendi
483 1639 541 1678 sntc
559 1627 707 1693 voluptoteos.

88 1822 164 1878 neque
184 1804 229 1862 hic
250 1822 348 1878 neque
369 1803 475 1860 ceteris
497 1803 569 1860 locis
591 1802 751 1878 quidquem
763 1802 800 1859 od
812 1803 934 1860 Horitas
956 1809 1143 1870 annotetum3

88 1907 181 1960 vereor,
201 1900 234 1948 ut
254 1885 359 1966 recte]

156 1977 260 2050 Reliqui
286 1975 339 2031 eibi
364 1976 535 2032 constiterunt
556 2006 597 2016 —
620 1975 761 2049 Epicurus
787 1971 888 2048 αιιιειιι)
922 1971 1142 2029 Incommodum

88 2061 205 2135 capitum,
222 2079 298 2136 quae
310 2069 461 2131 vocentur,
484 2058 701 2116 distinctionem
714 2067 869 2133 sequentes
887 2057 1014 2114 editores
1026 2065 1144 2132 praeter

87 2145 231 2204 Ernestium
255 2146 449 2204 obsoluerant
475 2144 682 2221 disputationis
705 2143 936 2214 cohaerentiam,
966 2143 1035 2200 dum
1057 2142 1143 2200 haec:

88 2231 206 2306 Ep'csrm
227 2241 314 2289 ιιιιιιιιι
337 2239 393 2289 etc.
415 2248 507 2305 usque
529 2231 567 2287 sd
585 2241 704 2306 poneret,
727 2229 758 2287 in
780 2229 886 2305 quibus
898 2227 1020 2304 Epicuri
1042 2227 1143 2285 incon·

87 2318 178 2374 stantis
188 2337 249 2374 cum
263 2326 427 2374 ceterorum
440 2317 605 2374 constantia
617 2323 812 2391 comparatur,
825 2333 890 2372 curn
903 2314 939 2372 iis
955 2323 1142 2382 connectunt,

87 2421 148 2475 quse
167 2413 333 2478 sequnntur.

156 2489 223 2565 Cep.
245 2489 319 2547 xm.
353 2491 380 2544 io
403 2483 740 2565 pmbsocomosendotione)
762 2487 818 2543 boc
831 2495 884 2556 est,
904 2485 933 2541 in
956 2485 1052 2560 prime
1074 2503 1143 2541 con-

87 2573 215 2631 ciliatione
226 2586 359 2644 nat-urae,
383 2583 532 2647 tamquam
545 2573 584 2640 id,
608 2573 685 2647 quod
704 2571 829 2648 primum
843 2579 1040 2646 appeteretur.
1073 2570 1143 2628 Vid.

87 2677 138 2714 exc.
157 2660 190 2716 de
210 2661 314 2737 primis
336 2667 468 2716 naturae.
512 2658 636 2716 Dicisset
659 2666 704 2715 est
725 2660 885 2714 rrorninosset
904 2654 1087 2732 (posuisset),
1111 2665 1144 2712 ut

88 2762 133 2800 non
153 2765 222 2822 opus
244 2747 283 2804 sit
304 2743 442 2804 Lambini
464 2743 642 2804 coniectura.
665 2763 721 2802 esse
743 2745 855 2800 obisset
877 2741 1041 2799 scribentis.

151 2835 255 2904 sccbset
277 2833 356 2903 idm,
379 2839 408 2887 ιιι
429 2832 588 2904 oolrrptotem
611 2832 684 2886 illum
706 2823 775 2908 etc.)
799 2828 858 2885 Hic
880 2827 971 2898 locus,
995 2845 1081 2902 quem
1105 2845 1142 2884 ex

86 2933 163 2988 perra
188 2927 269 2993 porte
297 2917 473 2992 interpretes
501 2915 675 2990 attigerunt,
715 2914 756 2972 sic
784 2913 950 2989 implicatus
978 2921 1025 2970 est
1050 2912 1144 2988 ipsius

87 2999 216 3061 (leemps
237 3003 335 3079 culpe,
359 3010 436 3071 onte,
459 3019 547 3076 (luam
570 3001 642 3058 setis
665 2999 819 3075 perspicue
836 2997 1032 3056 conclusionis
1044 3007 1144 3072 partes

86 3095 109 3140 et
133 3089 255 3146 ordinem
284 3088 385 3145 animo
412 3086 609 3162 concepisset,
637 3085 763 3143 orationi
785 3085 915 3142 habenas
938 3083 1144 3158 permittentis,

87 3181 112 3226 nt
133 3183 206 3231 recta
232 3173 379 3232 sententia
412 3171 489 3230 effici
511 3181 652 3246 nequeat,
686 3171 738 3228 sed
766 3180 879 3228 tontum
909 3167 1038 3239 ostendi,
1073 3168 1143 3242 quid

86 3256 194 3316 soluerit
213 3261 310 3318 dicere
334 3267 364 3316 et
385 3259 415 3315 in
439 3257 509 3332 quid
531 3257 675 3314 inciderit.
706 3257 780 3315 Vult
797 3255 958 3335 Epicurum
975 3254 1142 3311 dilemmate

87 3359 206 3414 premere
238 3344 350 3420 Incipit
361 3344 399 3401 sb
411 3343 572 3419 voluptatis
595 3343 713 3400 notione
726 3351 875 3416 tamquam
887 3339 1035 3416 ambigua,
1058 3339 1143 3415 quasi

87 3425 334 3502 demonstraturus,
357 3447 423 3486 cum
446 3429 592 3504 Epicurus
614 3428 690 3484 hanc
712 3427 837 3503 primam
859 3425 1021 3502 posuisset,
1055 3435 1144 3501 prout

86 3529 138 3570 eam
156 3517 340 3592 explicasset,
363 3522 415 3572 aut
437 3515 474 3572 ad
496 3513 644 3590 Aristippi
667 3523 719 3570 aut
740 3513 778 3570 ad
799 3511 973 3588 Hieronymi
997 3529 1142 3568 summum

87 3595 176 3658 δοιιιιιι
198 3601 353 3678 pervenire
376 3599 520 3658 debuisse.
564 3601 669 3674 Itaque
692 3599 784 3675 priori
806 3598 958 3668 eduobus,
981 3616 1056 3672 quse
1079 3597 1142 3653 fieri

86 3697 195 3756 possent,
217 3688 297 3762 qnod
320 3687 376 3746 hoc
398 3695 457 3744 est:
478 3689 504 3742 si
523 3704 581 3742 sora
603 3682 763 3763 (dixisset),
786 3703 868 3760 quom
884 3684 1052 3758 Amsoppos,
1074 3685 1142 3739 rilem

86 3777 155 3827 lours
173 3773 262 3830 debriet
289 3775 425 3842 ordimem,
463 3771 641 3848 respondere
674 3769 800 3828 alterum
832 3768 999 3827 huiusmodi
1027 3768 1143 3826 debuit:

86 3871 119 3909 aa
136 3876 197 3930 som,
220 3878 302 3934 quom
325 3859 513 3932 Idmoopmw,
535 3857 619 3926 idern,
648 3857 722 3930 qood
743 3857 794 3928 bic,
818 3857 937 3912 tritonum
955 3864 1048 3912 tenere.
1083 3851 1141 3912 Sed

86 3955 139 3997 cum
158 3944 194 4001 sd
215 3944 338 4002 alteram
361 3951 474 4020 partem
496 3941 689 4018 pervenisset,
712 3941 930 4012 animadvertit,
954 3939 995 3998 sic
1017 3957 1076 3997 non
1100 3939 1143 3996 ei·

86 4022 123 4081 fici
141 4029 354 4087 conclusionem
377 4038 407 4086 et
427 4027 693 4104 reprehensionem.
726 4026 910 4102 Responderi
922 4025 1000 4084 enirn
1012 4035 1142 4101 poterat:

85 4105 145 4168 Fam
170 4114 245 4186 dixi,
269 4133 358 4190 quem
379 4115 588 4190 Hieronymus,
617 4122 647 4170 et
673 4112 740 4171 ideo
767 4112 844 4170 idem
867 4131 1011 4170 summum
1035 4112 1141 4168 bonum

86 4211 156 4265 pono.
196 4200 373 4278 Urgvenous
399 4199 490 4277 igitur
518 4198 577 4256 alia
603 4197 700 4256 forme
726 4207 790 4256 erat
810 4198 1010 4268 sdversarius,
1044 4196 1144 4253 dicen-

87 4277 203 4358 dumque,
225 4287 251 4344 si
273 4287 330 4344 boc
352 4304 497 4344 summum
518 4285 629 4342 bonum
650 4292 750 4342 tenere
772 4283 924 4356 voluisset,
948 4282 1036 4340 talem
1054 4281 1142 4339 etiam

86 4365 248 4444 voluptatem
271 4369 344 4450 (non
367 4369 500 4450 dolendi)
529 4370 559 4428 in
582 4371 677 4448 prime
699 4369 950 4428 commendatione
977 4368 1142 4443 ponendam
