3018 5052
322 417 387 486 434
715 439 759 486 ns
781 437 914 486 ruimus
938 439 1010 486 eos.

323 607 487 686 eiusmodi,
519 607 654 689 itemque
680 625 801 687 eorum,
836 625 916 690 quse
949 608 1274 675 nullaaestimatione
1301 611 1397 692 digne

323 717 436 789 essent,
457 709 572 791 partim
589 709 664 774 setis
686 709 801 775 habere
823 728 944 790 causae,
973 712 1174 794 quamobrem
1196 713 1395 792 reicerentur,

322 819 359 877 ut
384 813 535 891 dolorem,
567 812 720 892 morbum,
754 831 901 878 sensuum
922 813 1136 893 emissionem,
1167 821 1395 897 paupertatem,

322 914 528 996 ignominiam,
550 914 660 980 similia
681 913 800 995 hortun,
822 916 936 997 partim
960 934 1021 981 non
1043 916 1124 982 item
1157 916 1239 982 Hinc
1255 925 1303 982 est
1318 917 1395 982 illud

284 1020 472 1096 bellorum,
495 1017 578 1098 quod
599 1017 683 1082 Zeno
705 1015 902 1099 προηγμένον,
930 1024 1101 1101 contraque
1122 1020 1206 1100 quod
1228 1013 1395 1098 ἀποπροηγ-

253 1113 256 1122 “
321 1115 410 1194 μόνον
432 1119 610 1200 nominavit,
632 1126 855 1184 cumutcretur
876 1119 907 1184 in
930 1121 1035 1202 lingva
1047 1120 1174 1203 copiose
1189 1121 1279 1186 lactis
1290 1127 1394 1185 temen

322 1220 495 1286 nominibus
522 1239 560 1288 ae
586 1222 688 1301 novis,
721 1223 806 1304 quod
833 1223 922 1288 nobis
949 1223 982 1288 in
1009 1224 1067 1289 hec
1094 1223 1179 1305 inopi
1206 1223 1310 1304 lingvs
1331 1241 1394 1287 non

322 1323 514 1402 conceditur,
531 1341 717 1406 quemquem
729 1331 764 1388 tu
775 1325 855 1389 hanc
866 1324 1070 1406 copiosiorem
1081 1325 1173 1390 mem
1191 1325 1272 1390 soles
1283 1324 1396 1389 dicere

391 1534 414 1579 4,
433 1537 455 1577 et
470 1526 559 1578 :endu
575 1528 597 1578 L
650 1529 748 1594 demque
764 1529 817 1579 loc
835 1546 885 1580 etse
899 1529 959 1580 :tot
975 1527 1145 1594 (eleemos)
1159 1528 1321 1580 seucum.
1342 1529 1396 1578 dan

321 1595 373 1646 loe
386 1605 426 1668 ¹ent
444 1595 470 1645 id
491 1597 555 1660 qnod
576 1605 611 1648 est
632 1597 699 1648 Zeno
722 1599 745 1647 E
781 1598 985 1664 5.[proepmenon
1002 1599 1025 1647 A
1041 1615 1178 1664 perspectos
1197 1598 1246 1665 sn]
1268 1607 1397 1662 contraque

321 1684 495 1784 {aucupor
514 1665 669 1786 fflghom.
692 1668 716 1716 R
786 1666 1082 1734 [opoproeqmeooaAEh]
1138 1673 1163 1720 8.
1185 1667 1254 1716 &aar
1280 1683 1328 1716 om.
1351 1668 1395 1715 l.l'

339 1751 475 1785 semesos:
503 1765 513 1786 a

320 1924 432 1984 meurs
453 1936 575 2002 proper
596 1943 695 1995 usum:
719 1911 837 1984 innuo
859 1896 950 2003 :ptus
971 1927 1008 1984 an
1030 1925 1273 2003 sosipatruus
1290 1931 1317 1983 e
1333 1929 1398 1984 aue

320 2011 440 2088 adiungi
462 2009 573 2089 debet]
852 2043 865 2052 ·

401 2101 504 2172 paritio
526 2117 578 2154 non
599 2100 668 2154 item.
712 2097 784 2154 hinc
805 2095 858 2174 cst)
890 2097 989 2155 Priori
1017 2097 1060 2155 illi
1084 2101 1187 2174 purten:
1208 2100 1276 2154 cutte
1298 2098 1398 2154 ladem

320 2201 420 2240 caueae
451 2183 481 2239 in
512 2181 666 2240 divisionis
699 2183 854 2241 contrariis
885 2183 1020 2259 pertibus
1053 2183 1189 2241 notandis
1222 2181 1396 2258 respondet:

315 2271 420 2344 partim
441 2288 492 2325 non
515 2271 588 2338 itcmt
612 2265 957 2326 vidllandiuelursell.
979 2269 1028 2327 111
1050 2287 1078 2345 p.
1103 2269 1173 2327 520.
1219 2267 1251 2328 Si
1273 2271 1334 2325 item
1345 2267 1396 2326 ci-

321 2371 388 2411 cero
410 2371 468 2410 non
492 2353 667 2424 addidisset,
700 2371 795 2429 paene
822 2353 988 2412 necessario
1016 2355 1054 2413 ad
1075 2355 1247 2412 Latinorum
1276 2371 1396 2410 sensum

322 2439 502 2514 scripsisset:
519 2442 622 2515 partim
643 2458 694 2496 non
717 2440 827 2511 ludere,
858 2449 902 2498 tot
923 2440 1096 2517 praesertim
1124 2439 1305 2516 interpositis
1326 2449 1398 2516 post

320 2525 351 2581 id
373 2523 505 2581 verbum.
549 2523 665 2582 Deinde
688 2523 772 2595 Cato,
795 2526 932 2600 exposita
952 2524 1204 2602 ipsedifferentie,
1228 2524 1334 2582 transit
1356 2524 1394 2582 ed

320 2627 427 2666 nomen
450 2627 468 2666 e
490 2610 609 2668 Zenone
631 2609 810 2685 impositum.
853 2611 953 2690 Vulgo
981 2611 1054 2668 haec
1083 2612 1126 2668 sic
1153 2610 1328 2680 edebantur,
1363 2617 1397 2666 ut

321 2703 366 2752 est
388 2695 466 2771 epud
489 2694 643 2765 Orellinm,
666 2695 753 2754 valde
775 2696 890 2754 vitiose.
935 2697 1067 2755 Primum
1095 2697 1173 2754 enim
1200 2699 1312 2770 iternpoe
1334 2695 1398 2752 ltine

320 2780 490 2852 sicdieitur,
513 2789 663 2854 tamquam
685 2781 745 2838 alia
767 2781 922 2856 quaepiam
944 2801 991 2840 res
1013 2782 1398 2840 hincortacommemorete

321 2866 373 2935 sit:
396 2865 502 2923 deinde
519 2865 562 2924 sic
579 2865 740 2924 infinitivus
752 2867 880 2942 ponitur,
904 2868 989 2943 qussi
1007 2867 1099 2927 Stoici
1116 2867 1302 2943 disputarint,
1325 2866 1397 2924 hinc

321 2961 441 3008 metum
451 2971 508 3009 esee
524 2950 698 3032 (praeterito
714 2947 861 3033 tempore)
877 2945 1069 3030 προηγμένον.
1103 2945 1213 3010 Videat
1229 2950 1300 3009 mihi
1317 2970 1397 3008 nnnc
1505 2967 1506 3036 ᾗ

320 3035 438 3112 aliquis,
461 3055 548 3110 quam
572 3038 694 3095 moleste
721 3045 843 3114 propter
869 3037 1083 3114 neglegentiam
1106 3037 1255 3095 hominum
1284 3037 1396 3095 veritas
1505 3051 1506 3116 l

320 3122 449 3180 eruenda
459 3122 498 3180 sit
519 3131 571 3180 aut
592 3123 694 3180 saltem
707 3123 889 3193 testimonia:
911 3141 979 3180 eam
991 3122 1175 3181 scribendum
1187 3141 1251 3180 esse
1262 3143 1314 3179 noo
1324 3126 1397 3180 item
1505 3129 1506 3146 ¹

320 3208 393 3266 Hinc
403 3219 443 3265 eet
454 3202 547 3288 (quod
558 3227 613 3284 ego
621 3227 657 3266 ex
665 3209 726 3266 Erl.
735 3206 886 3286 sciebam),
904 3209 1132 3286 Wesenbergins
1144 3227 1226 3266 meus
1237 3207 1396 3278 intellexit,

320 3311 386 3351 cum
409 3293 439 3350 in
462 3293 545 3352 codd.
568 3312 632 3351 esee
655 3295 813 3371 ignoraret.
858 3295 939 3364 Item,
967 3311 1025 3350 non
1048 3298 1175 3370 itemque,
1204 3295 1290 3352 etiam
1316 3293 1396 3370 Spir.

319 3378 469 3450 habuisse,
490 3379 521 3436 id
544 3387 597 3450 est,
622 3381 757 3457 optimos,
780 3379 959 3455 perspicitur
980 3397 1018 3436 ex
1041 3399 1085 3451 eo,
1109 3379 1396 3456 quodGniuspaulo
1505 3375 1506 3384 ’

320 3474 389 3522 ante
411 3464 538 3542 (denque
559 3463 662 3541 eornm)
684 3465 746 3521 Eri.
769 3473 798 3522 et
821 3464 898 3540 Spir.
920 3467 981 3522 item
1002 3465 1111 3522 hebere
1133 3473 1247 3534 narrat:
1270 3483 1308 3522 ex
1330 3464 1394 3522 Erl.
1505 3457 1506 3522 }

320 3558 453 3626 apparet,
476 3550 513 3607 de
534 3550 591 3608 hoc
612 3550 678 3608 loco
700 3541 847 3608 hominem
871 3550 968 3607 dicere
991 3549 1141 3621 debuisse:
1174 3561 1222 3622 eet,
1246 3569 1304 3608 non
1326 3569 1395 3615 esee,
1505 3561 1506 3620 i

320 3643 437 3711 praeter
459 3634 536 3711 Spir.
559 3635 647 3693 etiam
668 3630 721 3704 Εξ.
744 3634 914 3714 [Accedunt
936 3634 1105 3714 nuncAB.]
1133 3635 1222 3713 (Cum
1238 3636 1268 3693 in
1281 3634 1396 3694 Goon
1505 3673 1506 3716 1

321 3729 398 3779 esset
419 3722 488 3778 illud
508 3739 565 3779 esee
587 3722 656 3790 duic,
680 3719 773 3780 Gaius
785 3741 841 3780 esee
852 3715 985 3802 delevit.)
1008 3719 1099 3799 [Tum
1117 3723 1236 3780 cotillud
1245 3721 1311 3790 AB,
1333 3739 1396 3778 non
1505 3737 1506 3740 ’

320 3807 363 3870 id,
392 3807 470 3880 quod
498 3806 586 3864 etiam
608 3807 638 3863 in
662 3805 739 3882 Spir.
767 3805 858 3865 fuisse
881 3806 1002 3875 dieitur:
1035 3807 1087 3864 sed
1109 3817 1230 3864 exortum
1256 3806 1344 3864 etism
1370 3807 1397 3864 Β
1505 3803 1506 3810 '

320 3891 438 3948 omittit
482 3890 578 3950 Credo
601 3892 726 3970 vestigia
747 3893 809 3950 veri
832 3892 960 3950 maxime
981 3893 1012 3949 in
1034 3892 1096 3950 Erl.
1119 3901 1149 3950 et
1172 3892 1248 3968 Spir.
1276 3901 1398 3949 servata

321 3995 399 4047 esse3
422 3976 594 4036 Ciceronem
617 3969 694 4035 enim
717 3978 884 4054 scripsisse:
912 3977 984 4034 Hinc
1005 3981 1104 4048 estiat,
1133 3979 1206 4053 quod
1227 3977 1301 4035 Zeno
1322 3975 1397 4055 oet]

320 4061 416 4120 Patrio
438 4071 506 4138 post
527 4065 594 4119 soles
622 4065 709 4120 dicere
735 4061 829 4122 Geius
859 4081 896 4120 ex
919 4063 980 4120 Eri.
1004 4074 1034 4120 et
1056 4063 1133 4139 Spir.
1157 4061 1222 4142 [Β].
1264 4061 1398 4120 Eosdem

321 4146 399 4205 solos
421 4167 438 4204 e
460 4148 520 4205 suis
543 4148 625 4206 codd.
649 4153 727 4206 amm
749 4148 857 4206 habere
880 4149 930 4206 ait
974 4147 1076 4227 [Verbi
1094 4149 1187 4207 altero
1210 4149 1274 4206 loco
1298 4147 1397 4208 sici·
1505 4139 1506 4152 ¹

322 4249 389 4289 cero
411 4233 567 4304 omisisset,
595 4233 853 4310 scripsissemus:
887 4235 939 4292 sed
966 4253 1002 4292 ne
1031 4235 1073 4292 sie
1101 4235 1219 4310 quidem
1246 4233 1399 4310 posuisset
1505 4295 1506 4298 ,

321 4320 376 4373 ettae
391 4319 516 4392 faciendi
536 4320 660 4376 Ζοηοηὶε.
702 4319 779 4376 Dico
800 4329 922 4395 propter
943 4317 1119 4398 Baiterum.]
