2956 5028
329 393 391 458 222
722 411 766 456 nn
789 411 920 458 arsinus
942 411 1015 458 sou.

329 597 409 661 quae
431 585 463 644 et
484 596 595 644 causas
619 597 724 644 rerum
746 585 778 645 et
799 579 1032 646 consecutiones
1053 579 1159 645 noem
1181 587 1213 645 et
1234 580 1411 645 similimdi·

329 699 385 746 nes
414 679 583 746 transierat
615 686 647 746 et
678 681 817 746 duuncta
844 681 1011 762 comungat
1038 689 1071 746 et
1099 700 1168 746 cum
1191 682 1412 764 praesentibus

329 781 435 848 turture
467 782 592 864 copulet
623 801 807 882 omnemque
833 783 1058 864 complectatur
1084 785 1167 849 vitae
1189 785 1412 866 consequentis

330 891 454 950 statum.
499 885 680 966 Eademque
707 884 785 950 ratio
814 883 885 950 lecit
906 884 1061 950 honinem
1077 887 1234 951 hominum
1256 893 1412 968 appeten-

291 987 312 1052 5
330 995 393 1051 tem
415 1005 547 1067 cumque
568 987 607 1052 iis
629 993 742 1051 natura
763 993 795 1051 et
817 1005 961 1052 sermone
983 993 1015 1051 et
1035 1007 1095 1052 usu
1116 1000 1355 1070 congruentem,
1379 999 1413 1052 ut

331 1088 489 1169 proiectus
512 1107 532 1152 o
553 1089 684 1154 caritate
705 1089 946 1154 domesticorum
968 1105 1144 1154 acsuorum
1168 1090 1413 1172 serpatlongins

330 1199 418 1256 etse
447 1189 584 1271 implicet
609 1190 745 1272 primmn
771 1191 897 1268 civium,
930 1191 1044 1256 deinde
1071 1192 1207 1256 omnium
1233 1193 1411 1258 mortalium

331 1292 479 1357 societate
500 1301 604 1373 etque,
626 1298 662 1357 ut
683 1294 724 1357 ad
746 1293 916 1375 Archytam
938 1293 1064 1375 scripsit
1084 1293 1188 1372 Plato,
1210 1313 1271 1359 non
1295 1295 1356 1359 sibi
1380 1313 1412 1358 se

400 1500 423 1546 8.
443 1496 506 1545 vitae
521 1496 654 1559 momentus
673 1496 695 1544 E
731 1503 754 1545 4.
773 1496 884 1546 dominam
894 1497 998 1561 secitE
1020 1495 1092 1562 [Post
1109 1497 1224 1547 domnitam
1234 1499 1295 1547 ΑΙ
1289 1515 1315 1547 ιιι
1330 1513 1410 1560 marg

330 1565 491 1614 inserendum
510 1565 636 1626 significat
653 1563 785 1631 amicicias]
823 1565 876 1616 sl
880 1564 1078 1633 mmmmm.
1129 1569 1151 1614 θ.
1171 1583 1188 1614 a
1205 1581 1254 1616 om.
1275 1568 1294 1616 E
1331 1575 1413 1616 cunas

331 1631 421 1698 lorrqr'us
439 1631 560 1684 LPMGR
618 1637 638 1683 7.
658 1632 794 1683 mortalium
812 1633 953 1683 omniumE
999 1638 1020 1682 8.
1041 1643 1066 1683 ut
1083 1649 1133 1684 om.
1153 1634 1173 1684 C

417 1809 486 1863 vitae
507 1809 688 1881 consequentis
710 1806 823 1883 statum)
847 1808 893 1863 De
906 1805 963 1866 off.
981 1807 1000 1864 l.
1012 1825 1037 1863 c.
1056 1814 1116 1865 est:
1139 1809 1235 1864 Facile
1251 1811 1331 1865 totius
1345 1811 1411 1864 ritae

331 1910 439 1949 camum
461 1893 532 1948 sidat
554 1893 593 1948 orl
614 1911 725 1968 eamque
747 1893 895 1966 dependam
913 1903 1067 1968 praeparat
1089 1911 1132 1950 res
1154 1897 1330 1950 rracessarras.
1365 1893 1411 1950 Ex

331 1976 393 2034 Erl.
416 1973 472 2054 [B]
495 1977 589 2052 possit
610 1976 718 2050 aliquis
741 1978 885 2053 suspicari
907 1987 937 2034 et
953 1981 1105 2053 praesentis
1133 1989 1163 2035 et
1183 1983 1369 2053 consequentis
1394 1997 1412 2034 s

330 2062 460 2120 librariis
482 2063 583 2120 addita
605 2081 684 2132 esse,
718 2063 844 2120 alterum
872 2063 901 2119 in
931 2063 1084 2120 meliorum
1112 2063 1244 2120 codicum
1269 2064 1410 2140 principe.

331 2149 456 2205 alterurn
478 2147 509 2204 in
533 2147 720 2204 deteriorum.
764 2147 870 2222 Neque
893 2147 970 2204 enim
994 2149 1024 2205 in
1047 2156 1126 2205 statu
1148 2153 1220 2205 omni
1234 2149 1314 2206 sitae
1339 2167 1410 2224 opus

331 2243 376 2290 est
397 2231 489 2289 futuri
512 2233 653 2307 temporis
674 2233 896 2314 significatione.
948 2232 1023 2311 [Sed
1050 2253 1212 2308 cuiusquam
1246 2233 1283 2290 de
1311 2232 1410 2291 futuro

331 2317 446 2376 librarii
468 2337 527 2374 non
549 2316 619 2395 est]

420 2406 488 2460 sotio
504 2397 587 2483 fecit)
620 2403 650 2460 A
677 2403 835 2478 prudentis
862 2403 1005 2460 transitur
1032 2403 1071 2460 ad
1098 2403 1228 2461 iustitiae
1261 2405 1410 2461 notionem

333 2487 577 2546 constituendam.
622 2489 748 2546 Dav.ex
771 2487 817 2545 Ei.
840 2497 965 2562 utroque
981 2491 1068 2562 facit,
1091 2498 1124 2545 ut
1146 2507 1164 2546 s
1186 2488 1354 2548 Cratandro
1376 2488 1411 2544 ed

333 2572 495 2634 Gruterum
518 2573 628 2630 editum
651 2581 723 2630 eret
757 2574 862 2631 Potest
878 2572 1011 2643 defendi,
1046 2575 1125 2648 quod
1152 2575 1181 2630 in
1205 2575 1289 2632 codd.
1312 2569 1410 2652 (Pell,

334 2659 423 2728 Oxx„
448 2655 585 2735 Gaianis)
608 2669 662 2728 est,
685 2669 719 2714 ut
740 2659 777 2715 ad
800 2659 927 2734 primum
940 2656 1075 2716 effectum
1088 2659 1278 2735 ingeneratae
1289 2659 1411 2716 rationis

332 2743 492 2815 referatur,
516 2753 714 2817 sequeturque
736 2761 876 2819 praesens
899 2744 935 2801 de
958 2763 1010 2813 eo,
1033 2743 1112 2818 quod
1135 2763 1173 2802 ex
1195 2743 1248 2801 illa
1270 2745 1409 2819 qualitate

333 2827 489 2906 (appetens)
512 2847 589 2886 nnnc
612 2829 641 2886 in
664 2829 800 2886 omnibus
823 2828 976 2886 efficiatur.
1009 2829 1087 2886 Nam
1110 2827 1204 2888 Gaius
1226 2831 1345 2904 quidem
1367 2847 1410 2885 ra-

333 2915 443 2972 tionem
466 2913 596 2971 universi
619 2913 792 2989 intellegens
820 2924 851 2971 et
877 2925 906 2970 ut
928 2932 983 2990 pro
1010 2935 1039 2971 so
1060 2917 1181 2977 conmh'o.
1215 2925 1244 2972 at
1266 2915 1411 2990 accipiens

334 3011 468 3076 nugatur.
513 2999 568 3056 Est
589 2999 667 3056 enim
690 3017 725 3056 es
747 2999 832 3069 ratio,
856 3017 943 3073 quam
967 3000 1063 3056 tates
1084 3020 1102 3056 a
1124 3010 1224 3057 tratura
1246 3003 1348 3057 datam.

420 3095 511 3160 sapei
533 3086 648 3158 lorrqius)
672 3083 721 3143 Sic
739 3085 828 3141 etiarn
839 3085 929 3141 Pell
944 3083 988 3161 (et
1000 3084 1043 3157 3),
1056 3085 1144 3160 Spin,
1156 3105 1214 3162 mg.
1227 3085 1317 3151 Crat..
1331 3083 1411 3142 codd.

334 3171 411 3228 Mor.
423 3181 453 3228 et
465 3169 552 3240 Scal,
564 3168 751 3243 restituitque
769 3168 925 3228 Gruterus.
970 3169 1069 3229 Ceteri
1081 3171 1168 3241 Pell,
1192 3170 1282 3238 0qu
1306 3169 1410 3230 Gnissi

334 3266 445 3326 currot;
468 3255 532 3312 cod·
545 3255 623 3312 Vir-r.
636 3265 736 3311 cerum.
770 3255 848 3312 Tum
865 3257 1015 3312 mortalium
1033 3259 1147 3312 omnium
1166 3256 1254 3313 etiam
1268 3255 1347 3332 Spin.
1359 3251 1411 3332 [B]

334 3336 418 3422 (Gaii
430 3349 501 3398 nota
518 3341 690 3415 perturbate
711 3339 785 3418 est);
809 3340 859 3397 sed
883 3340 1055 3416 saepissime
1066 3339 1172 3400 Cicero
1194 3340 1289 3399 altero
1312 3340 1409 3399 ordine

333 3426 435 3498 utitur,
459 3425 514 3482 hoc
537 3443 706 3498 numquam.
751 3425 867 3482 Deinde
889 3429 1009 3483 societati
1029 3424 1151 3495 osu,
1181 3427 1248 3487 Urs.
1272 3427 1347 3494 eod,
1369 3424 1411 3480 ed.

333 3513 410 3570 Ven
437 3512 527 3578 1480,
551 3510 722 3580 Lambinus,
746 3520 849 3568 contra
871 3510 1022 3570 Ciceronis
1045 3531 1139 3568 usum.

421 3607 449 3653 ut
465 3598 504 3652 ad
520 3597 669 3670 Archytam
680 3599 789 3692 scripsit
800 3597 938 3690 Plato)'
917 3616 948 3653 ιιι
960 3597 1097 3690 epistula,
1120 3615 1208 3690 quae
1207 3614 1286 3652 nunc
1297 3611 1410 3670 quoque

335 3680 549 3750 circumfertur,
578 3699 671 3738 nona:
699 3669 851 3746 Essenos
875 3677 955 3755 ημῶν
967 3673 1026 3776 οὐχ
1059 3671 1140 3752 etism
1167 3664 1259 3755 μόνον
1292 3673 1413 3776 γέγονεν,

336 3758 412 3822 ἀλλὰ
433 3764 486 3840 τῆς
508 3759 646 3861 γενέσεως
674 3756 754 3860 ἡμῶν
775 3753 811 3819 τὸ
833 3760 886 3838 μέν
908 3782 937 3820 τι
959 3785 976 3839 η
997 3753 1106 3839 πατρὶς
1127 3758 1293 3841 μερίζεται,
1326 3754 1360 3820 τὸ
1383 3753 1413 3817 ds

334 3869 363 3906 τι
386 3844 415 3907 oi.
437 3839 636 3927 γεννήσαντες,
658 3841 694 3907 τὸ
717 3837 748 3904 δὲ
771 3841 800 3903 oi
822 3837 919 3906 iotam
943 3844 1033 3923 atlon
1056 3849 1169 3906 Eadem
1192 3847 1298 3908 Cicero
1322 3859 1410 3906 mens·

336 3936 403 3994 tulit
425 3935 494 4006 Ide
517 3933 576 3994 Off.
601 3935 650 4006 22,
674 3934 734 4000 ubi,
758 3932 782 3990 si
805 3934 922 3993 codices
945 3934 1103 4008 sequimur
1127 3924 1198 4000 roric
1219 3919 1410 4010 γεννήσαντας

336 4039 384 4077 και
401 4012 472 4084 τοὺς
494 4007 616 4083 λοιπους
633 4013 739 4093 quince
761 4019 984 4096 comprehendit
1005 4039 1064 4078 uno
1076 4024 1220 4076 anticorum
1233 4019 1360 4078 nonnine
1381 4023 1410 4070 ut

335 4105 384 4162 hic
406 4125 524 4162 sitorum.
584 4103 716 4162 Eandem
740 4105 915 4162 sententiam
938 4105 1043 4164 Cicero
1073 4105 1173 4180 posuit
1202 4105 1232 4160 in
1260 4115 1334 4161 orat.
1362 4117 1409 4176 pro

337 4191 414 4248 Mur.
439 4190 493 4260 83,
528 4189 579 4246 ubi
602 4209 639 4246 ex
665 4189 797 4246 codicum
822 4191 955 4264 vestigiis
978 4201 1008 4247 et
1030 4189 1177 4263 sententia
1204 4199 1329 4264 apparet
1350 4203 1408 4242 eum

338 4276 504 4350 scripsisse:
527 4277 576 4349 qui
591 4276 657 4332 milri
678 4295 729 4332 uos
751 4276 806 4344 tibi,
829 4277 995 4350 serlpatmoe
1017 4287 1096 4333 natus
1118 4295 1175 4332 esse
1197 4277 1306 4334 or'deris.
1331 4274 1410 4330 rr'dsre

337 4370 402 4430 etc,
426 4361 514 4434 idque
536 4369 604 4416 ante
628 4379 674 4417 me
695 4359 831 4418 Klotzius
853 4360 937 4418 vidit.
