2920 5012
400 409 444 456 nr
465 409 547 456 usn.
569 409 633 456 ans.
655 409 668 455 1
690 409 763 458 cte.
785 413 808 458 e.
1103 393 1144 456 41

96 577 127 640 le
143 577 263 642 materis
283 577 510 658 disseruemnt,
531 577 594 642 vim
605 583 774 644 etcausam
785 577 937 646 efficiendi
948 578 1151 660 reliquerunt

94 677 143 744 Sed
170 679 223 744 boc
248 697 411 746 commune
439 680 563 761 vitimn3
595 681 667 747 illuc
692 681 821 764 Epicuri
851 681 1000 764 propriae
1027 682 1151 747 ruinae:

150 872 167 918 l.
186 865 346 934 [immuunt
364 867 410 937 Αἱ]
431 869 551 934 efficiendi
564 885 603 920 om
623 872 642 922 l.
679 877 702 921 t.
724 868 818 937 [urcium
837 868 871 936 Α]

93 1055 234 1115 Claseeuio.
279 1059 370 1116 Recte
394 1059 481 1116 etiam
504 1061 734 1138 Wesenbergius
762 1079 844 1118 meus
868 1060 912 1134 (in
935 1073 1154 1138 programmate

93 1142 186 1200 Dorice
208 1145 320 1221 scripto
343 1145 380 1201 (le
404 1146 536 1203 oratione
559 1145 701 1205 Caeliana
723 1167 751 1223 p.
776 1149 828 1221 21>
850 1146 880 1203 in
903 1156 977 1204 orat.
1000 1147 1153 1223 proRosc.

92 1233 147 1285 Am.
158 1230 194 1286 83
215 1231 361 1288 restitnit:
383 1235 586 1307 unumquidque
608 1242 717 1306 tanqum
740 1232 817 1305 (coll.
831 1232 931 1289 Diviu.
943 1233 973 1290 in
986 1232 1073 1292 Caec.
1086 1233 1152 1302 45).

92 1313 138 1374 Sed
157 1325 266 1374 restant
288 1317 356 1373 alia.
390 1317 426 1374 In
438 1317 594 1375 rhetoricis
611 1318 649 1375 ad
661 1319 792 1375 Herenn.
804 1319 846 1390 Π,
871 1319 910 1376 46
924 1319 1021 1376 editur
1031 1317 1153 1375 vitiose:

92 1403 372 1478 utquodqueprimuur‚
396 1403 474 1477 quod
485 1413 564 1460 recte
574 1404 757 1480 improbatur
768 1403 846 1479 apud
859 1403 920 1462 Cio.
939 1404 975 1460 de
986 1405 1052 1461 Inv.
1063 1403 1089 1474 1,
1100 1404 1154 1474 193

91 1485 118 1542 ie
132 1487 190 1543 Inv.
203 1489 228 1557 Ι,
246 1489 287 1544 28
304 1488 449 1544 retinetur
466 1489 605 1546 vitiosum
625 1489 688 1564 (etri
708 1492 788 1546 semel
808 1491 1015 1564 unumquodque
1037 1491 1153 1565 dicetur)

91 1574 248 1631 conmori.
272 1574 474 1630 Turicensem.
507 1576 581 1632 Mox
603 1577 767 1650 reliquerunt
789 1583 848 1632 est:
870 1594 921 1632 noa
939 1585 1098 1646 tractarunt,
1121 1583 1157 1632 ut

91 1657 135 1726 IV,
147 1660 172 1728 i,
186 1660 325 1735 deLegg.
341 1659 367 1729 Ι,
380 1661 408 1716 6.
445 1659 536 1718 Gaura
557 1663 696 1735 efficiendi,
719 1678 795 1735 quae
817 1661 935 1736 proprie
957 1670 1011 1732 est,
1035 1670 1156 1737 propter

91 1761 165 1815 quam
185 1746 250 1818 quis
272 1744 387 1818 aliquid
408 1743 526 1816 efficiat,
550 1747 646 1804 minos
668 1746 787 1822 proprie
809 1765 863 1821 pro
885 1749 1012 1821 efficierte
1039 1746 1155 1803 dicitur.

162 1831 487 1906 rilneEpicuriproprioc
497 1835 605 1888 ruinae:
627 1843 714 1889 censet
743 1834 823 1905 caim)
846 1833 1012 1890 Pronomcn
1036 1833 1095 1902 itte,
1122 1840 1157 1888 nt

1 1909 2 1918 ’
92 1931 174 1990 saepe,
195 1916 519 1992 explicatursententia
542 1936 594 1992 per
615 1922 683 1974 eatur
704 1916 852 1987 subiecta3
881 1917 940 1974 vid.
962 1918 1001 1974 ad
1022 1918 1080 1989 ΠΙ,
1105 1918 1156 1974 26.

92 1999 145 2056 Nec
154 2011 247 2058 temen
257 2001 418 2078 explioen'o
429 2002 482 2059 illa
494 2003 590 2078 prima
607 2002 752 2060 sententio
768 2003 947 2072 absolvitur3
971 2003 1156 2077 nequeenim

1 2129 2 2156 p
92 2085 143 2141 nlla
160 2087 243 2143 ruina
265 2097 320 2156 cst,
344 2087 400 2144 etsi
422 2107 546 2163 pravum
569 2098 623 2159 est,
646 2089 725 2164 quod
737 2089 883 2164 Epicurus
894 2098 1008 2146 sturnos
1020 2089 1157 2146 deorsum

1 2167 2 2186 ¹
91 2169 151 2229 lerri
177 2183 274 2248 putat,
310 2173 417 2230 nedum
439 2174 539 2250 plures
561 2175 679 2244 ruinae;
713 2184 781 2232 suut
803 2193 854 2230 ese
882 2174 912 2231 in
936 2193 1052 2240 eorum,
1080 2193 1156 2247 quse

91 2257 250 2326 adiciuntur,
279 2260 484 2334 repugnantia„
533 2259 585 2318 Fit
612 2260 668 2317 hoc
696 2260 843 2317 interdum
872 2259 951 2336 apud
973 2259 1156 2331 Ciceronem,

90 2351 126 2404 ut.
146 2343 273 2401 oratione
283 2362 342 2401 non
352 2345 453 2402 statim
464 2355 545 2402 recto
557 2363 645 2403 cursu
656 2365 692 2403 eo
703 2345 920 2422 progrediente,
944 2364 1002 2419 quo
1021 2346 1157 2418 debebat,

90 2429 222 2503 particula
242 2429 406 2487 sententies
429 2439 605 2488 connectens
616 2431 718 2507 inepta
729 2431 874 2502 videatur,
898 2431 922 2488 si
935 2431 973 2487 ad
985 2449 1050 2488 eam
1063 2431 1155 2488 solam

89 2516 250 2572 sententiam
268 2515 425 2586 referatur,
448 2515 478 2572 in
501 2535 559 2591 quo
581 2516 736 2592 positasit,
761 2517 948 2590 maximeque
971 2516 1027 2574 hoc
1049 2516 1157 2575 accidit

90 2599 115 2655 in
134 2601 168 2658 iis
188 2601 350 2676 particulis,
373 2619 449 2675 quae
461 2603 810 2673 conclusivaedicuntur‚
834 2606 936 2676 itaque.
959 2621 1057 2676 precereq
1081 2602 1158 2659 aliis.

89 2685 171 2743 Velut
191 2687 281 2744 Tnse.
302 2687 398 2756 11‚62
422 2688 448 2745 si
469 2687 542 2745 heco
564 2689 628 2746 sola
649 2689 745 2765 leges:
768 2689 866 2762 Itaque
888 2707 991 2762 emper
1006 2689 1157 2762 Africanus

90 2771 244 2830 &euterun
255 2773 458 2847 Xenophontem
475 2778 502 2830 iu
513 2776 636 2830 titanibus
648 2776 768 2842 lubebat,
792 2774 865 2830 nihil
888 2774 927 2831 sit
950 2773 987 2830 ad
1004 2773 1159 2849 superiora

88 2857 220 2934 ineptius3
248 2858 295 2914 sin
319 2859 500 2933 perrexeris:
533 2863 608 2916 cuitu
635 2863 662 2916 iu
687 2863 784 2935 primis
812 2861 943 2916 laudabat
970 2861 1050 2924 titud,
1084 2861 1159 2934 quod

89 2945 183 3006 ducet
206 2946 311 3001 eosdm
335 2945 439 3002 labores
450 2964 501 3001 uon
517 2964 669 3020 cereusque
688 2965 786 3018 proves
803 2948 960 3019 imperatori
969 2955 994 3001 et
1005 2947 1082 3001 militi
1091 2953 1158 3016 etc,

88 3029 233 3104 apparebit
253 3029 311 3086 boc
334 3029 490 3087 fflceudum
512 3029 619 3089 inisse:
642 3032 739 3106 Itaque
756 3031 905 3103 Africanus
928 3031 1059 3087 irridebat
1081 3032 1156 3100 titud,

88 3117 155 3188 quod
172 3116 323 3190 Xenophon
346 3117 444 3172 diceret
467 3125 520 3172 etc.
564 3117 693 3174 Adiectu
720 3117 889 3174 observatio
911 3115 1069 3192 primariae
1092 3134 1157 3172 sen·

88 3201 187 3258 eneae
208 3203 306 3258 locum
330 3201 494 3276 occupavit
544 3203 683 3260 Eiusdem
712 3201 828 3278 generis
855 3202 911 3259 hoc
938 3211 983 3258 est
1016 3201 1051 3258 de
1074 3200 1158 3259 Orat.

88 3285 128 3352 Π,
156 3289 230 3345 217:
271 3287 370 3360 Itaque
407 3305 466 3343 cum
499 3291 632 3362 quosdam
662 3288 781 3346 Graecos
814 3290 956 3363 inscriptos
988 3287 1069 3344 lituu
1102 3307 1159 3344 cese

88 3374 201 3430 ortuum
218 3374 395 3433 munimur,
418 3375 571 3430 rtonuuilum
593 3377 619 3430 iu
642 3393 716 3449 spera
738 3393 869 3444 acueram,
888 3393 970 3448 posse
991 3392 1032 3429 me
1053 3375 1159 3447 aliquid

87 3477 115 3512 u·
135 3462 189 3514 itus
211 3461 323 3516 duom.
372 3457 473 3517 Sensit
498 3459 667 3530 Ernestius‚
702 3460 778 3516 mule
811 3459 884 3516 baec
907 3459 1063 3516 cohaerere
1092 3476 1157 3516 cum

87 3545 295 3618 superioribus,
330 3543 360 3600 in
387 3545 495 3618 quibus
522 3545 605 3603 nulla
627 3545 792 3622 significata
814 3555 859 3602 est
880 3563 970 3602 causa
991 3543 1158 3602 huiusmodi

87 3631 152 3704 spei,
174 3630 226 3687 sed
248 3629 349 3706 potins
371 3628 557 3705 desperandi.
585 3632 678 3688 Recta
700 3631 757 3688 erit
779 3630 937 3697 conclusio,
961 3630 986 3686 si
1009 3633 1099 3705 itaque
1120 3631 1158 3686 ad

86 3717 215 3789 proxime
225 3714 390 3773 rettuleris:
412 3718 500 3773 mouri
520 3728 608 3775 autem
625 3720 741 3774 ridiculo
752 3727 776 3774 et
787 3720 863 3774 caleo
878 3719 962 3774 multo
977 3715 1159 3783 Graecorum,-

86 3804 180 3860 -sed
201 3805 251 3876 qui
271 3804 328 3856 eius
349 3803 391 3856 rei
410 3805 538 3860 rationem
560 3806 698 3877 quandum
720 3804 1156 3876 curutz'euuturtemquetrodere,

85 3891 119 3944 ric
138 3891 236 3944 insulsi
255 3890 399 3944 eruuuut
421 3897 476 3945 eto.
519 3889 631 3946 Eadem
654 3888 730 3946 ratio
753 3889 850 3945 estin
872 3889 949 3946 libro
971 3889 987 3944 Ι
1009 3888 1046 3944 de
1068 3887 1107 3944 N.
1119 3889 1158 3945 D.

86 3973 130 4041 85,
152 3973 203 4030 nbi
227 3975 320 4048 itaque
342 3972 470 4048 pertinet
491 3974 529 4031 ad
550 3975 617 4031 illa:
639 3978 666 4030 iu
689 3975 739 4031 boc
761 3978 800 4030 ito
816 3977 937 4049 erposito
948 3977 1076 4030 contuitio
1087 3984 1158 4043 suut,

85 4063 128 4132 qui
146 4063 298 4116 autunum
319 4067 373 4114 etc.
402 4056 447 4135 [et
468 4059 498 4116 in
515 4061 602 4118 Verr.
624 4061 684 4130 IV,
717 4058 800 4137 108}
849 4059 985 4116 Handius
1012 4059 1042 4115 in
1071 4059 1158 4116 Turs.

84 4143 137 4212 111,
158 4166 188 4222 p.
214 4147 277 4202 504
299 4143 330 4200 in
353 4143 408 4201 hoc
436 4155 466 4202 et
493 4146 560 4203 aliis
588 4146 811 4219 aliquotiens,
845 4145 896 4219 qui
923 4144 1005 4202 nullo
1033 4144 1158 4202 artificio

84 4233 222 4306 egebunt,
252 4233 343 4303 itaque
364 4230 429 4287 vult
455 4249 534 4288 esse:
566 4233 621 4305 uus
635 4233 736 4305 pleiclu
765 4232 865 4301 Weisc,
894 4231 972 4305 quod
1000 4249 1158 4304 numquam

85 4317 234 4393 siguificat.
262 4313 397 4391 Cognata
419 4325 465 4374 est
485 4317 557 4374 haec
580 4317 751 4389 sententiae,
775 4335 850 4392 quae
867 4316 1000 4373 subnecti
1023 4315 1159 4387 debebat,

85 4421 143 4462 turn
164 4401 311 4482 primarie
332 4403 509 4478 permutatio
530 4413 583 4460 aut
604 4403 708 4484 saltem
720 4402 852 4477 aequalis
864 4402 1010 4459 connexio
1028 4421 1094 4459 cum
1111 4402 1158 4472 iis,
