2944 5040
241 365 304 428 862
518 385 621 430 raonx
645 385 759 430 annua
784 385 827 430 nn
851 385 1038 432 vnnaoauu.

282 575 349 628 pars
363 555 417 614 81:
441 557 570 625 omnihus,
589 559 756 632 1881118888·-
808 557 961 630 Peroopori
981 569 1011 614 ct
1030 560 1190 632 per-culpari
1215 557 1284 612 162.

285 641 354 696 libna
379 643 449 697 324.
807 641 960 700 Phaedrus
984 642 1147 720 Epicmens
1171 643 1222 700 36.

241 725 396 802 Participii
420 737 448 783 et
471 727 650 786 substantivi
672 731 754 788 notio
806 728 998 785 Philodemus
1021 727 1185 805 Epicureus
1210 728 1282 798 336.

283 813 427 869 fluctuans
456 813 532 882 6863
566 815 753 890 participium
806 813 999 888 Philosophia
1022 814 1100 872 vitae
1118 814 1329 872 5881888388-

283 897 313 954 18
336 896 545 974 interrogando
569 901 646 970 761;
669 921 754 976 prae·
849 900 909 955 trix
936 901 1009 969 116;
1048 901 1111 957 eins
1139 899 1247 957 divisio
1271 901 1329 956 tri-

284 983 375 1040 sentis
418 984 547 1042 activum
581 987 755 1045 neutraliter
849 985 957 1059 pertita
981 987 1052 1042 483.

284 1069 411 1144 positum
452 1071 525 1138 1293
563 1073 753 1148 participium
806 1071 941 1127 Phoenica
966 1072 1037 1128 562.

284 1155 410 1230 simplex
434 1165 463 1212 et
479 1156 603 1214 ablativi
625 1159 754 1216 absoluti
805 1155 1329 1234 PhysicavirtusapudStoicos1119.

284 1241 413 1316 copulati
438 1242 508 1298 804.
806 1242 921 1316 Pingere
943 1251 972 1298 et
994 1245 1136 1318 depingere
1158 1243 1230 1299 259.

241 1327 347 1383 Partim
360 1326 447 1383 aliter
464 1326 648 1388 conformato
660 1330 754 1388 altero
806 1327 962 1385 Pinoteres
987 1329 1058 1384 454.

284 1412 414 1470 membro
439 1413 509 1470 796.
808 1413 888 1480 Ρ180,
911 1414 963 1481 M,
988 1415 1059 1477 604,
1084 1415 1154 1470 607.

239 1498 349 1555 Portus
371 1499 496 1556 ancillae
521 1501 570 1557 30.
809 1500 898 1570 thpa
921 1499 971 1574 (de
993 1499 1128 1576 regione)
1155 1499 1224 1557 156.

242 1584 345 1640 Porum
370 1585 440 1640 769.
808 1586 924 1641 Phentoe
946 1603 1004 1642 non
1022 1586 1211 1662 appellantur
1233 1605 1327 1662 gene-

240 1668 366 1726 Passiva
388 1679 418 1726 et
439 1670 537 1728 activa
559 1672 655 1730 oratio
683 1673 755 1730 mire
850 1669 953 1727 raliter
973 1660 1013 1726 ‘ccl
1035 1655 1117 1742 porti
1142 1670 1208 1745 (sed
1224 1677 1328 1746 stirpes

284 1755 377 1811 mixta
401 1756 472 1812 225.
850 1765 875 1811 et
898 1754 1008 1834 herbae)
1032 1757 1102 1813 496.

240 1841 359 1896 Panium
381 1843 488 1916 aliquid
512 1843 582 1899 789.
806 1840 940 1898 Pluralia
962 1851 1075 1898 tantum
1099 1843 1170 1898 593.

239 1926 544 2004 Peccatapariaapud
553 1928 669 1987 Stoicos
683 1931 754 1987 564.
808 1929 876 1984 Plus
898 1945 952 2002 pro
974 1931 1060 2000 caepis
1086 1929 1133 1984 15.

239 2010 421 2082 Peducaeus,
445 2013 525 2082 Sex,
551 2016 621 2072 242.
807 2013 1327 2088 Plusquamperfeetumconiunctis-i

240 2098 352 2166 Pellere,
377 2101 516 2174 depellere,
541 2103 666 2176 repellere
689 2103 738 2159 72.
850 2116 904 2172 pro
932 2099 1106 2174 imper-lecto
1135 2099 1328 2176 neglegentia

241 2183 404 2256 Peragratio
426 2185 561 2242 absolute
586 2187 656 2244 327.
850 2184 976 2257 quadam
1002 2185 1078 2254 2333
1112 2203 1165 2258 pro
1189 2183 1327 2260 perfecto

240 2267 397 2344 Perceptio
422 2271 493 2338 367,
519 2273 589 2328 741.
852 2269 922 2325 728.

242 2355 386 2429 Peropere
407 2377 458 2412 reso
482 2358 552 2414 348.
807 2357 900 2426 Poeni,
924 2354 955 2412 id
977 2364 1034 2414 881.
1059 2355 1205 2413 Phoenices
1228 2357 1305 2413 561.

243 2441 388 2514 Perfca'lia
409 2451 434 2498 et
452 2444 659 2518 perexpeditue,
689 2463 755 2520 per-
808 2441 979 2498 Polemouis
1002 2441 1108 2498 nammi
1130 2441 1201 2498 boni
1219 2442 1328 2500 defini-

278 2528 374 2598 J'cciiis
396 2537 420 2583 et
442 2531 583 2603 ecpedilua
606 2531 677 2588 406.
850 2526 893 2583 118
917 2527 988 2594 499,
1014 2527 1084 2584 502.

242 2609 755 2691 Perfectumconiuuct.postu1250;
806 2611 975 2688 Polyaenus
998 2612 1162 2688 Epicureus
1185 2615 1237 2670 46.

284 2696 436 2756 indicativi
454 2709 599 2776 postcom.
623 2705 655 2772 ai,
678 2703 755 2760 relo-
807 2698 974 2774 Polycratis
996 2698 1101 2754 anulus
1125 2699 1197 2755 773.

284 2782 345 2838 tiva
368 2783 403 2840 de
420 2786 536 2842 actione
553 2787 680 2863 repetita
693 2790 753 2846 679
806 2785 977 2859 Pompeius,
1001 2784 1047 2858 Q,
1072 2785 1142 2841 235.

284 2887 356 2943 sqq,
378 2871 453 2940 683;
478 2873 548 2929 455.
807 2871 911 2926 Ponere
923 2871 1000 2940 733;
1014 2888 1113 2945 ponere
1125 2871 1237 2926 barbam
1251 2873 1328 2929 253.

240 2955 385 3012 Perhr'here
398 2975 452 3032 pro
466 2959 554 3015 dicere
570 2959 753 3018 rarissimum
806 2955 931 3012 Porcius
954 2956 1074 3013 Licinus
1101 2955 1148 3012 15.

282 3041 360 3116 apud
384 3041 446 3100 Cic.
477 3046 541 3100 162.
807 3042 979 3110 Pcrr0743;
997 3041 1026 3098 in
1040 3041 1328 3099 concludend0189.

239 3125 506 3202 Peripateticorum
530 3147 652 3186 acumen
676 3131 753 3188 desi·
805 3127 985 3184 Posidonius
1012 3127 1058 3183 18.

283 3212 415 3270 decatum
451 3217 527 3284 412,
564 3217 640 3283 780;
686 3235 752 3274 cum
805 3215 899 3283 Posse,
923 3213 1018 3282 idest,
1041 3231 1127 3286 aequo
1143 3215 1331 3288 onimoposee

282 3299 471 3356 Academicis
490 3319 650 3358 consensus
674 3303 751 3369 485;
849 3299 925 3366 257;
950 3309 1052 3373 polest,
1083 3298 1112 3354 id
1141 3308 1200 3359 est.
1232 3310 1329 3373 potest

282 3385 444 3442 sententiae
462 3387 497 3442 de
512 3387 590 3444 vitae
602 3387 752 3464 degendae
840 3386 907 3458 ¹heri
928 3385 1004 3452 755;
1027 3386 1094 3440 nihil
1110 3393 1199 3458 polest
1215 3385 1330 3442 braina

281 3471 438 3546 generibus
462 3473 538 3543 620;
562 3473 597 3530 de
620 3475 753 3550 corporis
849 3469 920 3526 553.

281 3567 309 3612 et
333 3557 464 3614 externis
486 3559 572 3616 bonis
589 3561 661 3631 417,
681 3559 752 3630 652,
806 3557 881 3626 Post,
905 3556 1012 3628 idest,
1036 3567 1106 3612 retro
1129 3555 1199 3614 668.

283 3642 359 3710 749;
382 3641 500 3700 virtutis
529 3643 635 3701 divisio
663 3662 752 3718 quae·
806 3642 954 3716 Postquam
988 3660 1055 3698 cnm
1083 3641 1327 3718 plusquamperf.

281 3727 348 3785 dam
372 3730 433 3784 484
458 3737 487 3785 et
510 3729 569 3787 8118
588 3731 665 3800 669;
687 3731 752 3788 An·
848 3737 878 3783 et
899 3727 1031 3803 perfecto
1055 3727 1162 3784 iunctis
1186 3727 1259 3784 807.

281 3813 390 3870 tiochia
407 3813 536 3890 (Stoica)
559 3835 612 3892 pro
630 3817 753 3892 Peripa·
807 3814 900 3870 Potius
928 3833 1010 3888 qnam
1043 3823 1110 3888 post
1140 3813 1325 3871 infinitivum

281 3901 377 3958 teticis
399 3900 502 3957 habita
519 3903 591 3971 413,
600 3903 751 3973 452‚494,
847 3917 912 3955 eum
925 3899 1072 3956 infinitivo
1089 3910 1119 3955 et
1130 3899 1329 3958 coniunctivo

281 3987 353 4055 406,
379 3988 449 4055 666,
476 3988 545 4046 846.
848 3987 919 4041 511.

238 4071 371 4146 Persequi
392 4080 422 4130 et
439 4077 572 4148 prosequi
594 4073 665 4133 697.
807 4071 994 4139 Praeceulare,
1013 4081 1194 4146 praecantare
1208 4079 1236 4125 et
1250 4089 1326 4128 con-

236 4158 367 4228 Persius,
391 4157 434 4228 C,
460 4159 509 4215 20.
846 4157 947 4213 iuncta
970 4156 1041 4213 301.

237 4245 388 4318 Perspicua
411 4243 578 4304 Stoicorum
602 4245 675 4304 491.
804 4241 991 4318 Praepositio
1021 4241 1132 4299 omissa
1158 4250 1227 4297 ante
1250 4261 1323 4317 pro-

237 4330 334 4387 Persto
349 4333 445 4404 facere
469 4331 540 4388 323.
846 4346 953 4386 nomen
976 4323 1060 4385 relat
1080 4329 1129 4399 71,
1154 4328 1209 4396 97;
1232 4345 1325 4403 repe-
