2944 5040
501 431 672 480 excussus
696 434 725 478 v.
951 437 956 450 ·
1008 438 1010 444 ¹
1087 417 1150 481 825

87 604 183 662 tentiis
205 605 388 681 explicandis
410 605 502 680 ipsius
525 605 641 662 scholae
664 605 768 662 seriem
792 615 821 662 et
843 607 1149 682 materiaedispouen-

86 690 137 746 dae
159 691 253 767 legem
277 699 393 748 secutus
405 691 457 760 sit;
479 690 567 765 idque
590 709 625 748 eo
637 691 729 767 magis
741 689 906 748 iaciendum
924 693 1049 765 videtur,
1072 694 1150 770 quod

84 775 138 851 ipsi
160 795 286 852 quoque,
310 776 365 834 etsi
387 776 423 832 de
445 783 507 833 tota
528 774 623 832 forma
644 795 703 834 non
725 777 912 854 ambigimus,
941 797 1030 836 unum
1053 788 1150 836 tamen

84 871 112 918 et
133 862 259 919 alterum
282 861 390 918 satisne
413 861 565 918 commodo
587 862 652 919 loco
674 862 779 920 ceteris
790 862 975 921 interiectum
987 875 1073 936 esset,
1097 884 1150 923 nos

84 947 217 1005 dubitare
240 947 477 1024 significavimus,
501 955 531 1002 et
552 965 645 1022 nuper
667 947 713 1004 vir
735 947 837 1005 doctus
859 965 937 1006 nova
959 951 1102 1024 quaedam
1115 951 1150 1009 de

82 1033 254 1110 disciplinae
276 1033 389 1090 ethicae
412 1031 577 1092 Stoicorum
605 1031 747 1090 divisione
774 1043 805 1090 et
831 1033 1022 1110 dispositione
1050 1055 1151 1094 eruere

83 1131 112 1176 et
133 1120 191 1177 hoc
212 1119 277 1194 ipso
299 1118 376 1176 libro
398 1117 570 1174 confirmare
593 1128 713 1175 conatus
736 1127 789 1176 est.

167 1207 216 1262 Ac
226 1204 362 1280 primum,
374 1203 512 1278 quoniam
534 1213 602 1279 post
612 1205 770 1276 Zenonem,
793 1205 843 1279 qui
865 1223 993 1264 summas
1015 1207 1094 1284 leges
1116 1227 1151 1266 ac

81 1297 240 1366 praecepta
261 1290 401 1360 ediderat,
424 1288 587 1364 disciplina,
611 1290 679 1347 dnm
702 1290 739 1347 ab
761 1289 938 1348 adversariis
954 1303 1150 1370 oppugnatur,

81 1379 118 1434 ab
140 1376 215 1452 ipsis
237 1374 345 1434 Stoicis
367 1373 546 1446 defenditur,
580 1393 638 1432 non
666 1375 761 1433 solum
791 1376 910 1438 uberius
937 1377 1085 1454 explicata
1106 1389 1151 1438 est

81 1462 241 1536 multisque
261 1460 394 1536 partibus
417 1459 549 1535 expleta,
583 1461 744 1518 sedetiam
766 1461 900 1520 notiones
922 1464 1064 1538 quaedam
1092 1485 1151 1523 non

79 1549 122 1606 ite
144 1547 251 1604 leviter
265 1547 401 1616 inflexae,
422 1557 555 1620 apparet,
578 1547 654 1604 inter
665 1547 898 1622 antiquissimam
910 1551 1151 1626 compositionem

79 1643 170 1708 atque
194 1651 272 1704 eam,
305 1650 381 1706 quae
403 1631 529 1688 maxime
556 1641 624 1708 post
645 1631 842 1709 Chrysippum
864 1631 935 1705 fuit,
968 1635 1151 1710 aliquantum

77 1720 223 1776 interesse
235 1717 378 1774 debuisse.
411 1715 513 1793 Ipsum
524 1726 622 1775 autem
634 1717 840 1794 Chrysippum,
863 1738 1038 1794 quamquam
1051 1741 1151 1780 omues

78 1815 182 1882 partes
210 1804 289 1878 ipsas
312 1802 428 1859 ridetur
450 1803 650 1875 constituisse,
685 1812 799 1875 tamem
832 1805 969 1879 quoniam
992 1808 1152 1883 praecipua

78 1891 181 1966 capita
201 1888 398 1964 particulatim
411 1888 557 1960 tractavit,
585 1908 643 1946 nou
671 1891 785 1946 otonem
813 1889 938 1948 ethicam
966 1891 1150 1968 disciplinam

77 1975 223 2034 continua
244 1973 403 2048 scriptione
425 1974 655 2049 comprehendit,
678 1993 765 2032 unam
788 1975 871 2050 quasi
888 1976 1047 2052 legitimam
1061 1977 1151 2036 totius

77 2060 256 2136 disciplinae
278 2058 498 2134 dispositionem
521 2060 668 2131 habuisse,
692 2069 802 2116 certum
826 2071 949 2118 nonest
984 2061 1043 2122 Sed
1054 2073 1152 2120 tamen

77 2148 146 2223 ipsa
168 2146 321 2204 notionum
343 2152 449 2202 natura
470 2153 500 2201 et
522 2145 657 2222 cognatio
680 2146 839 2220 eademque
862 2165 912 2204 eas
928 2147 965 2204 ab
983 2148 1153 2225 origiuere-

75 2231 202 2310 petendi
224 2241 254 2288 et
274 2229 420 2288 tractandi
441 2230 517 2288 ratio
534 2248 716 2289 communem
740 2230 884 2307 quendam
914 2234 992 2308 apud
1019 2235 1096 2292 hunc
1124 2244 1154 2291 et

76 2338 141 2390 eos,
164 2317 217 2392 qui
238 2323 306 2392 post
327 2334 392 2372 eum
414 2313 542 2388 fuerunt,
566 2317 696 2374 ordinem
717 2317 940 2393 praecipuarum
963 2320 1089 2395 partium
1111 2320 1154 2380 cf·

75 2402 325 2470 fecissevidetur,
348 2419 413 2458 cum
430 2402 601 2477 praesertim
619 2402 657 2476 id,
681 2403 758 2476 quod
780 2403 951 2460 varietatem
974 2403 1078 2463 afferre
1100 2397 1166 2482 po·'

75 2499 174 2560 terat,
208 2507 276 2545 raro
298 2487 376 2562 apud
397 2487 451 2546 hos
472 2487 581 2546 iactum
603 2487 751 2560 videatur,
779 2497 813 2545 ut
834 2489 959 2547 ethicam
980 2491 1019 2548 ad
1040 2511 1154 2550 summa

75 2576 230 2654 principia
249 2591 390 2630 revocare
417 2583 447 2630 et
473 2591 537 2630 cum
561 2573 683 2650 physica
713 2581 744 2630 et
770 2573 903 2631 doctrina
935 2577 971 2634 de
1004 2577 1058 2634 deo
1086 2597 1153 2654 pro-

75 2664 148 2740 pius
190 2669 220 2718 et
252 2657 387 2716 subtilius
424 2667 596 2716 connectere
635 2657 834 2737 studerent1)
894 2661 999 2736 Itaque
1026 2663 1154 2721 varietas

74 2747 195 2806 drdinis
228 2743 355 2802 maxime
382 2744 490 2801 mansit
514 2743 545 2821 in
573 2743 752 2821 singularum
780 2745 921 2804 virtutum
954 2755 985 2804 et
1005 2749 1153 2807 actionum

75 2832 268 2892 tractatione.
305 2829 405 2901 Illius,
439 2847 525 2905 quem
555 2829 631 2902 dixi,
665 2829 776 2888 ordinis
803 2838 834 2887 et
859 2831 1059 2908 dispositionis
1086 2854 1153 2911 par·

74 2920 156 2978 tium
185 2914 436 2974 adumbrationem
457 2924 574 2991 praeter
607 2913 778 2974 Ciceronem
811 2915 951 2974 habemus
979 2919 1056 2994 apud
1078 2921 1153 2978 Dio-

74 3021 188 3082 genem
210 3000 360 3060 Laertium
388 3010 418 3057 et
443 3001 585 3058 Ioannem
608 2999 834 3072 Stobaeensem,
856 3002 923 3073 sed,
956 3013 989 3060 ut
1009 3003 1040 3060 in
1063 3007 1153 3082 scrip·

74 3089 198 3148 toribus
220 3086 362 3145 eiusmodi
385 3086 535 3162 expectari
558 3085 691 3156 debebat,
714 3104 771 3143 non
790 3088 1009 3162 perturbatrone
1020 3108 1152 3150 vacuam

73 3177 234 3271 Diogenes
254 3173 342 3270 (VII,
355 3169 409 3250 84)
431 3172 570 3229 moralem
593 3179 705 3268 partem
728 3190 746 3228 a
768 3170 979 3231 Stoicisdividi
1001 3175 1043 3232 ait
1065 3165 1105 3241 εἴς
1121 3195 1153 3235 cs

74 3252 134 3361 cpia
150 3248 223 3332 περὶ
247 3249 339 3354 ὁρμῆς
359 3251 408 3318 καὶ
431 3250 472 3322 εἰς
492 3246 544 3313 τὸν
565 3246 631 3356 papi
654 3248 778 3354 ἀγαθῶν
799 3246 847 3313 καὶ
874 3255 969 3315 κακῶν
990 3247 1083 3316 τόπον
1104 3280 1153 3318 και

74 3341 122 3412 εἰς
145 3333 199 3400 τὸν
213 3331 285 3439 περὶ
307 3340 416 3400 παθῶν
437 3331 486 3398 καὶ
507 3331 573 3419 trapi
596 3333 703 3439 ἀρετῆς
729 3359 778 3398 και
805 3334 869 3443 nspl
897 3337 999 3410 τέλους
1027 3338 1098 3442 aspi
1121 3364 1153 3404 ra

72 3427 134 3504 τῆς
155 3417 274 3504 πρῶτνς
297 3419 382 3495 ἀξίας
403 3419 452 3484 uei
478 3423 536 3483 raia
557 3415 691 3504 πράξεων
714 3414 763 3482 καὶ
789 3420 855 3503 περὶ
881 3424 939 3484 τῶν
961 3419 1153 3504 καθηκόντων

72 3508 260 3590 προτροπῶν
281 3530 314 3568 τε
333 3501 382 3568 καὶ
401 3504 586 3588 ἀποτροπῶν.
630 3513 665 3570 In
687 3511 743 3568 hac
765 3514 982 3572 enumeratione
1005 3523 1049 3585 et,
1078 3535 1153 3590 quae

73 3600 271 3667 cohaereant,
293 3596 366 3653 mire
389 3596 512 3654 distrahi
534 3605 564 3652 et
586 3598 687 3656 eadem
710 3599 793 3672 quasi
811 3599 928 3656 diversa
948 3600 1052 3676 repeti,
1076 3601 1154 3676 quod

72 3683 218 3761 pluribus
239 3682 313 3740 locis
334 3683 501 3740 necessario
523 3682 745 3780 attingerentur,
769 3685 894 3759 primum
917 3704 954 3742 ex
977 3686 1041 3762 ipsa
1062 3705 1153 3763 appa-

71 3779 137 3828 ret.
181 3768 259 3825 Nam
287 3757 303 3826 ὁ
330 3757 395 3843 περὶ
422 3755 583 3832 selevc'
547 3785 640 3834 senec
668 3770 814 3843 quomodo
842 3771 971 3846 separari
998 3781 1115 3847 poterat
1136 3791 1155 3829 a

72 3858 226 3913 bonorum
251 3863 281 3910 et
296 3851 438 3910 malorum
451 3851 645 3910 tractatione?
668 3872 801 3929 quaeque
813 3855 848 3912 de
860 3857 992 3932 appetitu
1005 3855 1048 3934 (et
1059 3858 1154 3933 prime

72 3935 303 4016 conciliatione)
325 3937 558 4014 disputabantur,
582 3940 820 3998 coniunctissima
840 3940 931 3999 fuisse
954 3960 1018 3999 cum
1041 3944 1153 4018 primae

74 4024 297 4084 aestimationis
315 4015 427 4102 (αξίας)
447 4023 652 4099 explicatione,
675 4033 798 4101 apparet
820 4028 867 4083 vel
880 4045 895 4083 e
908 4025 1059 4086 Ciceronis
1070 4028 1153 4085 brevi

74 4109 362 4170 commemoratione
385 4113 400 4180 ξ
424 4109 473 4167 20.
518 4108 576 4169 Sed
599 4110 671 4168 hacc
694 4121 723 4168 et
744 4111 829 4170 initio
852 4112 1079 4188 attingebantur,
1102 4113 1153 4171 ubi

112 4383 134 4442 ¹)
153 4381 184 4430 ln
202 4383 256 4446 ipsa
275 4381 332 4430 boui
351 4383 454 4431 notione
472 4390 496 4430 st
514 4381 637 4430 naturalis
656 4381 718 4444 legis
736 4381 783 4431 hcc
801 4382 911 4431 maxime
930 4383 1091 4434 desideratur.
