2998 5020
336 413 399 480 634
724 433 768 480 na
790 433 920 481 urureus
943 433 1013 480 sou.

337 601 452 684 aliquid
481 600 601 681 referri,
634 608 669 668 ut
694 603 747 668 illa
779 603 957 685 prudentia,
990 623 1082 686 quam
1109 613 1207 670 artem
1231 603 1311 668 vitae
1331 621 1391 668 mse

337 705 477 782 diximus
500 705 531 768 in
553 724 657 770 eanum
681 706 773 772 trium
796 725 900 770 rerum
911 706 1015 788 aliqua
1026 715 1176 785 versetur,
1199 725 1297 788 aqua
1307 706 1390 770 totius

338 807 419 872 vitae
441 808 535 872 ducat
556 810 722 874 exordium.
758 810 807 873 lo.
829 809 875 873 Ex
891 813 1053 887 cosulem,
1076 810 1159 890 quod
1170 809 1312 874 statuerit
1322 827 1390 882 esse,

339 929 400 992 quo
422 910 555 991 primum
578 921 688 976 natura
711 919 879 990 moveatur,
902 911 1013 977 existet
1029 912 1207 978 reotietiam
1220 913 1391 992 retinetque

300 1013 468 1092 dhonesti,
492 1031 572 1096 quae
593 1033 660 1078 cum
682 1014 785 1096 aliquo
808 1033 869 1080 uno
886 1033 922 1080 ex
935 1015 1033 1079 tribus
1045 1014 1104 1078 illis
1115 1033 1286 1096 congruere
1296 1013 1391 1096 possit,

338 1121 373 1180 ut
394 1123 449 1180 aut
468 1116 500 1181 id
518 1117 684 1192 ¹honestum
707 1116 756 1196 sit,
778 1115 879 1182 lacere
901 1117 1094 1200 omnialaut]
1117 1117 1285 1199 voluptatis
1300 1133 1390 1192 musa

410 1325 429 1370 l.
453 1321 553 1386 aliqumd
577 1321 680 1389 [Eh10r.
721 1323 783 1372 udae
801 1321 929 1373 ditwinus
951 1325 1010 1387 (om.
1034 1327 1095 1386 asae)
1118 1324 1136 1374 E
1173 1327 1195 1371 2.
1219 1339 1296 1372 rerum
1316 1321 1390 1371 cml.

338 1395 361 1440 ³.
381 1390 519 1440 dueaturL
555 1400 631 1441 omem
649 1408 698 1442 om.
718 1395 736 1442 L
781 1398 802 1440 4.
822 1395 891 1441 etrum
909 1393 968 1441 recti
984 1392 1069 1442 LPCR
1113 1399 1134 1444 ⁵.
1154 1409 1199 1441 urio
1217 1391 1297 1456 aliquo
1315 1389 1391 1440 LPCR

339 1464 360 1508 6.
380 1469 405 1510 ut
422 1459 539 1510 hortulum
559 1475 616 1518 tom.
635 1469 678 1510 out
696 1461 729 1524 id)
747 1461 790 1512 Or.
825 1469 867 1510 cul
885 1461 937 1511 sinc
956 1461 1027 1510 uncis
1046 1461 1090 1514 Or.

338 1670 489 1746 voluptate
511 1670 642 1746 potiendi
665 1678 717 1727 aut
738 1671 839 1729 dolore
856 1671 978 1727 vacandi
1001 1671 1066 1746 ipso
1089 1671 1174 1726 beata
1196 1669 1259 1726 vila
1270 1677 1391 1746 ponatur.

338 1764 368 1812 et
389 1763 520 1830 apertum
544 1765 589 1812 est
610 1757 690 1814 etin
713 1775 838 1814 excursu
855 1765 960 1831 quarto
971 1756 1175 1814 declarabitur.
1199 1755 1258 1814 Sed
1277 1752 1392 1812 animad-

339 1860 424 1898 versa
446 1841 500 1898 hac
523 1841 640 1900 fallacis
663 1843 805 1900 tolluntur
834 1861 887 1899 nec
921 1861 984 1900 esse
1007 1851 1130 1918 possunt
1151 1841 1226 1898 duae
1249 1841 1317 1898 illae
1337 1857 1392 1896 sen·

339 1928 461 1999 tentiae,
494 1947 566 2002 quae
589 1948 658 1985 mox
680 1929 752 1986 dicit
773 1947 836 1986 ease
859 1947 945 2003 posse
968 1947 1021 1985 nec
1043 1936 1139 1985 tamen
1163 1926 1330 1984 defensores
1350 1926 1392 1980 hs·

338 2013 435 2070 bnisse
459 2015 487 2087 (ξ
512 2015 574 2090 20).
604 2013 769 2073 Stoicorum
792 2015 961 2084 honestum,
985 2013 1040 2071 etsi
1062 2012 1232 2070 delinitione
1253 2010 1392 2088 Antipatri

338 2097 410 2178 (vid.
432 2100 469 2155 ad
491 2099 549 2170 ΙΙΙ,
563 2097 619 2180 22)
642 2101 672 2157 in
694 2101 770 2157 hanc
792 2099 1016 2175 descriptionem
1039 2099 1151 2170 incidit,
1174 2109 1272 2156 tamen
1289 2096 1392 2156 aliunde

339 2185 506 2242 ducebatur.

422 2291 478 2327 esce
499 2271 629 2347 dicimus)
665 2273 736 2328 Esse
758 2271 851 2344 Gziua
880 2271 908 2327 in
932 2272 1000 2328 Bas.
1028 2279 1057 2327 et
1080 2270 1159 2329 Gud.
1188 2273 1199 2326 l
1231 2269 1324 2327 omitti
1345 2267 1391 2332 sic

339 2356 531 2414 nominandus
553 2367 617 2414 erat
638 2357 698 2415 Erl.
722 2366 752 2414 et
773 2357 897 2414 fortasse
921 2356 997 2432 Spir.
1008 2355 1072 2434 [B]
1117 2355 1176 2412 Sed
1199 2357 1307 2414 rectius
1322 2353 1390 2411 addi-

339 2450 399 2499 tur:
424 2442 484 2511 „sic
506 2443 700 2515 definivimus,
723 2451 756 2500 ut
777 2451 869 2500 artem
892 2463 955 2500 asae
978 2443 1168 2500 diceremus.“

426 2529 473 2584 19.
496 2533 560 2586 recti
579 2527 671 2607 eduin)
699 2529 749 2588 Sic
771 2527 864 2587 Gaius
886 2531 975 2586 etiam
997 2549 1013 2586 e
1037 2528 1114 2604 Spir.
1136 2524 1190 2607 [B]
1213 2537 1244 2584 et
1266 2545 1331 2584 mox
1350 2525 1390 2580 od·

338 2633 390 2689 quo
412 2635 471 2670 ono.

424 2709 452 2756 ut
474 2711 520 2756 out
541 2703 571 2756 id
593 2701 727 2758 lrooestum
749 2704 783 2756 uit
806 2695 875 2774 cet.)
904 2701 935 2760 Si
959 2719 1029 2757 vera
1057 2708 1124 2757 sunt
1147 2699 1297 2774 proxima,
1328 2697 1391 2752 inter

339 2805 369 2842 se
391 2786 443 2842 illa
464 2785 648 2844 referuntur:
681 2797 728 2842 uret
756 2789 899 2862 colleptutio
926 2807 1010 2844 curcua
1032 2819 1072 2826 -
1094 2795 1142 2841 cul
1164 2805 1214 2840 nou
1237 2785 1341 2840 <winidi
1358 2811 1390 2820 -

338 2881 385 2927 out
407 2892 504 2928 comior.
548 2873 595 2928 lta
618 2872 685 2928 lmic
708 2872 801 2948 primo
823 2883 871 2930 md
893 2872 965 2929 nihil
988 2881 1033 2928 eat
1054 2870 1327 2946 quodreapondeat,
1349 2883 1391 2922 nee

338 2957 399 3014 ulla
421 2957 467 3013 hic
489 2957 631 3014 diiunctio
653 2977 717 3014 esse
739 2967 845 3033 potest.
878 2959 983 3032 Itaque
1005 2958 1139 3015 Manutio
1162 2957 1302 3012 evadente
1319 2955 1391 3012 Lam·

339 3043 423 3100 binus
446 3044 564 3100 sustulit
585 3053 632 3100 ‹rrtl
654 3041 756 3122 (quod,
779 3044 804 3100 si
827 3043 943 3102 silentio
966 3044 1037 3101 fides
1049 3051 1103 3114 est,
1127 3036 1390 3099 videturabesseob

339 3129 396 3188 Ox.
419 3129 458 3198 E3
482 3130 509 3189 U
532 3130 679 3187 numerari
702 3149 759 3187 non
783 3130 897 3200 debet);
921 3129 1014 3188 Gaius
1035 3139 1150 3200 etitem,
1179 3147 1245 3184 cum
1269 3123 1392 3184 etiamid

252 3205 255 3214 ’
339 3216 475 3272 Ernestio
498 3216 705 3291 displicuisset,
728 3225 883 3290 utromque
907 3233 1008 3273 vocem
1031 3214 1149 3284 delevit,
1173 3215 1252 3272 Gud.
1270 3217 1282 3270 l
1297 3212 1390 3269 etBa·¹

338 3299 511 3382 (atquibus
534 3301 683 3358 codicibus
692 3300 713 3376 l)
736 3302 904 3359 auctoribus
927 3311 1020 3358 utens.
1054 3302 1164 3357 Verum
1188 3299 1301 3374 siquis
1326 3303 1391 3354 recu
1477 3323 1478 3330 κ

338 3387 509 3456 attenderit,
540 3387 665 3458 videbit,
694 3389 790 3445 deleto
812 3388 867 3444 hoc
889 3397 950 3458 out,
979 3407 1068 3444 unum
1092 3386 1230 3443 constitui
1254 3385 1391 3442 honestum

339 3481 397 3530 tres
420 3483 517 3547 partes
540 3474 747 3548 complectens,
771 3474 901 3530 utatis
924 3474 1045 3530 honeste
1067 3482 1152 3548 agat,
1175 3472 1225 3546 qui
1249 3465 1394 3545 voluptatis

338 3558 645 3630 causeornniafaciat,
669 3569 699 3616 et
720 3560 779 3634 qui,
803 3559 827 3616 si
845 3559 875 3615 id
894 3578 952 3616 non
965 3559 1088 3635 placeat,
1111 3577 1168 3614 non
1181 3557 1394 3614 dolendicausa

339 3644 433 3718 etqui
457 3644 616 3719 primorum
639 3653 770 3702 naturae.
799 3645 853 3711 Ut,
878 3645 907 3702 id
919 3645 998 3718 quod
1009 3644 1155 3702 sententie
1177 3643 1320 3718 postulat,
1348 3639 1394 3696 ola
1476 3655 1477 3674 ¹

339 3731 462 3787 honesto
483 3730 560 3787 inter
582 3750 613 3788 se
636 3731 753 3788 diversa
775 3731 996 3806 intellegantur,
1025 3729 1167 3787 diiunctio
1189 3739 1278 3786 antea
1299 3723 1394 3803 signifi·

338 3816 399 3872 cari
422 3816 516 3873 debet.
568 3819 666 3891 Atque
699 3817 737 3874 ad
764 3816 1016 3892 diligentissimam
1045 3835 1175 3873 normam
1205 3823 1309 3872 exacta
1334 3813 1394 3868 haec

339 3903 433 3960 oratio
445 3910 535 3959 esset:
559 3913 587 3959 ut
598 3913 645 3959 cut
656 3905 686 3960 iu
696 3906 730 3959 sit
742 3904 1085 3976 donesirem,sl1cereor1uroiu
1097 3903 1242 3976 ooloiplutio
1258 3919 1337 3958 cucuso
1349 3903 1394 3952 cel

338 3998 385 4044 uui
406 3989 449 4059 id,
466 3991 561 4062 secere
583 3992 669 4045 mutreio
692 4009 742 4045 noo
764 3991 873 4045 doluuli
893 3998 947 4044 cet.
992 3987 1051 4046 Sed
1081 4006 1145 4044 cum
1168 3986 1296 4063 plurium
1318 3985 1394 4041 hone·
1475 4009 1476 4048 t

339 4084 448 4130 storum
472 4074 628 4130 discrimen
651 4075 709 4132 iam
732 4075 926 4150 significatum
951 4083 1029 4130 esset
1050 4074 1079 4129 in
1103 4072 1176 4130 illis:
1210 4083 1258 4130 out
1280 4073 1308 4129 ul
1329 4071 1394 4126 doru

338 4170 408 4215 otium
435 4162 483 4220 uit.
517 4160 589 4216 nihil
617 4179 691 4236 opus
719 4170 783 4217 erat
814 4178 975 4235 pronomen
1004 4168 1034 4216 et
1061 4159 1237 4216 infinitivum
1266 4165 1394 4232 repetere.

338 4247 473 4320 Apparet
496 4246 551 4302 hoc
567 4255 614 4302 out
636 4265 756 4321 prorsus
780 4246 976 4302 necessarium
989 4264 1067 4312 esse;
1090 4264 1145 4301 nec
1159 4245 1253 4301 minus
1265 4252 1339 4300 recte
1359 4237 1395 4294 di·
1474 4321 1475 4324 Ἴ

340 4330 485 4387 iunctivac
509 4332 669 4406 particulae
692 4350 853 4406 pronomen
872 4330 1050 4388 definitionis
1068 4331 1159 4388 index
1180 4339 1210 4386 et
1232 4327 1394 4385 infinitivum
1474 4363 1475 4380 2

339 4423 406 4472 ente
429 4416 596 4493 significans
618 4417 770 4489 subicitur,
793 4436 850 4474 non
863 4417 956 4494 magis
978 4426 1079 4474 nostro
1096 4435 1177 4475 more
1191 4433 1279 4490 quam
1291 4411 1392 4477 Latino
