2948 5024
364 407 407 452 ur
431 406 511 452 unu.
529 405 629 452 unuu
653 406 725 452 cnr.
750 409 790 454 es.
1044 391 1107 454 735

114 584 246 655 quaerentes
261 575 441 656 uoluptatem
469 573 562 639 Stoici
574 581 701 639 restant.
731 575 768 638 Ei
790 576 914 656 quidem
938 595 999 642 non
1013 595 1106 640 unam

110 677 209 758 aliquem
224 677 389 742 eutolterom
410 695 474 740 rem
495 695 514 740 a
536 677 633 755 nobis,
656 678 711 741 sed
728 683 826 742 totum
848 679 888 742 ad
911 696 945 742 sc
968 685 1107 742 nostram

107 777 275 858 philosophiam
292 779 521 843 transtulerunt.
566 781 669 860 Atque
691 787 726 842 ut
747 779 856 861 reliqui
884 779 970 844 fures
999 797 1106 844 eorum

105 898 190 958 reum,
206 897 265 962 ques
281 887 431 962 ceperunt,
453 881 543 961 signu
564 887 760 960 commutant
783 881 902 960 sicini,
925 889 960 945 ut
982 889 1107 946 senten·

156 1105 171 1148 1.
182 1099 212 1150 llo·
222 1101 306 1152 brebe.
343 1107 427 1150 2rern
445 1118 493 1152 om.
513 1117 598 1152 omnes
620 1101 686 1168 [rent]
707 1103 749 1152 Or.
786 1107 809 1152 3.
829 1112 854 1152 ut
871 1103 961 1155 om?
997 1111 1012 1150 4
1039 1121 1107 1166 ccpc-

96 1181 142 1219 runt
156 1186 194 1218 oon.
209 1169 225 1220 C
239 1169 337 1236 deponunt
355 1170 399 1223 Or.
452 1173 538 1220 nostrus
555 1172 674 1220 sententiis
692 1173 715 1220 11

89 1378 219 1453 quaeritur,
238 1379 278 1436 sed
297 1379 330 1435 de
353 1377 478 1435 decretis
500 1387 530 1434 et
551 1379 719 1449 sententiis3
742 1389 772 1435 et
793 1381 951 1436 utebantur
968 1369 1106 1454 Epic‘urei

86 1465 134 1521 hoc
152 1463 230 1521 colore
248 1463 362 1520 menime
385 1464 415 1520 iu
437 1463 567 1520 amicitia
589 1464 661 1540 (rid.
684 1465 709 1536 1,
723 1459 786 1544 69),
810 1465 1107 1540 uteumavoluptate

84 1561 108 1606 ct
130 1549 235 1606 utilitate
253 1561 336 1606 ortam
364 1557 467 1624 postea
495 1550 705 1606 consuetudine
732 1550 789 1607 coli
817 1550 880 1607 sine
902 1550 1039 1607 utilitatis
1060 1568 1109 1607 ro-

80 1636 149 1692 lione
169 1635 284 1692 dicerent.
324 1633 417 1693 Gzius
440 1634 512 1691 hacc
534 1654 571 1692 ex
593 1635 804 1710 Epicureorum
828 1636 972 1693 sententie
989 1635 1045 1693 dici
1058 1655 1109 1692 ne·

76 1731 122 1798 got
137 1729 162 1776 et
173 1739 262 1796 „saepe
273 1739 287 1777 u
298 1721 439 1778 Cicerone
459 1731 560 1778 contra
580 1721 741 1796 Epicureos
758 1721 909 1778 adhiberi“
939 1721 1107 1779 Ernestium

72 1807 162 1875 ‹locet3
182 1824 238 1862 nom
258 1825 289 1862 nc
309 1805 382 1862 illud
404 1805 521 1880 quidem
545 1825 581 1862 cx
599 1807 644 1864 his
656 1807 738 1864 libris
750 1807 900 1874 didicerat
923 1807 1110 1882 contrsEpi·

70 1911 163 1948 curum
187 1891 327 1967 disputari,
361 1901 467 1948 notura
498 1891 631 1948 homines
659 1892 696 1948 ad
724 1893 845 1950 honeste
873 1893 1017 1969 ogendm
1046 1894 1108 1950 sine

65 1977 155 2053 pretio
174 1977 285 2052 impelii,
308 1977 527 2034 consuetudinis
548 1977 600 2034 illo
614 1977 748 2054 perfugio
770 1978 850 2053 ipsos
872 1978 1033 2053 Epicureos
1056 1979 1109 2034 uti.

63 2065 93 2122 Si
117 2062 287 2120 indicativum
307 2063 412 2122 Cicero
435 2063 543 2138 posuit,
565 2062 754 2139 neglegenter
765 2064 854 2121 vitsm
868 2075 897 2120 et
909 2063 1026 2120 decreta
1038 2063 1108 2140 Epi·

61 2167 204 2206 cureorum
224 2148 402 2224 permutavit.
420 2146 475 2226 [Ei
496 2148 584 2205 ctiam
607 2147 658 2226 B.]

137 2235 241 2290 alterum
261 2232 325 2309 rem)
360 2233 583 2292 substantivum
605 2233 635 2290 in
658 2234 809 2291 codicibus
831 2234 942 2290 excidit
963 2243 1030 2310 post
1052 2235 1111 2310 syl-

56 2321 148 2376 labam
161 2319 345 2388 simillimom;
367 2319 398 2376 id
410 2318 503 2378 Gzius
514 2318 636 2390 addidit,
649 2319 705 2376 Th.
717 2319 845 2377 Bentleii
857 2319 1054 2378 coniecturam
1067 2339 1113 2376 se-

55 2423 155 2480 queus;
186 2404 316 2462 Bromius
338 2415 446 2480 portem
469 2404 537 2462 eddi
560 2405 688 2462 malebat
715 2405 762 2482 (ut
783 2423 873 2480 supro
891 2407 1044 2480 particulae
1066 2405 1110 2462 di-

55 2487 175 2569 ·untur),
203 2491 279 2564 quod
300 2509 358 2546 non
382 2503 443 2548 tom
464 2490 552 2548 facile
575 2491 710 2548 excidere
733 2499 858 2567 poterat.
903 2489 989 2565 Quod
1011 2501 1109 2548 euntem

55 2576 177 2634 ilotziue
200 2571 344 2656 (Quaestt.
363 2576 442 2633 Tull.
460 2596 488 2652 p.
507 2575 561 2650 80)
583 2577 715 2634 codicum
740 2577 914 2652 scripturam
937 2576 979 2634 sic
1001 2585 1110 2640 tuetur,

55 2671 66 2718 t
92 2660 264 2720 Ciceronem
286 2661 412 2738 primum
436 2681 517 2718 onom
539 2663 660 2736 aliquorum
686 2672 734 2719 out
761 2665 873 2719 alterum
895 2662 1028 2738 posuisse
1051 2672 1111 2719 sto-

56 2759 115 2817 uat,
136 2756 286 2821 tamquam
304 2747 489 2804 subiecturus
508 2757 586 2804 esset
602 2768 690 2804 enerues
702 2758 808 2804 nostroe
826 2751 940 2805 rationes
953 2757 1004 2804 out
1015 2747 1111 2805 simile

57 2832 155 2906 iqnid,
178 2833 285 2890 deinde
308 2831 471 2890 orationem
493 2841 638 2902 mutasse,
672 2833 702 2890 id
724 2833 755 2890 in
777 2833 944 2891 huiusmodi
967 2833 1110 2905 oratione,

55 2920 111 2975 >ius
136 2937 176 2974 ex
199 2918 304 2993 paucis
334 2927 365 2975 et
392 2936 449 2975 non
477 2919 649 2994 interruptis
684 2919 781 2976 verbis
809 2919 970 2976 constantis
996 2919 1111 2992 reliquo

55 3022 121 3060 runa
157 3003 388 3080 diligentissime
411 3013 545 3062 servatur
579 3005 644 3082 (neon
666 3039 718 3074 —‚
746 3007 794 3062 scd
822 3039 863 3046 -
892 3003 1111 3084 transtulerunt),

55 3107 146 3147 orsus
169 3089 389 3146 incredibiliter
410 3089 538 3166 fingitur.

102 3195 182 3250 quae
193 3175 340 3250 repertum)
362 3175 495 3245 Verbum
506 3173 634 3232 maxime
647 3193 800 3232 commune
812 3175 919 3250 posuit,
943 3174 1030 3248 quod,
1044 3193 1109 3232 cum

56 3280 92 3317 cs
120 3261 279 3316 nominati
303 3271 416 3331 essent,
450 3279 542 3336 genus
565 3260 699 3336 cupiendi
722 3261 793 3318 sotis
814 3260 1048 3336 intellegeretur,
1077 3269 1110 3317 ut

55 3365 108 3420 que
148 3349 355 3422 cumpace-unt
387 3364 482 3420 neque
510 3346 653 3403 eiusmodi
686 3345 766 3402 aliud
794 3365 903 3421 ponere
926 3365 1000 3420 opus
1023 3355 1110 3402 esset.

55 3451 101 3488 ·es
129 3439 242 3488 autern
269 3449 326 3488 cur
347 3431 403 3489 hoc
426 3432 512 3489 modo
535 3449 640 3506 cupere
663 3431 720 3489 diei
743 3439 899 3506 nequeant,
923 3429 1108 3506 quaeluren-

57 3564 58 3576 ,
103 3535 181 3574 curn
215 3525 249 3573 et
281 3518 424 3593 praedem
452 3527 632 3594 oucnnpantes
659 3517 810 3593 capiamus
839 3527 869 3574 et
899 3517 994 3593 spolia
1016 3518 1109 3574 caesis

55 3603 156 3672 ibus,
185 3603 312 3660 nescio.
357 3603 463 3678 Itaque
486 3603 548 3661 sine
571 3603 633 3660 ullo
655 3621 744 3660 causo
766 3603 952 3660 consentiens
975 3603 1108 3661 codicunn

55 3697 156 3746 stura
183 3688 394 3760 sollicitatum
417 3707 485 3745 nom
507 3689 585 3762 quod
607 3689 637 3744 in
661 3707 719 3745 uno
741 3688 793 3746 illo
805 3689 914 3746 nullius
926 3689 1111 3746 auctoritatis

55 3793 106 3846 ce,
138 3793 156 3830 e
185 3791 257 3848 quo
286 3774 379 3832 editio
398 3773 493 3851 primo
515 3775 668 3846 duetaest,
691 3775 814 3830 verbum
826 3776 950 3832 obscure
967 3775 1108 3849 scriptum

55 3871 112 3916 tur
140 3858 268 3930 fuisse,
297 3879 420 3936 prorsus
443 3859 657 3936 neglegendum
679 3869 733 3917 est.
766 3860 900 3917 Muretus
912 3869 1009 3916 tumen
1022 3861 1109 3918 Vorr.

55 3959 76 4002 t.
109 3946 182 4014 lx,
204 3946 251 4002 19
283 3954 403 4016 narrat,
437 3946 467 4002 in
499 3945 650 4002 veteribus
678 3945 762 4001 libris
784 3941 918 4024 (vereor,
953 3963 989 4001 ne
1023 3945 1110 4002 nimis

55 4031 211 4105 puniceis)
242 4049 283 4088 se
307 4031 475 4106 repperisse
497 4033 655 4106 clepserint,
678 4031 1109 4106 quodLallemsndusrecepit‚

57 4119 119 4173 ius
148 4125 297 4185 autern,
335 4117 459 4174 Douisio
487 4127 516 4174 et
542 4118 713 4174 Hermanno
740 4115 864 4197 (Opusc.
888 4117 936 4174 111
948 4117 1049 4192 putu
1074 4117 1109 4172 de

55 4203 131 4279 tyri
162 4203 377 4273 Philocteta,
402 4203 467 4259 coll.
481 4203 538 4260 vol.
548 4203 595 4260 IV
613 4222 640 4278 p.
660 4200 735 4276 269)
758 4202 941 4273 auctoribus,
976 4205 1110 4277 cleperent

55 4290 106 4345 it.
168 4288 351 4362 Equidem
374 4289 500 4364 primum
522 4288 656 4345 nonnihil
677 4287 782 4356 miror,
806 4289 952 4362 quomodo
975 4288 1031 4345 sibi
1055 4289 1109 4344 viri

56 4375 341 4450 persuaserint,
365 4373 537 4433 Ciceronem
560 4375 590 4432 in
613 4373 846 4450 prosuoratione
871 4375 1033 4430 idverbum
1057 4394 1109 4450 po-
