3018 5052
323 389 387 456 428
718 409 761 456 nu
785 409 915 458 rrnrnus
938 411 1009 456 eon.

324 577 413 642 bonis
436 597 505 643 esse
527 579 700 660 ponendas;
723 587 764 658 at
788 579 815 644 si
837 579 993 660 sapientia
1015 580 1129 644 bonum
1152 580 1201 658 sit
1223 597 1285 644 non
1304 580 1402 661 sequi,

323 685 359 743 ut
381 680 474 745 etiem
496 679 622 746 divinus
644 681 758 746 bonrum
781 699 851 746 esse
872 682 1020 748 dicemus,
1063 681 1174 763 Neque
1201 682 1241 746 ab
1268 681 1332 746 ullu
1359 699 1403 758 re,

324 800 405 863 quoe
427 801 488 848 non
512 783 554 848 sit
574 784 605 848 in
629 783 731 862 bouis,
753 783 802 864 iu,
825 785 908 866 quod
931 785 972 850 sit
993 785 1024 849 in
1048 784 1151 863 bonis,
1173 784 1324 850 contineri
1346 803 1402 864 po·

322 892 400 964 -test3
423 885 462 949 ob
484 903 615 968 eamque
633 904 768 963 causum,
791 887 864 968 qiua
881 887 1073 968 cognitiones
1090 886 1404 969 comprensionesque

285 992 437 1067 onerum,
460 988 611 1070 equibus
634 987 810 1053 efficiuntur
826 997 920 1068 artes,
943 989 1167 1071 appetitionem
1177 995 1311 1066 movent,
1334 1007 1403 1052 cum

397 1215 415 1259 Ι.
435 1217 478 1260 out
494 1210 519 1259 ei
548 1207 723 1277 urthJLPntu
774 1210 880 1274 requr'tur
898 1211 942 1262 Lc
995 1217 1017 1262 2.
1037 1211 1167 1262 antdicte
1190 1211 1212 1260 Ε
1282 1227 1324 1260 nx
1343 1210 1403 1270 (ΡιΟ

324 1285 346 1330 3.
370 1278 404 1346 [in
422 1279 488 1330 nodis
508 1281 530 1328 Α
581 1278 607 1328 id
623 1296 672 1343 qua
688 1279 720 1328 eit
739 1281 757 1328 F.
796 1277 857 1346 [l'ro
876 1279 901 1328 id
918 1297 970 1343 qa.
989 1283 1014 1330 in
1032 1281 1097 1330 bonus
1116 1283 1138 1330 A
1159 1279 1226 1330 nullu
1242 1296 1285 1328 are
1299 1277 1399 1344 diociis]

323 1356 345 1395 4,
366 1347 520 1414 copulationes
539 1347 633 1398 utica
701 1348 891 1412 corrrpreueioncu
909 1365 957 1398 our.
979 1349 996 1398 F.
1016 1355 1148 1414 (nonque)
1220 1353 1241 1397 5.
1261 1347 1296 1396 od
1309 1348 1404 1413 petitio·

324 1435 374 1466 nem
393 1417 414 1466 Ρ
433 1415 468 1466 ud
485 1416 639 1482 appetitiones
659 1417 755 1466 Lnlcu
774 1417 930 1482 appetitiones
949 1417 991 1466 Or.

324 1645 401 1700 'l'um
424 1661 508 1716 neque
528 1643 564 1699 ob
586 1641 654 1719 (pro
676 1662 723 1700 nec
745 1639 794 1720 oh)
816 1643 893 1700 Der.
915 1644 1020 1711 tacite,
1044 1639 1103 1712 Εξ,
1132 1641 1226 1700 Gzius
1249 1659 1286 1698 ex
1309 1643 1403 1698 onmi-

323 1729 378 1786 bus
401 1727 471 1786 suis.
520 1729 654 1786 Contincrr'
675 1739 765 1804 potect
792 1727 867 1787 Ceto
902 1730 974 1786 mire
1002 1729 1101 1786 subito
1129 1747 1166 1784 ex
1195 1745 1248 1784 sne
1276 1746 1404 1803 persono

323 1815 404 1882 dicit,
428 1831 493 1872 cum
517 1815 547 1872 in
570 1815 718 1872 sententie
740 1814 865 1872 relativa
888 1811 943 1894 (io,
966 1815 1041 1888 quod
1062 1817 1097 1871 sit
1118 1810 1248 1892 inbonis)
1272 1813 1314 1870 sic
1332 1831 1402 1870 con-

323 1900 454 1958 iunctiro
477 1919 549 1958 usus
571 1909 664 1970 esset,
692 1909 843 1974 tamqnam
866 1919 903 1958 ex
926 1901 1024 1957 aliene
1046 1900 1170 1974 loquens
1192 1896 1316 1976 (posse);
1350 1898 1405 1956 cir.

326 1987 373 2042 17.
418 1986 444 2043 Ε
467 1986 614 2044 contrario
636 2005 744 2062 genere
772 1995 840 2042 ente
869 2005 979 2062 peucos
1009 2003 1111 2042 versus
1140 1994 1204 2042 eret
1225 1984 1405 2041 indicativus

321 2091 375 2148 pro
399 2071 587 2129 coniunctiro
609 2072 639 2128 in
663 2071 836 2128 secundario
852 2072 999 2130 sententie
1020 2081 1154 2129 servatus
1176 2068 1278 2148 (potest
1300 2081 1332 2128 et
1354 2091 1405 2127 non

320 2167 431 2233 potest.

407 2155 852 2324 dopnr'tioroescompreueioneeque)
875 2241 925 2301 Sic
947 2241 1041 2300 Pell
1072 2242 1299 2316 restitueruntque
1315 2241 1405 2298 Lum-
1437 2297 1441 2304 ,

322 2329 409 2386 binus
426 2329 487 2388 suis
507 2328 591 2386 libris
603 2327 846 2398 reclamantibum
869 2329 1045 2386 confirmant
1065 2329 1122 2398 El„
1146 2339 1205 2385 tres
1217 2327 1323 2402 optimi
1334 2325 1404 2386 Gzii

322 2410 392 2495 [B];
415 2415 474 2472 vid.
498 2419 512 2484 ξ
539 2416 591 2484 17;
615 2415 704 2472 etium
721 2415 794 2490 Uro
817 2417 1003 2488 copiton'ones3
1025 2415 1057 2471 iu
1075 2409 1117 2484 Εξ
1139 2415 1212 2470 hoec
1230 2411 1349 2486 xomniu:
1372 2414 1404 2470 ob

321 2493 432 2576 eumque
443 2519 554 2558 consum
566 2533 607 2542 -
619 2503 747 2558 contineri
752 2510 841 2575 potest
863 2500 1036 2558 exciderant
1046 2509 1168 2576 propter
1184 2498 1301 2556 easdem
1315 2517 1405 2557 voces

321 2585 367 2643 bis
389 2586 510 2662 positus.
555 2587 591 2643 In
614 2605 672 2662 mg.
695 2585 776 2645 Cret.
800 2594 959 2644 annotetur
981 2583 1030 2664 [ut
1050 2605 1088 2643 ex
1105 2583 1165 2663 A]:
1193 2586 1268 2640 noello
1290 2605 1339 2641 ors
1361 2587 1405 2642 di·

322 2675 401 2729 oc'tiie.
423 2671 627 2731 Aberraveret
643 2671 741 2730 scribe
763 2672 802 2729 ad
817 2671 910 2728 rerba
932 2672 1026 2729 tribus
1043 2671 1178 2729 versibus
1200 2667 1279 2727 infre
1294 2671 1403 2747 posite.

407 2761 594 2834 oppetitionem
621 2755 737 2835 moveret)
782 2759 829 2814 Ad
861 2761 1035 2833 appetitiones
1071 2757 1160 2814 etiem
1188 2756 1235 2813 El.
1268 2765 1404 2830 uterque,

321 2843 430 2912 Meed.‚
453 2853 516 2900 tum
538 2856 581 2914 ψ,
616 2843 681 2900 edd.
709 2853 824 2900 veteres
846 2843 1005 2919 pleraeque
1038 2840 1157 2922 (vict).
1200 2842 1404 2918 Praepositio-

320 2947 388 2986 nem
411 2927 491 2989 Cret.
520 2936 550 2986 et
576 2929 729 2988 Manutius
756 2929 937 2986 deleverunt.
982 2927 1090 3006 (Gnins
1120 2929 1156 2985 de
1183 2927 1404 3004 praepositione

321 3015 422 3073 addite
443 3015 589 3072 omissave
616 3015 690 3072 nihil
718 3011 813 3094 uicis)
862 3014 1049 3091 Singulorem
1077 3033 1231 3072 numerum
1254 3011 1404 3072 Gruterus

320 3101 410 3159 tacite
432 3101 532 3176 posuit
549 3097 673 3181 [exA];
703 3119 769 3158 enm
798 3101 972 3158 confirment
994 3101 1083 3159 etiem
1113 3097 1258 3178 Spir.[B]
1282 3107 1311 3156 et
1333 3099 1404 3158 Bos.

320 3187 438 3245 Marsus
454 3190 493 3244 ud
508 3189 703 3262 oppetitionem.
740 3187 809 3244 Non
832 3186 1024 3263 significetur,
1047 3205 1130 3245 suern
1154 3203 1300 3260 quemque
1323 3203 1405 3243 corn·

321 3273 544 3348 prehensionem
579 3272 792 3349 appetitionem
820 3291 953 3344 movere,
993 3274 1044 3331 sed
1072 3273 1210 3330 universe
1238 3270 1314 3328 hene
1342 3271 1403 3328 rim

320 3357 439 3434 hebere,
462 3367 495 3416 ut
506 3358 664 3434 appetendi
683 3367 793 3416 rnotum
823 3347 889 3433 (τὴν
907 3346 1015 3435 ὁρμήν)
1044 3359 1155 3426 ciennt;
1189 3356 1242 3414 cfr.
1264 3357 1311 3414 IV
1318 3398 1326 3426 ‚
1351 3359 1403 3426 48,

319 3444 414 3502 Acad.
437 3446 478 3509 ΙΙ,
503 3445 551 3500 24.
596 3446 814 3520 Argumentum
838 3443 880 3500 sic
903 3444 1102 3516 concluditur,
1125 3443 1196 3518 quie
1217 3443 1403 3520 cognitiones

320 3530 655 3606 comprehensionesque
678 3529 890 3606 oppetitionem
915 3541 1066 3600 moveant,
1101 3538 1134 3588 ut
1160 3529 1191 3585 in
1219 3529 1304 3585 bonis
1333 3529 1404 3598 sint,

320 3615 387 3673 ideo
415 3634 473 3674 non
503 3633 589 3691 posse
613 3613 757 3673 contineri
781 3613 902 3672 divitiis.
945 3617 1055 3692 Atqui,
1090 3633 1165 3690 quse
1188 3613 1403 3690 appetitionem

306 3701 483 3758 'netur-elem
508 3711 641 3766 movent,
677 3719 713 3758 ee
739 3719 798 3759 non
826 3701 966 3758 contiuuo
989 3703 1171 3771 bonosum,
1207 3699 1258 3758 sed
1287 3709 1403 3757 tuntum

320 3787 350 3844 in
374 3787 476 3863 primis
498 3795 631 3858 natiuae,
656 3787 685 3844 in
709 3787 816 3862 quibus
840 3788 907 3857 §17
926 3772 1112 3862 καταλήψεις
1124 3787 1311 3862 ponebantur
1334 3785 1403 3862 (cfr.

320 3873 403 3932 Stob.
426 3873 489 3930 Ecl.
513 3872 581 3929 Eth.
604 3891 632 3948 p.
660 3873 719 3930 148
742 3868 806 3954 Η.).
858 3873 963 3945 Itaque
992 3872 1142 3930 conclusio
1170 3872 1257 3928 uelde
1285 3871 1404 3928 infirme

319 3970 379 4028 cst3
413 3977 468 4016 uec
494 3959 559 4034 ipse
581 3959 732 4035 Diogenes
763 3959 890 4016 confisus
922 3977 957 4014 en
985 3977 1049 4016 esse
1072 3957 1190 4015 ridetur
1212 3956 1301 4034 (quod
1322 3961 1348 4014 si
1370 3961 1405 4014 cle

319 4046 424 4101 ortibus
446 4046 631 4114 concedamus,
655 4063 705 4102 ees
729 4043 841 4102 divitiis
864 4042 1032 4118 contineri).
1062 4045 1140 4102 Nem
1163 4043 1228 4106 etsi.
1252 4062 1317 4102 cum
1342 4043 1404 4100 dis-

319 4131 429 4188 crimen
458 4130 599 4206 sepieutis
627 4139 657 4186 et
684 4130 851 4206 insipientis
879 4129 972 4189 Stoici
999 4130 1146 4187 rhetorice
1176 4141 1404 4206 exaggerarent,

318 4203 418 4272 πάντα
441 4207 555 4290 ἀγνοεῖν
576 4205 629 4272 τὸν
651 4211 767 4289 φαῦλον
790 4215 924 4272 docuisse
946 4225 1105 4272 narrentur
1121 4215 1219 4295 (Sext.
1236 4215 1322 4290 Emp.
1335 4215 1405 4273 adv.

318 4300 412 4358 Math.
435 4301 512 4369 Vll,
536 4299 614 4379 434)
647 4311 678 4358 et
710 4311 790 4358 artes
823 4301 962 4376 ipsusque
989 4289 1175 4376 καταλήψεις
1208 4301 1237 4358 in
1267 4301 1411 4376 sapiente.

318 4385 407 4443 etiarn
436 4386 514 4446 bonu
541 4405 605 4444 esse
634 4386 764 4445 voluisse
792 4383 886 4468 (Plnt.
914 4387 981 4444 adv.
1004 4386 1121 4447 Stoicos
1145 4389 1162 4445 7
1186 4405 1215 4464 p.
1247 4387 1326 4445 1061
1352 4387 1404 4462 C),
