2998 5020
355 401 417 464 oca
744 421 788 466 na
811 419 940 466 nmmos
963 419 1033 466 nou.

354 605 424 652 esse
434 587 634 666 moriendum,
656 595 760 654 tamen
772 589 912 654 discessu
929 589 1024 654 asnis
1035 597 1129 670 atque
1140 590 1210 670 ipsa
1222 587 1412 668 relinquenda

353 690 423 754 luce
443 693 624 754 moveatur?
646 691 779 756 Maxime
801 699 905 755 autem
927 691 957 754 iu
980 689 1172 770 hocquidem
1188 691 1359 772 generaris
1373 699 1411 752 est

354 790 519 871 perspicua
540 800 678 870 naturae,
701 811 770 857 curn
793 799 824 858 et
847 793 1074 858 mendicitatem
1096 793 1184 856 multi
1202 791 1411 873 perpetiantur.

354 901 390 957 ut
410 893 523 972 dunat,
545 901 577 958 et
597 901 751 976 angantur
773 894 1074 976 appropinquatione
1095 895 1203 958 mortis
1222 893 1351 958 conlecti
1366 893 1411 956 ho·

316 997 336 1061 5
354 995 451 1060 mines
474 1005 631 1060 senectute
653 1005 685 1060 et
707 995 933 1077 deperierant,
956 1015 1036 1076 quae
1058 995 1260 1060 Philoctetam
1282 995 1410 1059 videmus

353 1097 383 1161 in
407 1097 532 1176 fabulis;
554 1099 606 1180 qui
628 1117 695 1164 omn
719 1097 909 1163 cruciaretur
930 1117 992 1161 non
1014 1097 1149 1164 lerendis
1160 1097 1327 1174 doloribus,
1348 1116 1410 1178 pru

398 1303 532 1438 t{melium
550 1303 719 1353 mmdsbdatcm
738 1304 757 1352 E
802 1309 824 1354 4.
844 1311 918 1368 cpont
935 1301 971 1352 ad
986 1302 1202 1368 apropinquact'ona
1223 1302 1241 1350 Ε
1289 1307 1311 1352 5.
1333 1299 1408 1368 [peph-

352 1388 397 1420 ran
436 1401 443 1420 ι

352 1565 417 1637 quin
428 1571 496 1638 post
507 1564 598 1620 verba
608 1563 746 1639 negativa
758 1561 891 1638 negando
913 1563 943 1618 in
961 1563 1139 1618 contrarium
1151 1579 1247 1631 versa,
1270 1561 1354 1618 etiam
1368 1558 1407 1613 ubi

352 1649 483 1705 infinitae
506 1648 632 1704 orationi
654 1648 790 1724 proprius
812 1648 894 1704 locus
917 1658 989 1714 erat,
1012 1657 1045 1704 ut
1067 1657 1133 1722 post
1156 1648 1207 1703 has
1230 1645 1338 1703 forinas
1353 1661 1407 1700 ora·

353 1734 455 1791 tionis:
478 1737 538 1808 quia
560 1737 684 1806 ipsoram
706 1737 799 1807 luepori
818 1753 870 1790 non
888 1743 985 1807 polest,
1009 1753 1060 1788 non
1081 1753 1122 1788 nte
1137 1735 1215 1806 follit
1237 1737 1250 1809 (
1251 1733 1345 1808 sapit),
1366 1749 1406 1784 ato

352 1821 517 1892 collatitiae,
550 1821 718 1875 dissimulata
744 1839 795 1876 uon
814 1829 915 1893 potest,
950 1839 1000 1874 riou
1030 1829 1069 1875 est
1099 1818 1254 1886 obscurum
1288 1813 1407 1889 exempla

352 1924 368 1960 a
390 1903 542 1975 Cicerone,
560 1903 697 1974 Caesare,
710 1904 903 1977 Quintiliano,
929 1903 1029 1962 Gellio
1041 1903 1160 1979 collegit
1171 1903 1244 1962 Otto
1256 1902 1293 1958 ad
1304 1902 1352 1961 IV.
1364 1900 1406 1954 δ’).

352 1990 438 2063 Quod
461 1990 539 2065 apud
562 1989 703 2048 Senecam
726 1990 834 2066 legitur
855 1990 891 2046 de
914 1988 1017 2046 Benef.
1030 1989 1084 2059 VI,
1105 1990 1132 2058 7,
1152 1990 1185 2044 2:
1213 1993 1279 2063 puin
1300 2007 1343 2042 nos
1362 2003 1407 2040 uoti

351 2078 454 2150 oblipct,
477 2079 646 2149 mundiarios
668 2085 720 2143 ost,
744 2075 786 2132 sic
808 2075 915 2150 eoepit,
939 2075 1022 2148 quasi
1046 2074 1230 2132 subiecturus
1253 2083 1340 2130 esset:
1363 2091 1405 2124 riori

351 2172 390 2218 est
412 2162 535 2230 decbium3
558 2161 718 2235 eademque
736 2161 850 2219 ratione
867 2160 986 2236 ponitur
1008 2179 1059 2216 uon
1071 2163 1211 2234 qrmeritur
1233 2159 1310 2234 apud
1321 2155 1406 2230 Quint.

352 2247 406 2315 IV,
418 2249 448 2316 4,
462 2248 489 2301 4.
533 2246 631 2315 Addo,
654 2247 733 2321 apud
755 2246 894 2305 Ovidium
917 2246 1007 2303 Trist.
1024 2246 1063 2315 V,
1084 2249 1111 2314 6,
1133 2247 1171 2302 27
1195 2265 1250 2321 pro
1273 2264 1321 2315 eo,
1341 2239 1406 2316 qued
1477 2259 1478 2264 ’

352 2333 466 2388 soloece
489 2331 640 2388 scribitur:
664 2332 721 2388 Nec
739 2335 837 2406 proceri
858 2352 876 2386 o
897 2351 959 2388 vero
981 2341 1033 2391 est.
1062 2333 1136 2405 qruul
1157 2333 1197 2388 uel
1214 2333 1332 2406 pallam-d
1351 2329 1405 2382 osid-

351 2438 424 2482 cum,
452 2417 637 2474 scribendum
661 2436 725 2474 esse
748 2436 813 2474 cnm
836 2417 930 2474 tribus
952 2416 1030 2492 apud
1053 2415 1228 2473 Merkelium
1258 2413 1404 2472 codicibus:

351 2505 416 2578 quin
438 2505 479 2559 vel
496 2505 623 2577 pulsarit.
668 2503 769 2578 (Quod
791 2503 939 2559 soloecum
961 2503 1086 2558 alterum
1109 2501 1187 2568 dixi,
1217 2521 1282 2558 eam
1304 2515 1403 2557 caumas

351 2588 397 2663 egi
419 2588 449 2644 in
461 2588 722 2645 Admonitionibus
740 2588 776 2644 de
794 2588 866 2644 locis
883 2587 962 2661 quib.
980 2605 1101 2664 gramm.
1114 2587 1189 2656 Lat,
1202 2586 1311 2662 Opusc.
1326 2579 1403 2642 Acad-

350 2675 422 2748 Hp.
437 2674 496 2729 232
510 2673 588 2752 sqq.)
633 2674 673 2732 Ut
695 2673 733 2729 ad
755 2673 927 2731 Ciceronem
950 2672 1082 2742 redeam,
1111 2673 1187 2728 male
1210 2671 1304 2730 Gzins
1324 2681 1350 2726 et
1368 2685 1404 2723 re·

351 2758 506 2827 cautiores,
529 2759 622 2816 eiecta
644 2778 715 2815 vara
737 2759 896 2833 scriptura,
919 2777 1007 2832 quam
1031 2758 1118 2814 habet
1141 2757 1230 2814 etiarn
1249 2751 1339 2838 [Bet]
1358 2771 1403 2826 mg.

351 2845 442 2914 Crat,
464 2863 529 2900 eam
552 2844 645 2900 secuti
667 2853 759 2914 erent,
783 2863 857 2918 quaa
880 2863 918 2900 ex
930 2844 975 2900 ed.
988 2845 1014 2900 lt
1025 2843 1054 2900 in
1067 2843 1141 2899 alias
1152 2843 1295 2918 quasdam
1307 2841 1403 2918 (llus.

351 2927 445 3004 Crat.)
468 2937 631 3004 propagata
653 2939 712 2998 est,
736 2949 773 2986 ex
796 2949 854 3003 (pua
876 2928 1003 2985 absurda
1026 2929 1171 2985 sententia
1193 2928 1327 2998 eflicitur,
1347 2925 1403 2980 item

351 3016 387 3072 de
404 3015 537 3090 sapiente
553 3014 726 3086 existimari,
749 3014 992 3089 quemadmodum
1017 3014 1052 3070 de
1075 3013 1238 3070 infantibus
1261 3025 1290 3070 et
1310 3010 1379 3069 feria
1475 3053 1476 3066 .

434 3101 605 3175 propopohat
626 3111 713 3157 torrear
734 3103 816 3156 ultum
838 3095 966 3179 eusimio)
990 3097 1039 3158 Sic
1061 3099 1122 3156 Erl.
1146 3100 1299 3174 perspicua
1315 3087 1403 3178 [etBl

350 3205 404 3242 nec
427 3186 529 3243 dubito
552 3186 588 3242 da
611 3185 689 3260 Spir.
734 3185 812 3242 Miro
834 3204 942 3255 errore,
966 3185 1018 3242 sed
1040 3195 1204 3241 ceterorum
1229 3184 1316 3242 simili
1328 3179 1404 3241 Gaius

350 3273 380 3330 in
403 3280 528 3346 utroque
544 3281 645 3328 hamat
661 3291 725 3328 esse
743 3275 857 3345 discupio
867 3275 956 3344 J'eras.
986 3271 1155 3327 Deteriores
1173 3271 1289 3326 codices
1311 3279 1336 3325 et
1355 3263 1404 3320 edi·

350 3359 459 3415 tiones:
482 3360 596 3431 discupio
607 3361 775 3431 supinarum,
799 3357 878 3431 quod
895 3357 965 3429 quid
982 3365 1068 3424 esset,
1086 3355 1229 3413 Davisius
1246 3375 1278 3412 sc
1289 3355 1404 3430 ignorare

349 3443 507 3501 fatebatur.
530 3443 558 3499 N
560 3461 606 3498 nm
619 3443 645 3499 si
657 3443 735 3516 quod
746 3452 791 3498 est
802 3442 974 3518 sagittarum
987 3441 1154 3516 aucupium,
1173 3441 1202 3497 id
1215 3437 1351 3498 eiusmodi
1362 3445 1403 3490 est

350 3540 383 3585 ut
405 3528 527 3604 sagittas
550 3547 655 3604 capere
678 3527 856 3591 studeamus,
880 3527 1026 3601 quomodo
1038 3529 1176 3583 vernorum
1188 3530 1305 3602 aucupia
1320 3524 1404 3580 dicun·

350 3625 407 3681 tur,
431 3633 496 3670 cum
519 3613 610 3670 verba
632 3631 820 3687 aucupamur,
844 3623 874 3669 et
895 3615 1083 3673 delectationis.
1107 3629 1173 3668 cirin
1191 3611 1403 3668 delectationem.

351 3699 419 3758 Sais
441 3707 539 3756 autem
562 3699 660 3755 verbis
682 3697 820 3773 (quorum
843 3698 952 3755 sithilia
974 3697 1111 3773 leguntur
1133 3698 1169 3754 de
1191 3697 1256 3754 Inv.
1274 3698 1298 3768 I,
1317 3696 1346 3750 2:
1365 3689 1405 3746 ab
1473 3753 1474 3768 ,

352 3789 420 3842 uictu
437 3787 500 3858 sero
523 3788 604 3840 vitam
624 3780 828 3864 propapcbout)
851 3783 956 3842 Cicero
973 3782 1323 3858 universeeasignilicat,
1344 3791 1404 3851 quoe

351 3871 429 3946 apud
452 3869 568 3927 Attium
592 3869 715 3945 poeticis
738 3869 885 3926 coloribus
907 3869 988 3944 picta
1004 3877 1096 3936 erant,
1120 3868 1226 3924 deinde
1250 3869 1313 3944 ipsa
1332 3877 1406 3938 quac·

350 3957 417 4012 dam
440 3955 517 4012 Attii
540 3956 631 4011 verba
653 3965 738 4012 acute
760 3955 940 4024 dictaaddit,
963 3964 996 4011 ut
1008 3963 1158 4030 appareat,
1182 3971 1301 4027 operam
1317 3949 1405 4007 lusisse

351 4041 390 4100 G.
414 4042 630 4110 Hermannnm,
654 4059 720 4098 cum
742 4038 866 4118 (Opusc.
884 4041 979 4098 Acad.
996 4040 1045 4097 III
1062 4059 1089 4114 p.
1107 4039 1192 4110 ¹121,
1227 4039 1263 4095 de
1284 4029 1405 4107 Aeschyli

351 4125 532 4203 Philocteta)
554 4145 570 4183 e
593 4135 732 4202 corrupta
753 4127 926 4200 praesertim
949 4125 1095 4200 scriptura
1117 4124 1194 4180 hunc
1222 4142 1336 4181 versum
1356 4117 1406 4174 effi·

351 4221 444 4267 caret:
485 4213 571 4268 l'r'tom
592 4216 751 4286 copularum
772 4215 886 4286 concupio
906 4214 1078 4286 propcpr'nct.
1121 4209 1200 4267 Attii
1228 4209 1305 4266 bunc
1324 4207 1405 4263 loom

352 4315 523 4371 expressum
545 4295 637 4354 finisse
659 4298 697 4354 ad
719 4317 819 4354 eorum
842 4295 1080 4366 similitudinem,
1111 4313 1186 4369 quae
1215 4296 1246 4352 in
1269 4287 1407 4368 Sophoclis

351 4381 478 4438 Philoct.
500 4401 528 4438 v.
544 4385 602 4439 164
625 4401 689 4457 sqq.
710 4383 857 4458 leguntur,
880 4380 1069 4438 manifestum
1091 4389 1144 4438 est.
