3000 5044
379 421 422 466 nr
446 421 527 466 usu.
549 419 612 465 tra.
635 420 668 466 tv
691 419 764 466 cte.
788 423 895 468 rt-as.
1118 401 1183 468 585

104 601 142 654 nt
163 590 208 654 ait
228 590 343 668 Attius,
366 589 539 654 malitiae
561 597 745 655 nataesunt
789 591 840 655 69.
864 589 955 666 Quod
966 589 1047 654 enim
1059 589 1183 669 sapien-

106 693 161 770 tia
183 685 294 773 pedem
316 691 369 756 ubi
390 697 531 772 poneret
552 709 614 758 non
625 690 760 756 habebat
770 690 900 756 sublatis
911 689 1020 755 officiis
1032 691 1183 770 omnibus,

106 793 207 860 officia
229 801 334 859 autem
354 793 544 858 tollebantur
565 793 686 859 delectu
708 793 792 858 omni
813 803 845 858 et
860 792 1036 858 discrimine
1055 799 1184 872 remota,

105 915 188 978 quac
209 915 280 962 esse
300 914 364 959 aaa
384 901 531 977 poterant
557 896 651 960 rebus
679 883 821 960 omnibus
850 895 895 960 sic
921 895 1115 976 exaequant,
1149 901 1185 960 ut

181 1073 201 1114 1.
224 1065 318 1134 [Actius
338 1065 383 1134 i‘b]
430 1066 521 1115 natiE
566 1065 699 1130 quidecim
718 1066 764 1118 CB
808 1072 830 1115 2.
851 1066 890 1114 ubi
902 1065 1025 1130 psdsmC
1076 1063 1185 1116 bubetO

107 1142 132 1188 4.
158 1153 220 1198 puae
238 1137 297 1184 aut'm
316 1152 367 1185 esse
390 1135 479 1198 (P)0r.
499 1151 561 1198 quae
578 1144 600 1184 et
618 1135 710 1184 ssaaE
762 1149 873 1184 nouom.
893 1149 992 1194 omnes,
1011 1131 1055 1184 Or.

109 1309 205 1366 moria
226 1308 400 1368 Ciceronem
422 1308 544 1380 fefellit,
567 1317 601 1366 nt
622 1308 711 1366 aliam
734 1308 865 1366 eiusdem
886 1307 1000 1366 formae
1022 1316 1053 1364 et
1074 1307 1184 1384 siguifi-

107 1395 233 1452 cationis
255 1395 454 1452 substitueret.
505 1395 584 1453 Nam
612 1395 660 1452 bic
687 1413 805 1470 quoque
832 1393 1004 1454 Ciceronem
1032 1393 1185 1469 scripsisse

107 1483 313 1555 namtdoquas,
335 1480 463 1538 inaniter
485 1479 578 1540 Gzius
601 1479 776 1556 suspicatur.

197 1566 246 1622 69.
273 1565 353 1634 utros
374 1569 441 1622 enirn
463 1563 609 1644 sapientia)
631 1565 783 1622 Manutius
800 1565 912 1641 primus
934 1565 1008 1640 qrtod
1030 1563 1148 1640 scripsit
1169 1583 1185 1621 a

108 1649 210 1708 Maffei
234 1651 310 1708 libro
329 1649 408 1727 (Pal.
420 1653 450 1722 4,
473 1651 567 1708 tribus
590 1651 709 1727 optimis
722 1650 800 1720 Gaii,
812 1645 881 1731 [B];
905 1651 941 1708 de
958 1649 1037 1710 Oxx.
1056 1647 1185 1726 tacetur)

107 1746 139 1793 et
159 1735 275 1812 periodi
297 1733 589 1808 formam‘rcstituit,
611 1746 700 1794 antea
720 1736 763 1794 sic
785 1735 968 1794 distractam:
1006 1734 1080 1804 Quia
1100 1737 1187 1792 euim!

108 1825 242 1898 sapienta
264 1854 305 1863 —
327 1823 462 1888 mambusr
484 1824 574 1896 officia
596 1830 664 1880 cett.

196 1927 267 1982 quae
289 1926 345 1965 esse
367 1927 419 1964 nou
436 1905 577 1986 paterere)
600 1908 675 1965 Tres
698 1915 766 1964 sunt
787 1906 985 1964 conclusionis
995 1906 1119 1983 gradnsz
1141 1904 1186 1964 oi·

109 1993 185 2050 ficiis
208 1993 341 2061 sublatis,
365 1993 511 2069 sapientia
532 1993 615 2050 nulla
636 2001 696 2063 ast;
729 1991 827 2050 officia
856 1992 1042 2063 nudassent,
1071 1991 1187 2048 delectu

112 2091 144 2136 et
165 2078 334 2136 discrimine
356 2091 484 2148 remot03
508 2079 638 2136 delectus
661 2087 691 2135 ct
712 2077 868 2135 discrimen
891 2095 955 2136 esse
978 2095 1036 2134 nou
1052 2085 1187 2152 possunt,

110 2165 248 2222 omnibus
269 2165 451 2238 exaequatis.
494 2165 530 2222 In
558 2163 659 2222 codice
681 2163 842 2239 archetypo
870 2163 1021 2220 exciderat
1042 2161 1189 2238 particula

113 2250 261 2326 negativa.
306 2250 410 2325 ltaque
432 2249 532 2307 nescio
555 2249 621 2324 quis
643 2248 739 2306 editor
761 2247 891 2326 (reperio
912 2248 971 2306 ianr
993 2247 1072 2324 apud
1095 2245 1186 2318 Crat,

108 2354 170 2392 non
193 2335 272 2410 apud
294 2332 388 2414 vict.)
410 2335 525 2393 eddidit
545 2339 613 2392 enim
636 2343 665 2391 et
686 2343 755 2411 post
775 2337 911 2392 interesset
919 2332 1122 2410 interrogandi
1134 2351 1186 2390 no·

107 2431 191 2478 tam:
214 2439 285 2495 puae
306 2423 375 2478 enim
396 2439 453 2478 esse
471 2431 606 2496 poteram,
628 2421 772 2478 rebus-
793 2421 947 2477 interesset?
968 2418 1188 2477 uthaccintar-
1213 2487 1218 2498 .

106 2506 227 2584 rogatio
250 2506 434 2582 parenthesis
456 2505 696 2564 loonmhaberet.
724 2505 1012 2574 Tenuaruntcatcri3
1034 2503 1186 2562 Manutius

109 2603 212 2650 tamen
235 2601 366 2661 annotat,
388 2597 457 2650 enine
478 2610 537 2650 non
559 2609 624 2649 esse
646 2593 675 2648 in
699 2589 886 2662 Maffeicod.‚
910 2588 1067 2661 Gruterus,
1083 2590 1187 2648 abesse

106 2697 126 2736 a
149 2677 218 2735 Pal.
241 2680 270 2748 4,
294 2695 380 2752 quem
403 2678 497 2735 solum
521 2689 730 2735 commemorat
750 2686 872 2752 propter
893 2678 968 2751 qaod
987 2676 1018 2733 in
1040 2675 1125 2733 initio
1137 2693 1188 2751 ps·

107 2763 204 2833 riodi‚
239 2762 381 2820 Davisius
403 2763 434 2821 in
457 2763 519 2821 suis
540 2782 599 2821 non
622 2781 687 2820 esse
713 2762 831 2838 scribit,
865 2759 945 2821 Oxx.
967 2761 1079 2819 nonin
1102 2756 1188 2836 Εξψς

107 2851 138 2906 in
165 2847 248 2906 nullo
270 2848 348 2905 enim
371 2849 490 2906 omnino
512 2859 584 2906 crat
628 2846 727 2910 Gaius¹
744 2857 842 2905 tamen
865 2847 929 2906 eius
950 2847 994 2905 rei
1016 2856 1047 2905 et
1068 2863 1187 2904 suornm

107 2934 247 2994 codicum
274 2933 384 2992 oblitus
411 2945 464 2992 est.
514 2933 645 2993 Orellius
672 2952 690 2990 a
717 2933 780 2991 solo
807 2933 942 2991 Victoria
970 2933 1067 2990 omitti
1094 2939 1189 3008 putat.

108 3021 152 3100 [B
177 3029 211 3076 nt
232 3017 309 3096 Eri]
354 3021 389 3077 In
417 3020 469 3078 illa
491 3020 721 3096 interrogatione
743 3019 870 3076 inaniter
892 3018 928 3076 de
950 3017 1056 3076 officiis
1079 3017 1130 3095 (ad
1153 3035 1189 3074 es

107 3106 191 3164 enim
215 3106 381 3163 necessario
403 3115 465 3163 tum
487 3105 615 3163 refertur
636 3101 720 3184 quus)
741 3104 837 3174 idem,
871 3104 951 3179 quod
978 3103 1088 3161 dictum
1111 3111 1185 3172 erat.¹

108 3211 166 3268 pro
190 3199 365 3266 argumento
386 3191 493 3248 iterum
514 3191 644 3267 ponitur,
667 3190 771 3248 tertius
794 3189 991 3248 conclusionis
1008 3187 1116 3266 gradus
1138 3187 1188 3244 de·

107 3278 268 3336 sideratur.
292 3274 354 3354 [De
365 3277 521 3353 negatione
532 3276 562 3333 in
575 3276 638 3334 cod.
650 3276 811 3352 archetypo
821 3275 932 3332 omissa
942 3273 995 3332 cfr.
1006 3275 1045 3332 ad
1055 3269 1188 3350 111,74.]

108 3365 189 3421 Post
208 3364 300 3435 afficta
321 3373 410 3420 autem
431 3363 494 3420 cod.
516 3362 573 3434 Et,
596 3356 640 3430 Εξ
661 3361 774 3442 addunt
794 3363 891 3428 muta,
913 3359 1001 3418 nimis
1024 3359 1189 3436 diligenter.

108 3451 146 3506 In
176 3451 364 3522 anqustiarum
391 3448 509 3506 nornine
536 3447 714 3524 ambiguitas
741 3445 885 3523 quasdam
912 3465 971 3503 non
1000 3463 1107 3522 magna
1135 3452 1188 3502 est

109 3533 205 3592 Initio
227 3532 304 3590 enirn
335 3533 440 3610 capitis
466 3533 523 3591 boc
544 3533 689 3591 vocabulo
712 3531 816 3592 Cicero
844 3532 990 3609 significat
1010 3531 1190 3608 posteriores

108 3621 179 3678 illas
203 3619 374 3689 sententias,
397 3619 426 3675 in
450 3619 556 3693 quibus
579 3617 671 3678 Stoici
694 3619 850 3689 haereant,
884 3635 1042 3692 earumque
1070 3633 1189 3674 causam

108 3705 234 3764 indicat.
257 3703 305 3760 bic
326 3705 477 3780 angustias
499 3704 630 3780 appellat
651 3705 718 3761 illas
739 3705 819 3780 ipsas
842 3703 1045 3774 difficultates,
1074 3721 1150 3778 qnae
1171 3719 1190 3758 a

109 3789 260 3868 principio
282 3791 420 3866 progredi
442 3790 616 3848 conantibus
638 3790 818 3861 obiciantur,
841 3802 871 3847 ct
893 3789 1189 3864 exiistamquamex

108 3877 196 3934 fonte
218 3885 300 3932 ortas
322 3893 386 3934 esse
409 3876 452 3932 ait
469 3875 612 3932 absurdas
634 3875 702 3934 illas
724 3875 885 3933 sententias
907 3875 974 3952 (ista
991 3875 1189 3932 commorde-

110 3961 237 4034 rmore).
281 3956 394 4041 [Etiam
416 3963 442 4019 B
465 3980 498 4018 se
520 3965 593 4031 istim
615 3961 728 4036 recepit
749 3961 902 4031 Baiterus;
935 3979 994 4018 non
1017 3969 1097 4019 recte
1120 3977 1190 4017 con-

109 4047 206 4107 currit
227 4066 261 4103 ar
282 4049 341 4104 istis
363 4049 429 4104 ista:
454 4047 536 4116 „Ista
558 4056 658 4105 vestra
669 4048 786 4105 decreta
797 4065 833 4103 ex
846 4048 897 4116 bia,
921 4064 994 4121 quas
1011 4047 1190 4116 demonstro,

111 4130 307 4211 angustiis“.]
335 4132 396 4190 Pro
408 4143 494 4190 mutar
508 4133 566 4190 dno
578 4131 647 4192 Gzii
659 4144 722 4190 turn.
751 4133 817 4190 Hoc
829 4131 934 4191 Cicero
945 4132 1030 4189 dicit:
1052 4133 1111 4190 Illa
1120 4131 1192 4189 Ari·

110 4220 217 4290 storiis,
242 4217 467 4294 qualiacumque
490 4229 568 4290 sunt,
590 4229 689 4276 tamen
702 4215 834 4300 (saltam)
857 4218 1003 4294 simplicia
1025 4227 1107 4288 sunt;
1130 4217 1189 4274 vid.

110 4307 149 4362 ad
172 4306 215 4363 Π.
229 4306 279 4362 31.
307 4304 402 4361 Paulo
425 4314 494 4380 post
514 4304 544 4361 in
567 4305 648 4362 nihilo
669 4307 755 4379 mapis
777 4304 850 4362 satis
872 4305 944 4362 dure
966 4321 1130 4380 eogenere,
1154 4304 1190 4362 de

110 4411 172 4464 quo
195 4392 234 4448 ad
256 4391 298 4456 11,
312 4390 352 4445 25
375 4389 448 4458 dixi,
470 4409 487 4446 e
510 4401 584 4464 erepet
604 4390 723 4448 auditur
744 4391 825 4447 dicat.
