2928 5012
343 429 508 496 XXXVIII
641 517 643 528 Ι
790 443 988 490 rmnrnrro.

343 635 450 684 omnes
472 615 608 693 codices,
641 615 798 698 [quaeque
820 613 874 692 IV,
891 615 932 678 59
960 612 1055 692 opteri
1076 612 1201 690 Invenit,
1224 611 1262 690 V,
1287 611 1328 674 to
1349 627 1444 672 con-

343 723 521 806 cupivisset}
564 723 742 804 Eademque
769 721 848 786 ratio
881 727 931 786 est
957 721 1023 784 eius
1050 719 1124 797 loci,
1157 719 1210 800 qui
1232 719 1443 784 contrariam

344 834 437 900 habet
459 831 607 914 speciem,
645 831 683 908 V,
707 833 756 895 17.
806 829 885 894 Nam
919 828 1144 892 restituendum
1178 845 1247 892 esse
1276 833 1332 890 aut
1359 847 1442 889 non

342 940 441 1006 dolere
466 947 521 1004 aut
548 939 646 1021 (quod
667 937 786 1002 facilius
808 937 1003 1014 occurrebat,
1036 937 1243 1016 praecedente
1274 932 1443 1014 dolormn)

343 1049 525 1114 nocuitatem
546 1045 665 1126 dolor-is,
688 1047 839 1111 neminem
862 1045 969 1110 tallere
990 1050 1126 1126 poternt;
1150 1044 1205 1108 sed
1228 1044 1254 1108 si
1277 1061 1295 1108 e
1317 1045 1444 1109 codjce

344 1159 421 1222 baec
447 1157 545 1221 Aldus
574 1155 772 1236 sumpsisset,
806 1153 964 1234 posuisset
992 1163 1023 1218 et
1045 1171 1081 1216 eo
1104 1151 1170 1216 loco
1192 1163 1223 1216 et
1245 1171 1281 1218 eo
1302 1153 1442 1219 ordine

344 1283 406 1346 quo
422 1264 452 1329 in
465 1263 554 1329 bonis
566 1263 721 1328 codicibus
733 1269 814 1327 sunt
826 1265 855 1342 ¹)
899 1261 1102 1326 Coniecturae
1122 1259 1295 1325 libertatem
1317 1261 1445 1342 arguit

344 1372 543 1438 substitutum
555 1371 609 1450 IV,
623 1373 663 1436 to
674 1369 766 1434 Stor'cl
781 1369 903 1432 ottoniae
913 1387 972 1450 pro
983 1367 1014 1430 lo'
1026 1367 1155 1432 cortraco.
1180 1369 1241 1452 [III
1254 1376 1358 1433 tamen
1387 1373 1444 1434 44

344 1481 439 1545 verba
460 1480 577 1544 omissa
597 1487 660 1544 tam
683 1477 813 1543 feliciter
834 1476 955 1542 restitui
986 1477 1052 1542 sine
1074 1477 1187 1542 codicis
1210 1495 1270 1558 ope
1290 1477 1342 1540 vix
1365 1496 1443 1558 po-

343 1587 493 1670 morunt]

430 1697 519 1760 Hanc
542 1695 612 1759 Aldi
630 1693 794 1759 editionem
804 1693 838 1757 P.
852 1692 1018 1772 Manutius
1042 1703 1076 1756 ut
1087 1693 1159 1772 diui,
1182 1693 1340 1774 expolivit
1366 1715 1441 1760 nec

344 1803 452 1868 babuit
473 1809 625 1884 perpetuo
648 1803 688 1866 ad
710 1821 836 1865 manum
858 1802 987 1878 radices
1010 1819 1090 1881 quos
1102 1799 1285 1866 consuleret
1309 1803 1440 1884 Itaque

344 1931 413 1978 curn
431 1912 455 1986 Ι,
467 1913 518 1988 41,
541 1911 593 1975 ubi
605 1912 652 1974 ed.
664 1909 764 1990 prima
786 1909 878 1973 babet
899 1907 1088 1988 eidormo,
1110 1909 1141 1974 in
1160 1908 1295 1973 editione
1308 1909 1438 1974 Aldina

344 2019 493 2100 scriptum
516 2026 600 2084 esset
625 2016 714 2080 audo
735 2016 905 2096 praeterita
930 2036 989 2098 pro
1005 2021 1182 2096 metatorem,
1207 2017 1290 2097 quod
1313 2035 1438 2082 omnes

344 2128 464 2192 codIces
486 2126 609 2204 babent
632 2133 761 2206 excepto
773 2123 797 2202 ξ,
826 2125 859 2188 P.
873 2125 1030 2190 Manutius
1052 2125 1082 2190 in
1105 2124 1214 2207 primis
1234 2124 1436 2190 editionibus

344 2235 450 2316 (etiam
472 2253 499 2298 n.
524 2235 620 2314 1555)
642 2235 786 2298 mendum
809 2233 941 2314 reliquit,
957 2233 988 2298 in
1006 2239 1165 2314 postrema
1181 2233 1223 2314 (a.
1238 2233 1334 2313 1560)
1353 2252 1437 2298 cor·

345 2342 423 2406 rexit
439 2341 657 2422 ascripsitque:
682 2341 813 2414 „Moneo
824 2340 979 2420 lectorem,
1003 2361 1039 2406 ex
1061 2341 1185 2424 ingenio
1207 2339 1387 2420 repositum
1414 2361 1436 2406 a

344 2454 561 2530 meproctcreo
576 2469 634 2529 pro
650 2449 829 2529 praeterito,
852 2450 936 2530 quod
947 2457 1016 2514 erat
1026 2449 1057 2512 in
1070 2449 1211 2513 omnibus
1222 2447 1318 2526 libris
1341 2467 1436 2529 quos

343 2558 468 2640 quidem
479 2576 536 2638 ego
548 2557 705 2621 viderim.“
724 2557 827 2621 Unum
839 2557 1096 2622 commemoratio
1109 2556 1266 2638 prioribus
1278 2556 1436 2622 editioni-

343 2666 401 2730 bus
413 2665 623 2730 codicemase
633 2665 805 2744 inspectum
817 2663 1002 2728 Bernardini
1014 2660 1118 2728 bleffei
1141 2673 1172 2728 et
1193 2684 1231 2729 ex
1243 2683 1279 2729 eo
1296 2675 1436 2745 praetor

344 2791 460 2855 paucas
472 2791 649 2837 communes
661 2773 848 2836 deteriorum
860 2772 998 2836 codicum
1011 2773 1183 2854 scripturas
1195 2771 1316 2854 profert
1326 2792 1434 2854 quas-

346 2882 418 2945 dam
446 2881 658 2944 recentissima
685 2879 877 2944 correctione
902 2885 1003 2958 ortas,
1037 2889 1072 2944 ut
1098 2880 1130 2944 in
1157 2881 1198 2958 ΙΙ,
1221 2881 1275 2946 23:
1309 2881 1358 2942 coi
1384 2881 1436 2944 nil

312 2988 504 3070 ,deopaso’it
532 2987 574 3051 uis
601 2992 629 3051 et
655 2985 788 3051 srrccrdos
814 2985 984 3066 absorbet,
1013 2990 1052 3066 ΙΙ,
1071 2991 1112 3054 66
1134 2989 1255 3054 omnmo.
1310 2988 1433 3065 Semel,

343 3096 383 3174 ΙΙ,
396 3099 446 3174 71,
470 3097 616 3160 loannem
639 3095 759 3159 Scalem
781 3095 888 3159 scribit
899 3096 1018 3174 testari,
1041 3115 1074 3161 se
1096 3097 1127 3162 in
1150 3105 1256 3162 vetere
1277 3095 1357 3160 bbro
1380 3099 1432 3160 vi·

345 3205 430 3269 dissc
453 3223 521 3270 eam
544 3203 739 3284 scripturam,
762 3221 842 3283 quae
864 3203 895 3267 in
917 3203 1094 3268 melioribus
1111 3204 1198 3269 libris
1211 3211 1268 3282 est,
1290 3221 1432 3286 eamque

345 3313 482 3378 restituit
504 3318 580 3392 (non
601 3315 711 3374 roctuot
732 3319 763 3376 et
785 3311 905 3392 reliqua
926 3311 993 3376 sine
1014 3311 1284 3392 interpolatione),
1317 3312 1430 3394 ipsum

344 3439 378 3486 sc
401 3439 468 3484 eam
497 3420 611 3484 vidisse
639 3428 739 3502 negat.
790 3420 825 3482 In
854 3429 1012 3499 postrema
1039 3419 1173 3484 editione
1200 3430 1430 3486 commemoret

343 3529 438 3592 libros
451 3526 584 3607 Philippi
603 3526 709 3604 Tertii,
722 3526 846 3607 Sigonii,
858 3526 960 3590 Latini
973 3527 1094 3604 Laconi,
1112 3528 1170 3591 boc
1181 3537 1230 3591 est
1241 3527 1307 3592 sine
1316 3529 1427 3608 dubie,

344 3653 425 3718 qrrae
446 3633 611 3715 epudillos
624 3634 912 3714 viderattemquam
924 3653 941 3698 e
953 3634 1108 3699 codicibus
1120 3641 1278 3698 annotata.
1308 3635 1428 3718 Itaque

345 3751 375 3808 ct
403 3740 537 3807 melioris
566 3740 700 3806 familiae
733 3742 905 3822 scripturas
933 3743 1085 3824 quasdam
1117 3743 1190 3807 inde
1223 3741 1345 3824 profert
1374 3746 1426 3820 (ut

345 3852 400 3929 111,
414 3853 463 3928 ΙΙ,
486 3851 538 3928 IV,
551 3851 601 3926 32,
613 3853 664 3928 56,
686 3849 723 3927 V,
736 3851 790 3929 74)
808 3858 839 3913 et
855 3850 952 3914 bonas
969 3849 1171 3928 coniecturas,
1195 3868 1275 3931 quaa
1296 3851 1327 3914 in
1352 3853 1425 3916 aliis

371 4143 394 4202 ¹)
413 4143 436 4191 P.
457 4143 585 4191 Manutius
604 4141 635 4189 ed
655 4141 678 4189 b.
690 4141 706 4190 l.
718 4144 767 4190 sic:
789 4139 834 4198 „tn
851 4143 976 4198 omittam,
995 4142 1064 4204 quod
1076 4141 1153 4192 libros
1165 4145 1304 4205 superioris
1316 4151 1423 4193 nostrae

414 4227 533 4276 editionis
553 4226 682 4278 tdldtnam
702 4226 862 4289 pntrlsdlcltt
881 4231 966 4274 tannen
978 4227 1137 4276 credendum
1153 4233 1192 4276 est
1210 4227 1240 4276 ad
1258 4233 1422 4294 propositum

414 4311 517 4373 aliquod
537 4314 743 4374 manuscriptum
763 4311 893 4374 exemplar
910 4311 990 4362 luisse
1010 4313 1173 4375 impressos'·
1213 4313 1316 4376 Derepit
1335 4317 1421 4364 virum

414 4400 547 4459 agrestum
565 4399 693 4446 sententia
713 4396 805 4445 saltem
825 4397 856 4446 de
875 4397 915 4446 bis
935 4397 1026 4446 verbis.
