2920 5012
328 365 372 429 74
722 385 766 430 nu
788 335 922 432 rnursus¹
942 384 1013 430 sou.

329 570 387 617 nec
408 569 457 616 me
480 561 584 617 tamen
605 551 768 618 laudandis
791 553 959 618 maioribus
975 553 1052 618 meis
1069 552 1233 634 corrupisti
1258 571 1312 617 nec
1335 570 1405 633 seg-

400 761 421 806 l.
444 754 488 824 [rue
506 771 555 806 cm.
575 755 620 826 Al]
644 755 705 824 [cum
722 773 768 823 pro
785 766 864 808 tumea
881 755 931 826 ut]
970 757 1106 822 corripuisti
1124 755 1168 825 [A]
1189 755 1310 808 EPMCR

328 950 504 1024 interpretes
538 946 681 1008 Gennani
713 950 870 1020 sentirent,
909 949 1137 1007 substituerunt:
1180 948 1235 1006 mit
1266 947 1409 1025 Achtung

328 1053 422 1112 gegen
444 1033 491 1090 ihr
501 1033 678 1105 Andenken,
701 1053 760 1092 non
783 1035 879 1092 minus
900 1033 986 1092 falso.
1031 1033 1154 1110 Semper
1175 1034 1254 1090 enim
1275 1033 1331 1092 hoc
1355 1053 1407 1090 ro-

328 1119 465 1177 cabulum
498 1118 614 1177 laudem
647 1120 736 1178 habet
763 1121 857 1179 bonae
885 1129 915 1178 et
947 1120 1084 1196 copiosae
1111 1120 1284 1188 memoriae,
1317 1119 1409 1194 idque

328 1215 389 1263 tarn
422 1205 576 1281 perspicue
609 1205 718 1280 ubique
750 1215 889 1282 apparet,
927 1216 960 1264 ut
993 1207 1096 1275 mirer,
1135 1224 1172 1262 ne
1209 1204 1239 1261 in
1278 1205 1409 1262 secundo

327 1291 447 1366 quidem
479 1290 545 1348 loco
578 1291 653 1348 hanc
687 1292 767 1349 vocis
801 1292 859 1348 vim
888 1310 1011 1366 nsquam
1034 1291 1266 1348 commemorari.
1308 1291 1409 1348 Huius

327 1377 426 1452 operis
449 1376 515 1433 libr.
527 1377 583 1447 IV,
611 1380 623 1433 l
649 1395 707 1433 non
730 1377 797 1434 ideo
820 1377 962 1436 Catonem
980 1377 1085 1436 Cicero
1108 1376 1217 1446 laudat,
1241 1375 1321 1450 quod
1345 1377 1409 1432 sine

327 1462 411 1520 libris
439 1462 554 1519 locutus
589 1463 641 1532 sit,
676 1462 726 1520 sed
754 1462 833 1537 quod
862 1463 940 1520 bona
967 1462 1109 1520 memoria
1130 1473 1191 1518 tam
1213 1461 1306 1518 multa
1329 1480 1410 1518 com-

327 1547 530 1624 prehenderit;
564 1547 599 1604 de
622 1547 706 1606 Orat.
728 1549 758 1618 Ι,
790 1550 844 1619 64,
863 1548 928 1608 .nbi
956 1549 986 1605 in
1014 1547 1101 1624 laude
1134 1547 1260 1604 oratoris
1287 1547 1411 1622 ponitur

327 1636 484 1708 coruposr'tc,
518 1643 622 1698 macte,
656 1638 804 1691 innectitur
831 1637 932 1700 dicere,
956 1633 1027 1691 satis
1049 1643 1145 1709 patet,
1175 1651 1234 1691 non
1257 1632 1294 1690 de
1317 1631 1408 1690 modo

326 1718 442 1776 dicendi
465 1714 497 1798 (e
519 1719 669 1788 memoria,
693 1738 752 1776 non
772 1719 807 1776 de
831 1719 963 1795 scripto),
987 1719 1038 1776 sed
1061 1718 1097 1776 de
1119 1717 1260 1776 facultate
1282 1719 1410 1775 verbum

327 1803 557 1880 intellegendum
591 1823 669 1874 esse;
702 1805 863 1879 eademque
895 1805 972 1862 ratio
1000 1815 1046 1862 est
1072 1805 1102 1860 in
1131 1804 1224 1862 Bruto
1253 1803 1325 1861 303.
1373 1805 1408 1862 In

326 1900 401 1948 orat.
424 1889 454 1946 in
477 1889 630 1946 Vatinium
657 1891 695 1947 10
718 1891 794 1948 hunc
816 1891 913 1967 ipsum
936 1889 1040 1950 Cicero
1068 1890 1217 1960 hortatur,
1251 1899 1284 1946 ut
1311 1909 1411 1946 sirmio-

326 1979 393 2032 rr'ter
415 1976 587 2050 respoudeat,
621 1975 732 2047 idest,
766 1976 852 2052 plene
875 1986 905 2033 et
926 1987 1020 2047 recte,
1054 1975 1129 2033 nihil
1151 1983 1185 2032 ut
1205 1975 1411 2032 obliviscatur.

326 2061 421 2120 Acad.
444 2061 491 2131 11,
516 2061 555 2116 63
578 2060 680 2117 laudat
706 2062 870 2119 orationem
898 2081 916 2117 a
937 2061 1062 2119 Lucullo
1090 2060 1221 2118 habitam
1248 2065 1411 2128 suumn-iter,

326 2157 459 2208 accurate.
483 2149 600 2222 copiosa
630 2147 729 2221 itaque
752 2146 854 2204 eodem
877 2147 964 2205 modo
986 2146 1217 2222 intellegendum
1239 2155 1292 2216 est,
1317 2147 1411 2220 quod,

326 2233 353 2290 ei
376 2232 471 2289 solum
494 2241 586 2302 esset,
609 2233 779 2309 ambiguum
801 2232 896 2290 videri
917 2242 1032 2308 posset,
1060 2233 1076 2290 Ι
1099 2231 1135 2288 de
1158 2230 1241 2290 Oret.
1265 2232 1321 2288 88:
1358 2252 1412 2289 use-

327 2310 434 2374 uioriter
455 2318 540 2373 multa
561 2336 595 2372 en·
617 2319 780 2375 orationibus
803 2319 990 2375 Deruostheuis
1007 2321 1204 2394 pronuntiarim
1228 2335 1413 2392 quemquam

325 2402 398 2478 quid
420 2401 459 2459 sit
480 2404 628 2459 moraliter
639 2406 824 2478 pronuntiare.
849 2415 972 2479 apparet
990 2404 1078 2460 etiam
1096 2421 1112 2460 e
1129 2403 1162 2460 Π
1179 2402 1215 2459 de
1235 2402 1339 2460 Divin.
1357 2405 1412 2471 143

326 2507 394 2546 nam
411 2505 469 2546 non
487 2487 523 2544 de
542 2487 650 2564 scripto
663 2489 805 2562 Quintum
823 2488 876 2546 illa
893 2490 1046 2560 recitasse,
1069 2487 1144 2545 nihil
1161 2507 1235 2564 opus
1252 2497 1317 2544 erat
1342 2489 1412 2560 dici,

325 2573 372 2652 [et
383 2593 399 2630 e
410 2573 460 2631 ΙΙΙ
476 2573 513 2629 ad
525 2572 655 2630 Herenn.
670 2572 734 2651 30].
767 2575 803 2632 In
826 2574 927 2632 eodem
951 2575 1040 2651 igitur
1061 2592 1168 2649 genere
1185 2573 1326 2630 laudatur
1337 2575 1413 2632 Vel·

325 2659 401 2717 leius
412 2659 428 2716 1
440 2659 478 2716 N.
486 2657 523 2714 D.
532 2659 581 2729 91,
594 2659 672 2734 quod
683 2664 832 2716 manontes·
842 2663 979 2734 etcopiose
990 2659 1233 2736 philosophorum
1246 2660 1412 2717 sententias

325 2744 514 2803 enumerarit.
558 2745 622 2801 Nec
644 2745 674 2801 in
699 2745 792 2802 Laelii
819 2745 904 2804 initio
931 2745 998 2802 ideo
1021 2744 1125 2804 Cicero
1154 2744 1280 2820 scripsit,
1309 2765 1412 2802 merno-

325 2834 392 2888 riter
413 2840 437 2886 et
459 2831 573 2886 irtcurrde
591 2831 722 2888 Mucium
744 2831 837 2887 multa
859 2831 895 2888 de
918 2831 1020 2888 Laelio
1043 2848 1163 2888 narrare
1187 2829 1305 2887 solitum
1332 2851 1410 2902 esse,

326 2925 359 2973 ut
381 2914 564 2985 ostenderet,
596 2933 653 2972 non
677 2916 713 2972 de
735 2916 845 2992 scripto
867 2917 920 2974 illa
941 2917 971 2973 in
993 2915 1134 2973 familiari
1157 2915 1304 2990 colloquio
1330 2917 1412 2973 dicta

324 3019 404 3068 esse,
429 3001 480 3057 sed
503 3009 535 3056 ut
552 3000 612 3058 vim
634 3001 744 3077 ingenii
766 3002 943 3076 praeteritae
966 3003 1071 3058 acutis
1094 3001 1264 3058 memoriam
1287 3019 1412 3060 conser-

275 3121 279 3130 ·
326 3086 425 3144 ventis
447 3086 590 3144 laudaret.
634 3087 703 3144 Non
721 3087 889 3162 discrepant
911 3088 1089 3144 comicorum
1111 3087 1179 3144 loci.
1211 3087 1303 3162 Apud
1315 3087 1412 3145 Plau-

324 3180 388 3230 tum
399 3171 486 3230 Asin.
508 3171 567 3242 111,
592 3173 620 3243 2,
645 3173 684 3229 38
707 3173 737 3229 in
760 3172 953 3230 exclamando
975 3173 1096 3230 dicitur:
1119 3183 1148 3228 ut
1169 3175 1328 3235 noerswriter.
1353 3173 1411 3230 hoc

326 3268 380 3328 est,
404 3276 492 3332 quam
514 3258 589 3314 bene
611 3259 784 3326 recordans3
808 3257 894 3334 Capt.
916 3259 959 3329 11,
985 3261 1017 3328 l,
1042 3259 1097 3316 53:
1119 3261 1145 3314 si
1165 3261 1234 3316 istuc
1250 3268 1332 3334 potes
1356 3279 1412 3316 rue-

324 3346 432 3399 moriter
454 3346 615 3412 imminuisse,
638 3337 751 3414 idest,
775 3344 849 3400 bene
872 3354 902 3401 et
923 3344 1015 3419 probe
1038 3343 1220 3412 meminisse;
1253 3344 1412 3419 Amphitr.

325 3429 350 3498 I,
377 3431 403 3498 1,
428 3429 487 3485 261
513 3427 600 3487 Sosia
621 3429 745 3486 alterum
769 3428 899 3498 Sosiam,
927 3429 978 3504 qui
1000 3430 1166 3487 Mercurius
1188 3439 1247 3498 est,
1280 3429 1413 3487 miratur

325 3533 370 3582 ea,
393 3514 424 3569 in
447 3513 553 3588 quibus
575 3514 639 3589 ipse
661 3513 842 3584 interfuerit,
866 3518 1013 3572 manenter
1034 3533 1193 3582 memorare,
1216 3514 1330 3584 idest,
1368 3517 1413 3573 ita

324 3609 358 3657 ut
380 3617 438 3656 non
461 3608 547 3655 erret.
580 3600 672 3675 Apud
694 3599 866 3657 Terentium
887 3601 963 3658 Eun.
985 3602 1024 3671 V,
1049 3601 1077 3671 3,
1102 3601 1120 3658 6
1144 3618 1211 3658 cum
1233 3601 1411 3674 quaesitum

324 3693 417 3755 esset,
451 3694 661 3760 cognosceretne
695 3685 795 3742 nutrix
828 3685 912 3762 signa
933 3686 1092 3760 quaedam,
1115 3686 1325 3762 respondetur:
1363 3689 1412 3744 Ac

324 3771 481 3828 merantur.
503 3769 534 3826 id
557 3779 610 3840 est,
634 3781 664 3828 et
685 3770 803 3845 quidem
826 3770 905 3828 clare
927 3781 957 3828 et
973 3772 1142 3847 perspicue3
1165 3771 1327 3828 memoriae
1352 3791 1411 3848 ope

325 3874 395 3913 sane
429 3855 529 3912 omnia
561 3867 767 3932 agnoscuntur.
819 3856 845 3913 E
878 3857 1049 3931 posterioris
1082 3857 1189 3914 aetatis
1211 3856 1411 3932 scriptoribus

324 3941 455 3999 Plinium
478 3951 601 3997 narrant
622 3942 652 3998 in
663 3942 758 4016 Epist.
771 3942 826 4012 VI,
851 3943 890 3998 33
908 3951 983 3998 extr.
1006 3942 1116 4000 dixisse
1139 3945 1287 3999 rrumutter
1309 3953 1410 4006 unm.

324 4025 355 4082 id
378 4035 423 4082 est
444 4027 584 4095 menum,
617 4037 648 4084 et
670 4028 695 4084 ie
719 4027 795 4084 dixit
817 4037 872 4084 tarn
894 4031 1055 4096 manenter,
1088 4028 1119 4084 id
1142 4036 1202 4100 est,
1235 4037 1295 4085 tam
1320 4029 1410 4086 bene.

324 4112 430 4184 Itaque
453 4111 531 4184 quod
555 4111 713 4170 Suetonius
736 4113 821 4188 (Ner.
848 4111 899 4189 10)
928 4123 1042 4185 namot,
1064 4114 1215 4171 Neronem
1244 4133 1335 4170 oannes
1365 4135 1410 4171 or·

325 4197 400 4254 disses
422 4197 534 4254 subinde
555 4217 588 4255 oc
610 4201 757 4255 currerim
778 4201 926 4266 saltuosas,
959 4217 1018 4256 non
1051 4199 1200 4275 significet
1227 4219 1241 4256 e
1267 4204 1410 4262 mernorru

324 4281 391 4338 sed:
424 4284 461 4338 ito
490 4291 519 4338 ut
540 4285 658 4356 urrpulos
679 4284 742 4340 bene
763 4286 933 4348 martirium,
968 4284 1047 4358 quod
1074 4293 1138 4342 erat
1159 4284 1356 4344 humanitatis
1380 4297 1410 4344 et

325 4365 425 4424 studii.
449 4365 575 4444 [Contra
587 4369 659 4425 haec
676 4387 751 4442 quae
763 4369 804 4426 M.
818 4366 979 4444 Seyffertus
991 4369 1028 4427 ad
1039 4370 1134 4428 Laelii
1146 4371 1263 4428 initium
1275 4373 1409 4448 scripsit,
