2938 5020
384 450 427 494 ar
450 449 531 495 usis.
554 448 616 494 nm.
640 449 662 494 u
685 449 758 496 cle.
780 453 803 497 a.
1082 433 1144 498 145

86 621 245 694 extremum,
267 617 299 680 id
320 617 462 702 ultimum
484 616 644 702 bonorum,
666 617 699 681 id
720 617 823 699 ipsum
840 619 916 699 quid
938 619 1073 699 etquale
1096 619 1145 697 sit

97 883 118 936 m
135 813 164 925 Il.
181 810 270 874 quedem
289 811 346 876 (pro
364 810 424 874 qaid
439 819 468 874 stt
488 811 556 862 EOr.
578 809 647 878 [quid
663 819 677 862 c
696 809 730 878 Α]
757 811 815 876 quid
834 813 866 862 st't
889 813 964 862 ceteri
988 813 1064 864 noscit
1088 815 1145 879 (pro

86 894 95 926 ι

87 1076 146 1132 locis
165 1079 237 1134 adeo
258 1087 392 1134 contorte
408 1078 589 1152 pervenitur,
613 1084 646 1134 ut
663 1096 721 1135 non
733 1087 884 1152 appareat,
908 1097 960 1136 cur
981 1098 1040 1137 non
1052 1099 1145 1154 aeque

86 1161 110 1215 in
137 1163 235 1219 ceteris
262 1161 398 1220 omnibus
427 1163 638 1219 sententiarum
667 1163 922 1220 coniunctionibus
951 1164 1010 1221 tale
1032 1164 1144 1239 aliquid

85 1247 228 1323 excogitari
248 1247 352 1324 possit,
375 1249 406 1304 in
429 1247 536 1321 quibus
558 1257 656 1304 tamen
679 1266 737 1304 non
761 1247 880 1322 ponitur
902 1259 931 1304 ut
952 1269 1007 1325 pro
1028 1249 1145 1307 infinita

85 1333 208 1390 oratione.
238 1333 344 1407 Itaque
366 1332 440 1389 nihil
462 1351 517 1390 nos
539 1332 591 1389 illa
601 1332 807 1407 interpretatio
829 1332 960 1390 adiuvat.
993 1335 1144 1410 Analogia

85 1429 180 1487 snum,
214 1436 272 1492 qua
294 1418 340 1474 vir
361 1417 632 1493 praestantissimus
661 1416 767 1489 utitur,
802 1417 992 1491 quodetiam
1015 1419 1145 1477 dicatur:

85 1520 125 1556 nort
143 1506 256 1559 estuari
275 1505 367 1571 simila
390 1523 472 1576 piram
495 1513 550 1559 etc.
573 1501 645 1579 (non
669 1501 764 1558 solum
787 1501 866 1577 apud
884 1502 1067 1574 Ciceronem,
1092 1505 1142 1561 sed

82 1587 147 1661 apud
158 1587 297 1646 Senecam
310 1581 437 1662 quoque,
450 1589 486 1645 de
498 1586 648 1662 tranquill.
671 1587 762 1643 animi
777 1589 826 1657 14,
840 1589 868 1659 6,
881 1588 966 1664 epist.
993 1589 1062 1660 108,
1081 1590 1142 1663 12),

83 1689 112 1726 ea
129 1691 194 1729 vero
216 1672 298 1729 nulle
319 1683 378 1742 est;
412 1691 480 1730 narn
503 1673 539 1729 de
561 1671 655 1748 gradu
676 1671 732 1729 hoc
760 1672 881 1742 dicitur,
904 1691 963 1730 non
991 1673 1027 1730 de
1055 1672 1145 1731 facto.

83 1755 220 1832 llultoque
243 1765 288 1814 est
308 1757 370 1814 elia
391 1758 512 1834 propior
534 1767 564 1814 et
577 1756 739 1832 simplicior
750 1757 799 1813 via
821 1756 895 1814 haec
912 1758 1090 1833 explicandi,
1114 1768 1144 1815 et

83 1859 145 1914 quae
165 1844 201 1899 ab
222 1843 288 1919 ipsa
309 1851 416 1900 natura
438 1843 581 1900 sermonis
600 1841 812 1917 proficiscatur.
844 1843 922 1900 Nam
945 1861 1012 1900 cum
1035 1843 1144 1900 multae

84 1929 227 1985 sententiae
260 1928 425 1986 obiectivae
460 1939 490 1984 et
517 1927 697 1984 subiectivae
725 1926 801 1984 hauc
828 1927 972 1984 haberent
998 1937 1143 2000 naturam,

83 2011 158 2068 etiam
177 2023 297 2090 propter
308 2013 466 2089 primariae
484 2011 647 2070 sententiae
658 2012 742 2068 verbi
754 2031 856 2088 genus,
880 2021 912 2069 nt
924 2011 1005 2069 facili
1017 2013 1143 2070 transitu

83 2114 168 2154 earum
188 2097 313 2155 sormam
336 2098 478 2168 subirent,
501 2098 530 2154 in
554 2097 660 2171 quibus
683 2095 804 2154 effectus
827 2095 894 2175 [ant
915 2096 1026 2155 factura
1049 2106 1079 2155 et
1100 2098 1144 2155 rei

82 2181 175 2260 sums]
197 2183 387 2260 significatur,
410 2184 440 2240 in
452 2183 490 2240 iis
512 2192 633 2258 propter
648 2181 725 2238 hanc
742 2181 962 2240 inclinationem
975 2193 1004 2240 ut
1013 2183 1144 2258 positum

6 2281 8 2354 ᾗ
82 2277 131 2336 est,
160 2268 240 2325 cuius
263 2267 441 2344 particulae,
470 2276 503 2324 nt
525 2267 557 2323 fit
579 2268 610 2324 in
633 2267 769 2324 omnibus
791 2267 959 2325 huiusmodi
980 2269 1143 2340 vocabulis,

6 2355 8 2428 ξ
81 2369 130 2408 non
149 2352 204 2410 iam
226 2361 307 2410 certa
329 2353 430 2427 aliqua
451 2352 547 2428 prima
568 2351 753 2428 significatio,
776 2351 827 2408 sed
838 2353 984 2428 generalis
999 2353 1143 2428 quaedem

82 2437 119 2492 ris
138 2437 165 2494 in
186 2439 338 2496 sententiis
361 2437 524 2495 vinciendis
547 2437 773 2512 percipiebatur.
817 2435 977 2495 Manifesta
1004 2445 1049 2495 est
1069 2438 1143 2495 haec
1174 2461 1178 2470 ·

81 2522 145 2579 ratio
165 2523 193 2579 in
215 2523 251 2580 iis
273 2523 383 2593 verbis,
407 2541 482 2598 quae
504 2522 623 2597 proprie
637 2519 773 2579 effectum
785 2522 961 2598 significant,
984 2531 1018 2579 ut
1039 2523 1070 2579 in
1087 2523 1143 2580 hoc

82 2605 135 2680 ipso
154 2610 251 2682 efficio,
286 2627 352 2664 cum
380 2608 415 2664 de
438 2606 626 2664 conclusione
648 2607 778 2682 ponitur,
801 2610 934 2680 sequitur,
963 2607 1038 2664 aliis.
1084 2607 1143 2666 Sed

81 2692 141 2763 quid
160 2693 262 2751 horum
286 2692 411 2751 similius
439 2711 527 2767 quarn
555 2682 625 2749 hoc:
658 2693 784 2762 concedo,
812 2701 842 2748 ut
869 2696 906 2748 ita
935 2695 983 2764 stt,
1017 2693 1143 2750 conflata

81 2777 210 2836 sentiendi
232 2788 261 2836 et
273 2776 464 2854 permittendi
475 2773 614 2834 notione?
627 2775 713 2856 (Cir.
724 2795 799 2851 quac
811 2777 849 2833 ad
860 2777 884 2837 1.
911 2779 950 2833 14
962 2777 1142 2850 dictasunt.)

81 2861 168 2935 Atque
188 2863 257 2920 huic
280 2872 438 2938 cognatum
460 2872 506 2919 est
526 2865 666 2929 accendor,
691 2862 780 2918 etiam
802 2871 881 2931 aneo,
904 2864 1009 2924 retineo,
1033 2870 1143 2919 utsen·

81 2945 166 3005 tiendo
187 2947 305 3005 efficere
316 2948 445 3022 quodam
457 2947 544 3004 modo
566 2946 728 3019 videamur,
751 2955 785 3003 ut
803 2947 915 3021 aliquid
927 2947 1051 3004 alicuius
1063 2947 1143 3004 modi

82 3031 120 3086 sit.
162 3033 356 3109 Perspicuum
387 3033 475 3089 etiam
503 3031 591 3101 illud,
626 3031 704 3106 quod
732 3030 837 3090 Cicero
865 3051 1024 3107 numquam
1054 3032 1143 3088 dixit:
1248 3027 1251 3032 ’

81 3117 165 3188 proto,
187 3130 217 3176 ut
239 3123 276 3175 ita
299 3121 348 3188 sit,
372 3118 423 3174 sed
446 3116 492 3174 bis
514 3117 618 3174 saltem
643 3111 703 3186 (hic
725 3117 774 3188 Π,
808 3117 877 3188 108,
901 3118 989 3174 Tusc.
1012 3117 1071 3187 ΙΠ,
1096 3119 1143 3183 διε

82 3204 121 3272 ’μί
135 3205 246 3277 prodon'
262 3213 365 3279 potest.
389 3212 418 3259 ut
440 3211 494 3258 etc.
539 3202 586 3275 (In
608 3201 665 3258 hoc
687 3219 775 3276 opere
798 3202 861 3271 ΠΙ,
894 3202 934 3258 43
958 3213 1067 3259 utnon
1090 3220 1142 3258 an·

82 3288 193 3346 nectitur
213 3287 398 3364 approbandi
420 3287 526 3358 verbo,
555 3287 605 3344 sed
628 3286 684 3342 toti
706 3287 878 3356 sententiae,
901 3287 957 3343 hoc
980 3287 1081 3344 modo:
1115 3297 1144 3342 ut

83 3369 122 3427 loc
139 3375 204 3430 idem
226 3374 433 3449 approbandum
450 3375 486 3428 sit
500 3373 583 3442 uobis,
607 3371 674 3447 (ita)
697 3381 726 3427 ut
748 3374 817 3446 etc.)
850 3373 914 3429 lam
937 3372 967 3427 in
989 3371 1143 3428 adiectivis

83 3457 190 3515 eandem
212 3477 277 3516 esse
299 3458 458 3522 rationem,
482 3457 529 3513 vel
552 3457 620 3513 inde
643 3455 830 3513 manifestum
854 3457 900 3526 fit,
935 3457 1013 3531 quod
1037 3455 1171 3514 Cicero·

82 3557 224 3616 numquam
252 3544 344 3601 dixit:
376 3545 434 3599 veri
453 3545 537 3599 amite
559 3551 611 3607 cst,
640 3535 684 3611 ut,
719 3550 823 3615 quater
844 3541 874 3598 in
897 3541 995 3610 libris,
1019 3541 1069 3615 qui
1092 3560 1143 3597 ex-

83 3635 147 3683 unt:
178 3649 227 3685 non
249 3631 309 3685 veri
327 3630 412 3685 anule
434 3637 486 3695 est,
514 3637 557 3692 ιιι,
589 3626 620 3683 id
641 3635 687 3684 est
708 3625 785 3684 fere:
818 3645 869 3682 non
885 3628 951 3699 fieri
967 3635 1069 3700 potest,
1100 3635 1142 3694 ut3

82 3709 259 3788 similiterque
282 3713 391 3770 dicitnr
414 3715 543 3785 inlapsum
566 3722 619 3782 est,
649 3721 692 3781 ut,
716 3710 783 3766 alia.
827 3712 928 3784 Atque
956 3711 1024 3766 hinc
1051 3710 1143 3785 parti-

82 3796 154 3853 culae
173 3809 203 3855 ut
224 3817 295 3856 usus
317 3797 495 3856 transfertur
516 3798 554 3854 ad
576 3796 675 3854 omnia
696 3795 757 3866 illa,
781 3815 856 3870 quae
878 3815 932 3870 per
943 3795 1090 3851 adisctiva
1102 3795 1143 3850 sic

84 3883 269 3954 esuritiantun
292 3882 523 3956 ntleviseliqua
545 3882 584 3939 sit
604 3879 675 3938 facti
699 3879 1143 3952 effectusveconsecutionisque

83 3964 243 4040 significatio
266 3976 296 4024 et
317 3987 335 4024 a
357 3967 556 4025 declaratione
579 3967 641 4023 sive
663 3965 773 4022 iudicio
796 3967 831 4022 de
854 3963 1144 4022 subiectasententia

83 4048 235 4111 declinatio.
266 4053 328 4110 Pro
340 4053 447 4110 Flacco
466 4053 505 4109 65
524 4071 590 4109 cum
599 4051 704 4110 Cicero
727 4050 769 4107 sic
791 4051 876 4107 dicit:
904 4049 977 4118 Quid
998 4052 1024 4104 in
1039 4048 1144 4106 Graeco

82 4149 261 4196 emunctam
284 4142 375 4195 tritium
397 4148 479 4211 atqrte
500 4138 660 4194 celebratum
673 4145 713 4192 est
735 4155 831 4210 quoru,
865 4137 972 4208 siquis
994 4136 1146 4208 despicatui
1227 4147 1229 4152 '

83 4219 190 4294 duur,
219 4233 247 4280 ut
269 4224 409 4297 Mysorum
433 4224 541 4279 uitiatus
564 4241 620 4284 esse
642 4223 767 4278 dicatur?
799 4220 855 4280 hoc
883 4218 1042 4295 siguificat:
1076 4220 1145 4293 quid

83 4315 128 4360 uua
147 4310 223 4381 adpo
238 4309 293 4381 fit?
336 4307 370 4366 Si
392 4307 552 4383 posuisset:
574 4325 655 4381 quam
678 4307 740 4376 dici,
764 4305 971 4380 significasset:
1000 4305 1068 4378 quid
1089 4313 1142 4360 tum

84 4399 159 4450 utrm
181 4404 204 4451 ct
225 4413 304 4469 saepe
326 4395 426 4450 dictum
448 4400 505 4450 est?
537 4395 637 4465 Atque
660 4391 716 4448 hoc
738 4390 775 4447 ad
797 4390 875 4446 huno
897 4407 1014 4464 qnoque
1036 4388 1143 4460 locum,

907 4505 940 4558 10
