3018 5052
416 408 458 454 nr
483 407 562 454 nean.
587 407 648 452 nnn.
673 407 706 452 ur
725 407 797 453 cnr.
824 410 863 454 rs.
1118 388 1183 454 429

113 579 231 643 divitiae
253 597 315 643 non
338 577 453 642 sintin
476 576 573 654 bonis,
597 575 681 640 nulla
703 595 756 641 ars
778 575 895 640 diuitiis
907 575 1057 640 contineri
1070 580 1182 656 potest.

110 683 155 745 50
179 681 269 758 Quod
290 681 318 746 si
340 681 379 746 de
401 679 521 744 artibus
544 680 758 757 concedamus
781 678 907 743 virtutis
929 685 1034 742 tanuen
1058 697 1119 742 non
1143 679 1184 744 sit

110 783 211 848 eadem
234 783 323 862 ratio,
346 788 515 863 propterea
537 781 622 863 quod
645 781 720 846 haec
742 781 894 863 plurimae
917 781 1182 864 commentationis

110 893 135 949 et
157 885 384 951 exercitationis
406 884 552 964 indigeat,
575 885 660 965 quod
681 884 763 948 idern
785 884 816 948 in
839 883 959 948 artibus
982 903 1043 948 non
1067 883 1121 961 sit,
1152 892 1184 948 et

110 989 188 1069 qrrod
210 988 309 1053 virtus
332 986 541 1064 stabilitatem,
564 985 751 1064 firmitatem,
774 985 1222 1051 constantiamtotiusvitaed

111 1090 329 1172 complectatur
351 1107 407 1154 nec
429 1090 506 1155 haec
528 1089 636 1153 eadem
660 1089 691 1152 in
714 1089 834 1153 artibus
857 1107 926 1152 esse
949 1088 1117 1154 uideamus.

189 1193 344 1274 Deinceps
377 1191 549 1274 explicatur
580 1190 756 1256 differentia
789 1209 907 1269 rermn;
941 1209 1034 1274 quem
1062 1191 1088 1255 si
1121 1211 1182 1256 non
1261 1249 1263 1256 ,

156 1419 178 1463 ³.
195 1423 322 1479 pragma
336 1413 400 1478 qaod
416 1414 496 1466 om.C
541 1413 747 1464 commendationis
768 1411 938 1482 [aprima
973 1419 995 1463 6.
1018 1411 1181 1482 [001100οΕ11]

112 1486 129 1530 1.
150 1483 201 1550 [non
220 1483 271 1533 ulla
290 1483 339 1550 ah]
360 1481 494 1533 rronnnllam
513 1481 601 1546 L(Em)

111 1735 201 1782 tamen
224 1745 282 1784 non
306 1726 348 1783 ita
371 1725 443 1782 haec
465 1726 537 1784 alibi
560 1726 828 1803 persequebantur,
862 1734 894 1782 ut
922 1715 1092 1800 κατάληψιν
1115 1725 1183 1783 sim·

111 1811 220 1885 pliciter
247 1812 356 1869 bonum
388 1811 573 1887 appellarent
601 1822 630 1868 et
659 1821 801 1888 negarent
829 1811 858 1867 in
887 1811 948 1868 ullo
971 1811 1028 1867 nisi
1051 1812 1183 1887 sapiente

111 1915 178 1953 esse.
221 1897 319 1956 Nimis
347 1897 425 1954 enim
454 1907 556 1978 aperte
583 1897 614 1954 in
643 1897 671 1954 id
700 1897 887 1964 incidissent,
921 1896 951 1953 in
979 1897 1058 1970 quod
1085 1906 1183 1954 tamen

111 1982 271 2040 inridebant
294 1982 454 2049 occultius,
478 1993 525 2053 ut,
554 2001 620 2040 cum
644 1984 701 2059 ipsi
724 2001 754 2040 se
777 1982 925 2058 sapientes
948 2000 1012 2039 esse
1036 2001 1093 2039 non
1116 2003 1184 2060 pro-

111 2067 269 2131 fiterentur,
303 2068 399 2126 omnis
427 2087 527 2126 eorum
556 2079 586 2126 et
608 2069 742 2127 doctrina
770 2077 799 2125 et
821 2068 883 2125 vite
905 2067 1092 2143 insipientiae
1115 2083 1185 2126 nota

111 2153 201 2210 inusta
223 2163 309 2212 esset.
359 2153 438 2212 illud
459 2173 580 2230 prorsus
603 2155 718 2224 mirum,
741 2154 767 2212 si
779 2153 884 2213 Cicero
902 2153 975 2210 nihil
991 2155 1184 2229 perturbavit

112 2240 183 2312 quod
206 2240 355 2316 Diogenes
382 2239 564 2300 huiusmodi.
598 2241 697 2315 qualia
725 2241 773 2296 hic
806 2249 970 2314 ponuntur,
1004 2241 1185 2316 argumentis

113 2325 288 2398 probandum
312 2325 478 2397 crediderit,
503 2326 642 2384 virtutem
666 2325 778 2382 diuitiis
800 2343 859 2382 non
877 2325 1031 2382 contineri.

192 2413 240 2468 50.
263 2414 370 2468 uirtutis
398 2423 484 2468 lernen
507 2433 557 2468 non
580 2416 615 2468 sit
637 2414 727 2468 endem
751 2408 837 2488 ratio)
860 2411 968 2468 Redire
987 2411 1129 2470 Catonem
1147 2412 1185 2469 ad

114 2495 247 2572 Diogenis
270 2498 433 2554 orationem
449 2497 638 2570 reddendam,
661 2507 785 2574 apparet
808 2515 845 2553 ex
868 2515 918 2556 eo.
948 2497 1026 2570 quod
1048 2508 1094 2556 ter
1116 2515 1184 2554 eon-

113 2581 265 2640 iunctivum
288 2583 407 2640 modurn
430 2583 515 2659 ponit
536 2581 677 2662 (irulrpeat,
700 2587 743 2643 ait,
766 2583 979 2661 eornpleetutur).
1003 2583 1086 2640 cuius
1103 2583 1186 2641 nulla

113 2678 184 2724 esset
204 2687 303 2738 cansa,
327 2669 352 2726 si
375 2668 448 2726 haec
472 2668 547 2728 Cato
570 2689 585 2726 e
609 2689 663 2727 sua
685 2687 812 2744 persona
835 2669 957 2742 loquens
986 2669 1015 2726 in
1044 2669 1185 2744 primaria

113 2755 250 2812 sententia
289 2757 324 2812 ait
359 2764 473 2812 tantum
507 2765 629 2831 propter
651 2754 873 2832 hypotheticam
894 2753 1019 2812 formam
1044 2755 1185 2813 orationis

113 2838 223 2896 diceret.
268 2839 349 2917 Ergo
372 2840 519 2898 infinitivo
541 2841 682 2899 utendum
706 2840 797 2898 fuisse
815 2839 947 2897 videtur:
969 2843 1075 2898 uirtutis
1098 2851 1183 2898 tanuen

112 2943 158 2980 000
189 2929 299 2984 earulem
332 2946 390 2983 esse
417 2929 553 2984 rationem.
599 2927 639 2984 Et
672 2925 805 3002 profecto
838 2925 976 2983 usitatius
1009 2926 1052 2984 sic
1080 2925 1185 2985 Cicero

112 3010 284 3086 scripsisset3
320 3011 372 3068 sed
400 3012 489 3070 etiam
517 3012 589 3070 alibi
616 3032 676 3070 uno
704 3021 734 3070 et
760 3011 854 3069 altero
877 3011 942 3069 loco
965 3011 996 3069 10
1018 3011 1186 3070 huiusmodi

112 3098 238 3154 oratione
261 3097 383 3172 obliqua
406 3098 518 3155 linitum
544 3099 627 3156 rerbi
649 3097 768 3156 modum
790 3097 922 3168 retinuit,
945 3105 978 3154 ut
989 3098 1083 3173 nangis
1094 3117 1185 3174 appa-

111 3192 186 3238 reret
207 3183 419 3242 condicionalis
442 3184 628 3261 significatio,
652 3184 734 3241 velut
757 3185 773 3241 I
795 3181 854 3242 Off.
881 3184 954 3240 158:
977 3185 1052 3257 qnod
1062 3187 1184 3240 0100000

113 3267 197 3329 0050,
225 3289 295 3344 quiae
322 3271 362 3326 00
383 3273 478 3326 uictura
501 3273 654 3344 cultumque
679 3273 825 3345 pertinent,
855 3273 937 3342 qnasi
957 3271 1062 3342 0109010
1084 3271 1185 3343 dieitur,
1242 3320 1247 3329 .

111 3363 141 3406 nt
160 3357 240 3426 airrnt,
262 3357 509 3431 suppeditarentur,
532 3366 588 3413 tum
610 3359 707 3432 optimo
719 3359 832 3430 0010000
843 3357 954 3429 inpono,
977 3358 1185 3428 0090010000-

110 3438 159 3494 bus
180 3443 295 3510 000000,
331 3451 413 3498 10000
435 3461 463 3500 ae
484 3445 512 3498 r'n
533 3445 677 3516 captatione
699 3452 724 3499 et
745 3444 854 3498 scientia
882 3443 1029 3498 collocaret.
1074 3441 1188 3499 Debuit

109 3522 182 3580 diei:
203 3536 255 3583 tum
277 3530 374 3603 aptium
397 3547 527 3602 petensque
549 3531 703 3602 inperio-
716 3547 744 3584 se
765 3529 953 3584 codoeotnrrnu
966 3547 1036 3596 esse3
1059 3525 1187 3584 refertur
1215 3591 1218 3597 ,

109 3610 186 3666 enim
208 3612 245 3669 00
267 3613 355 3671 illud:
379 3613 436 3670 Nec
458 3633 549 3670 00000
571 3624 620 3684 est,
643 3615 718 3688 quod
739 3615 838 3670 elicitur
859 3633 876 3670 0
900 3613 1070 3688 0015000010.
1115 3613 1185 3671 Nat.

109 3693 329 3769 Deor.1,123,
353 3698 404 3756 ubi
428 3707 487 3756 est:
511 3718 594 3774 neqrre
616 3703 682 3756 enirn
707 3709 761 3756 000
783 3701 916 3774 eleapiens
932 3701 1047 3772 sitisset,
1076 3699 1186 3756 rectius

108 3778 238 3840 faturum
261 3795 338 3842 erat:
373 3804 457 3859 ireque
484 3788 551 3842 enirn
580 3795 634 3842 tarn
663 3787 831 3860 eleshrieutern
853 3788 980 3859 stituerunt
1002 3787 1093 3859 serr'sse
1115 3782 1186 3862 (nisi

105 3865 152 3922 ita
178 3873 272 3944 esset),
301 3881 331 3928 nt
358 3880 414 3928 cet.
458 3870 537 3928 Nam
560 3890 597 3928 ex
620 3871 773 3929 Posidonii
796 3889 923 3946 persone
950 3869 1026 3928 rat-io
1054 3871 1187 3928 redditur

105 3951 207 4011 iudicii
229 3965 297 4013 aute
320 3956 419 4032 positi.

197 4041 329 4118 Deinceps
352 4044 504 4118 eaplieatur·
525 4043 675 4115 differentia
698 4039 801 4118 rerunt)
829 4041 858 4098 id
882 4050 941 4106 est,
964 4059 1076 4108 eorum,
1100 4060 1185 4116 quae,

105 4141 175 4180 cum
202 4127 238 4183 00
266 4128 351 4185 beate
385 4127 529 4184 misereve
562 4127 720 4184 vivendum
749 4126 822 4183 nihil
850 4127 997 4198 calerent,
1032 4115 1186 4200 ‹idicirpopa

105 4209 292 4279 dicebantur,
327 4214 416 4271 latinns
444 4223 563 4289 patente
593 4213 680 4270 huius
708 4212 845 4270 vocabuli
862 4213 1084 4289 significatione,
1108 4211 1186 4288 apud

106 4294 280 4356 Ciceronem
305 4300 394 4356 etiam
417 4301 504 4357 aredio
533 4298 603 4374 (53,
628 4299 683 4370 58,
708 4296 778 4377 59),
813 4317 870 4373 quo
904 4299 1049 4356 vocabulo
1077 4297 1186 4356 Graeci

104 4391 172 4439 turn
193 4385 319 4442 maxime.
342 4383 387 4442 nsi
410 4385 557 4454 ridentur,
581 4402 647 4442 cum
670 4385 705 4442 de
723 4384 898 4455 actionibus,
922 4385 1050 4460 quaein
1073 4384 1118 4441 his
1141 4403 1186 4441 re·
