3034 5030
299 385 364 450 404
690 402 735 446 na
757 400 888 448 sturnus
911 401 983 448 sou.

299 570 395 634 vitam
406 569 617 650 insipientium
628 569 774 634 miseram
791 569 996 650 acerbamque
1008 569 1152 646 reddunt,
1174 586 1252 649 quas
1265 567 1377 631 Graeci

299 663 386 748 πάθη
409 671 583 752 appellant,
615 681 757 752 poteram
778 689 851 752 ego,
880 670 1009 735 verbum
1031 670 1135 750 ipsum
1155 669 1377 749 interpretans,

300 771 425 836 morbos
447 772 617 854 appellare,
640 773 697 837 sed
719 791 781 836 uon
803 772 982 837 conveniret
1008 772 1050 836 ad
1063 770 1179 848 omnia;
1203 771 1272 852 quis
1295 770 1378 834 enim

372 997 392 1044 1,
411 1001 434 1042 et
450 993 598 1044 newbomL
652 992 729 1058 [prece
743 992 816 1057 petie
834 991 907 1058 AEh]
946 997 969 1041 ³.
989 994 1108 1041 aerumna
1127 989 1297 1057 [amaneu

300 1199 391 1256 totins
413 1198 471 1256 loci
493 1199 591 1256 exitus
613 1198 742 1256 ostendit
763 1207 793 1254 et
815 1198 941 1268 initium,
964 1198 1015 1254 nbi
1037 1198 1106 1254 huic
1128 1197 1290 1254 sententiae
1310 1214 1381 1253 eon·

300 1283 423 1342 trarium
445 1283 579 1359 ponitur:
602 1303 672 1358 quoe
694 1285 963 1357 vitominsipientr'nm
977 1285 1238 1340 miseromreddnnt.
1262 1281 1380 1339 Deinde

301 1377 400 1425 autem
432 1368 510 1425 idem
544 1368 617 1424 illud
645 1369 734 1442 paulo
762 1376 831 1443 post
857 1367 978 1442 ponitur
1005 1367 1136 1442 plenius:
1165 1368 1381 1442 perturbationes

301 1462 466 1522 outemcet,
489 1464 519 1510 et
541 1453 583 1510 ita
604 1453 733 1528 ponitur,
757 1462 790 1509 ut
811 1453 931 1509 omnino
953 1461 1022 1509 ante
1045 1453 1155 1508 dietum
1167 1471 1231 1509 esse
1243 1461 1381 1525 nequeat.

301 1538 376 1611 Quis
398 1537 486 1608 enim,
510 1556 575 1594 cum
599 1537 711 1611 aliquid
733 1537 791 1594 iam
815 1536 901 1612 plene
924 1537 1047 1608 dixerit,
1071 1529 1182 1593 'deinde
1204 1555 1300 1612 pauca
1320 1555 1381 1592 non

301 1623 449 1680 contraria
476 1621 623 1698 posuerit,
657 1622 709 1680 sed
732 1622 879 1679 addiderit
901 1619 1084 1698 (urensque),
1115 1621 1188 1679 illud
1217 1623 1259 1679 sie
1281 1622 1380 1688 iterat,

300 1716 450 1781 tamquam
473 1716 605 1764 transeat
626 1708 663 1764 ad
686 1707 782 1763 aliud:
811 1708 1026 1782 perturbationes
1048 1717 1157 1763 autern
1180 1705 1254 1764 eet?
1283 1706 1382 1763 Mani·

302 1792 411 1850 festum
434 1802 479 1849 est
501 1792 605 1868 igitur,
635 1792 863 1868 explicationem
891 1791 973 1848 illam
1001 1792 1271 1866 perturbationum,
1304 1809 1381 1865 qnae

301 1878 406 1953 incipit
424 1878 462 1934 ab
484 1877 530 1934 his
542 1877 656 1934 verbis:
679 1897 748 1951 qnos
764 1877 864 1934 Groem'
878 1887 944 1944 cet,
968 1896 1030 1934 non
1049 1877 1242 1952 interruptam
1266 1876 1308 1933 sie
1330 1875 1383 1931 de·

301 1981 429 2033 currere,
452 1971 485 2020 ut
506 1981 647 2039 generum
669 1962 808 2020 divisioni
829 1962 1007 2036 adiungatur
1029 1961 1151 2037 originis
1169 1959 1281 2019 notatid
1304 1963 1383 2038 (per-

303 2049 464 2106 turbationes
485 2047 598 2122 cutere),
621 2047 727 2104 deinde
749 2047 817 2104 huie
839 2055 988 2107 extremae
1017 2047 1093 2122 parti
1116 2047 1213 2122 ipsum
1235 2046 1308 2103 illud
1330 2046 1384 2102 ad·

301 2133 383 2208 iungi
405 2143 436 2191 et
457 2133 607 2201 concludi,
637 2132 715 2206 quod
737 2132 823 2189 initio
844 2132 942 2188 dicere
965 2131 1040 2190 Cato
1068 2132 1258 2189 instituisset:
1291 2134 1385 2204 itaque

303 2220 344 2274 leis
366 2222 474 2293 sopiens
496 2227 551 2274 eet.
594 2218 699 2291 Itaque
728 2217 823 2274 oratio
845 2217 930 2274 initio
943 2217 1079 2291 abrupta
1101 2217 1220 2273 omnino
1248 2235 1306 2272 non
1329 2215 1383 2271 ab·

303 2303 428 2360 solvitur
450 2303 553 2359 eadam
575 2301 680 2372 forma,
704 2302 756 2358 sed
777 2302 822 2372 id,
851 2302 930 2375 quod
952 2302 1138 2359 interiectum
1160 2313 1238 2364 erat,
1272 2299 1383 2357 sensim

302 2387 334 2443 in
356 2387 434 2444 idem
451 2388 522 2445 exit.
566 2387 624 2444 Illa
651 2395 751 2444 autern
773 2387 879 2444 verbor
913 2407 959 2444 nec
987 2407 1032 2443 eae
1055 2419 1095 2427 —
1118 2397 1254 2442 resecentur
1281 2403 1340 2442 non
1364 2404 1385 2441 a

203 2519 206 2526 ,
303 2471 446 2531 Cicerone
469 2473 579 2547 scripta
601 2480 670 2528 suut
692 2472 875 2546 ineptissimo
888 2471 963 2542 loeo,
987 2472 1038 2528 sed
1061 2472 1098 2527 ab
1121 2471 1231 2544 aliquo,
1256 2469 1306 2544 qui
1321 2470 1385 2544 pri·-

304 2557 427 2614 nrariam
449 2557 624 2614 sententiam
648 2567 771 2614 conatus
794 2567 839 2612 est
850 2557 980 2612 indicare
999 2566 1029 2613 et
1040 2556 1204 2613 institutam
1217 2554 1385 2618 absolvere,

303 2661 357 2698 nec
379 2651 478 2698 tamen
500 2643 572 2700 satis
590 2642 722 2698 attendit
757 2641 946 2718 (Lambinnsz
969 2661 1015 2697 eree
1037 2643 1087 2698 bne
1109 2644 1191 2713 iqitor
1212 2649 1242 2697 et
1264 2647 1388 2714 postea:

300 2729 524 2801 perturbationes,
547 2730 666 2801 r'nqnorn,
690 2730 765 2783 irretio
787 2725 856 2801 eet..)
901 2726 1009 2795 Erunt,
1039 2725 1089 2799 qui
1106 2734 1219 2800 putent,
1242 2725 1307 2799 ipso
1330 2721 1388 2780 illo

303 2822 390 2868 autern
413 2813 495 2887 (post
513 2811 740 2888 perterrbntiones)
764 2811 939 2868 sententiam
961 2811 1046 2867 initio
1062 2810 1227 2867 institutam
1238 2809 1388 2876 revocari,

304 2905 483 2970 auctoreque
506 2905 627 2953 utantur
648 2898 767 2954 Haudio
791 2897 819 2952 in
843 2895 970 2952 Turseli.
992 2897 1008 2952 I
1031 2916 1059 2971 p.
1083 2897 1154 2952 569.
1199 2894 1259 2952 Sed
1280 2893 1388 2950 rectis·

305 2982 377 3037 sime
400 2981 523 3038 Beierus
545 2981 699 3052 iudicarat,
723 3000 882 3054 numquam
906 2981 947 3036 sie
970 2979 1039 3054 poni
1062 2990 1163 3050 aarum,
1192 2997 1267 3052 quae
1291 2977 1389 3053 parti-

305 3065 372 3122 cula
394 3065 434 3136 id,
458 3066 537 3140 qnod
559 3067 694 3141 proxime
717 3065 886 3141 praecessit,
915 3065 1082 3134 continuat,
1116 3064 1204 3121 etiam
1234 3063 1390 3120 cornerio

304 3151 505 3226 adiungendo3
528 3160 631 3208 contm
653 3154 702 3208 ced
723 3170 767 3220 ea,
791 3150 1053 3224 quaeinterposita
1069 3157 1146 3220 sunt,
1170 3149 1212 3205 sic
1224 3146 1390 3220 abrumpit,

305 3244 346 3295 ut.
369 3235 429 3292 illis
452 3236 572 3307 relictis,
596 3236 691 3293 oratio
714 3236 751 3292 ad
774 3235 899 3310 primam
922 3235 1097 3292 sententiam
1119 3233 1230 3290 redeat.
1257 3231 1392 3289 Inlibro

305 3322 320 3377 I
343 3321 379 3376 de
402 3318 460 3378 Off.
489 3321 557 3391 153,
580 3339 639 3395 quo
668 3321 733 3378 loco
755 3319 891 3376 Handius
920 3319 1025 3388 utitur,
1060 3319 1162 3374 eadem
1191 3335 1310 3392 prorsus
1338 3327 1394 3374 est

304 3405 401 3463 forma
424 3405 576 3477 orationis,
600 3423 687 3478 quam
710 3404 853 3462 hocloco
876 3403 1034 3460 declaravi.
1077 3403 1187 3477 Incipit¹
1214 3402 1318 3459 Cicero
1347 3401 1394 3458 de

306 3489 452 3565 sapientia
473 3491 585 3560 dicere;
608 3490 738 3546 interieit
760 3488 988 3546 admonitionem
1001 3488 1036 3544 de
1054 3487 1223 3562 prudentia;
1246 3485 1314 3542 huie
1326 3485 1395 3558 ipsi

306 3574 500 3631 admonitioni
528 3583 557 3631 et
584 3575 757 3649 prudentiae
786 3573 948 3630 definitioni
976 3592 1013 3630 ex
1043 3571 1190 3628 contrario
1213 3573 1274 3646 (illa
1295 3580 1396 3627 autern

306 3655 454 3738 snpientia)
476 3659 639 3734 sapientiae
663 3659 794 3716 definitio
817 3658 1001 3733 adiungitur;
1024 3657 1092 3714 hnic
1115 3655 1294 3727 annectitur,
1324 3672 1394 3712 non

306 3744 345 3801 ad
366 3744 483 3800 initium
505 3745 590 3815 redit,
614 3744 926 3819 primariasententia:
949 3763 980 3798 eo
1002 3745 1027 3798 ei
1048 3745 1166 3798 remmus
1188 3751 1227 3797 est
1244 3749 1316 3807 cet.;
1339 3738 1398 3814 ip-

307 3849 370 3886 sum
383 3829 499 3886 initium
512 3829 669 3886 orationist
693 3831 876 3903 Princepsque
891 3837 946 3884 eet
970 3831 1112 3900 nusquam
1131 3823 1321 3900 grammatice
1333 3824 1398 3880 ab·

308 3915 442 3971 solvitur.
476 3915 534 3987 Qui
557 3915 587 3971 in
610 3915 709 3970 verbis
732 3915 779 3970 illu
801 3924 935 3970 aerternae
948 3911 1036 3968 rediri
1048 3921 1163 3986 putant,
1186 3909 1229 3966 illi
1242 3917 1397 3982 statuunt,

308 3999 345 4055 ab
367 3999 453 4055 initio
476 3998 612 4056 Ciceroni
635 4007 786 4073 tamquam
808 3997 979 4072 primarium
1003 3995 1188 4071 propositum
1215 3993 1307 4051 fuisse
1330 3993 1399 4053 hoe

308 4083 373 4140 loeo
397 4083 571 4157 sapientiam
595 4083 725 4139 definire.
768 4084 814 4140 At
834 4083 929 4140 onrnis
952 4081 1014 4138 eius
1037 4081 1132 4138 oratio
1155 4087 1331 4153 adspectat,
1357 4091 1400 4138 ut

308 4169 454 4239 ostendat,
477 4167 566 4224 etiam
589 4187 626 4224 ex
650 4167 813 4242 sapientiae
836 4167 956 4224 notione
979 4165 1077 4239 sequi,
1107 4173 1140 4221 ut
1167 4162 1402 4223 communitatis

309 4249 408 4308 officia
429 4252 559 4309 maxima
580 4253 647 4310 sint.

395 4338 444 4393 aed
465 4356 515 4393 nou
537 4337 697 4413 conveniret)
721 4336 780 4406 sio,
804 4337 918 4410 opinor,
941 4335 1028 4410 primi
1040 4332 1191 4392 llanutius
1215 4342 1244 4388 et
1267 4331 1406 4391 Lambi-
