2938 5020
384 411 428 456 er
452 410 531 458 usn.
555 411 617 458 urs.
639 411 663 456 u
685 411 758 458 cnr.
783 415 806 459 e.
1075 393 1134 458 181

75 578 211 656 storibus,
243 579 380 660 pisostu,
418 579 566 660 aucupio,
606 579 782 656 venatione,
820 579 869 644 his
907 579 1049 645 omnibus
1083 599 1136 644 ex-

73 679 196 760 quiritis,
222 680 356 745 vientes
389 679 590 759 cruditatem,
619 681 732 764 quibus
755 681 883 745 vinum
910 680 1086 746 defusum
1119 700 1137 746 e

73 781 176 861 pleno
197 782 248 846 sit
274 781 295 862 †
317 782 491 846 hirsizon
521 783 571 862 (ut
597 783 641 846 ait
661 781 814 866 Lucilius)
837 783 896 847 cui
925 781 1023 846 nihil
1050 783 1137 846 dum

136 989 155 1034 1.
173 985 200 1033 iic
218 985 269 1034 Lu
305 989 329 1033 ⁴2.
348 985 432 1050 quibus
449 987 616 1050 proximeque
634 988 702 1052 opud
721 985 766 1038 Or.
785 987 822 1036 sic
840 987 866 1035 in
884 999 971 1036 vertor
989 985 1137 1036 describun-

74 1063 121 1100 tur:
139 1053 211 1116 perlu'
236 1052 315 1102 virute
331 1053 462 1120 lDeftumu
474 1081 504 1091 -
516 1053 598 1104 cuinil
624 1053 733 1119 Dempsit
744 1081 774 1092 -
786 1053 907 1104 obtulerit
942 1053 1056 1119 diffusum
1063 1053 1139 1108 MCR

75 1125 93 1168 ³.
110 1125 152 1170 etet
167 1121 209 1170 Or.
246 1121 359 1188 1ψὰοη
378 1123 399 1171 Ε
416 1121 541 1188 dt'rtypdon
560 1123 581 1174 C
655 1122 777 1189 inyrnplon
796 1122 817 1171 L
840 1123 979 1189 lyoimpdoo
996 1123 1025 1170 M
1048 1121 1138 1187 lyrani·

72 1189 127 1252 plor
144 1189 215 1239 ath
230 1189 314 1254 sindon
333 1191 377 1249 (P)
394 1191 432 1238 Ιώ·
448 1191 543 1255 copiose
561 1191 604 1244 Or.
645 1191 733 1240 dimon
751 1195 807 1256 (pro
817 1190 870 1240 ἀνω
889 1191 930 1254 tit)
949 1191 996 1240 Em
1018 1189 1137 1257 [uonEh]

75 1256 163 1322 dmpsit
179 1257 287 1308 Pcrtor.
307 1257 435 1324 dempserit
453 1259 474 1308 L

77 1463 154 1521 dixit:
189 1467 301 1522 iucunde
335 1468 419 1522 cinae
456 1485 530 1524 nenw
559 1478 648 1542 putot.
709 1467 803 1540 Atqui
838 1466 1039 1524 diversissime
1065 1465 1138 1522 haec

78 1561 149 1620 suun
168 1551 291 1608 iucunde
315 1551 393 1606 euim
416 1551 566 1628 elegantes
588 1553 656 1608 illos
678 1553 788 1619 vivere,
822 1569 930 1628 negare
953 1551 1057 1610 Cicero
1081 1568 1138 1608 non

77 1643 191 1708 poterut3
212 1646 242 1692 et
264 1637 320 1692 hoo
342 1636 439 1710 ipsum
461 1637 599 1708 ostendit„
622 1656 686 1694 esse
698 1637 881 1707 luxuriosos,
909 1636 959 1710 qui
982 1635 1139 1692 iucundum

78 1719 169 1792 ritem,
199 1739 287 1794 quem
309 1719 456 1796 Epicurus
479 1722 586 1780 bonurn
614 1732 645 1779 et
672 1722 788 1778 beatem
811 1731 909 1796 putet,
944 1721 1015 1778 satie
1037 1739 1139 1777 conse·

77 1815 203 1878 quantur,
237 1806 289 1863 sed
312 1815 410 1866 tomen
433 1825 484 1864 eos
506 1809 609 1864 abesse
632 1826 650 1864 a
672 1808 750 1865 bone
772 1817 801 1863 et
824 1807 919 1864 beate.
963 1807 1073 1863 Verum
1096 1806 1140 1862 di·

78 1889 246 1947 stinctionem
268 1890 357 1948 focile
369 1899 433 1948 eret
444 1893 610 1963 restituere,
633 1911 699 1949 curu
711 1891 884 1967 praesertim
902 1901 983 1948 recte
995 1891 1141 1965 scriptura

78 1975 154 2050 (erpo)
173 1995 229 2032 non
253 1976 349 2033 solum
371 1977 401 2033 in
425 1977 536 2052 optimo
559 1978 624 2035 cod.
646 1975 691 2055 [A
714 1995 831 2052 quoque
853 1985 883 2033 et
901 1974 952 2054 Β],
976 1976 1028 2032 sed
1050 1976 1139 2032 etiem

78 2059 102 2114 in
122 2060 209 2118 minue
238 2061 324 2118 bonis
352 2062 532 2137 reperiretur
560 2060 642 2142 (meo
666 2063 697 2120 M
720 2073 750 2119 et
772 2063 817 2119 ed.
840 2061 867 2120 R
894 2073 924 2118 et
946 2062 1022 2118 Ven.
1049 2061 1139 2131 1480,

78 2143 150 2220 014,
170 2144 247 2204 Gud.
263 2149 276 2202 1
291 2155 322 2202 et
332 2146 419 2214 Bus.;
442 2148 477 2204 de
489 2148 551 2204 Erl.
574 2147 767 2218 Gziustaceu
789 2166 827 2203 ue
849 2147 966 2203 dubites
988 2145 1024 2202 de
1046 2145 1140 2221 Spir.;

78 2230 155 2286 ceteri
174 2231 300 2288 editores
323 2231 449 2306 turpiter
471 2231 581 2314 silent).
627 2233 686 2292 Sed
707 2251 755 2290 res
778 2233 874 2289 minue
902 2231 1052 2300 latuisset,
1083 2231 1140 2288 nisi

78 2313 167 2372 Cicero
188 2316 285 2372 studio
313 2316 477 2374 insectandi
508 2318 669 2394 Epicurum
702 2318 866 2375 orationem
893 2317 983 2392 poulo
1016 2316 1141 2374 celerius

78 2400 224 2472 evertisset,
247 2419 324 2475 ques
346 2401 390 2459 sic
412 2403 571 2478 procedere
593 2404 692 2479 potius
714 2403 854 2460 debebat:
879 2403 998 2459 dlundos
1020 2413 1076 2458 ete.
1099 2435 1141 2443 -

79 2487 175 2543 uuerde
200 2489 287 2543 nuere
314 2488 374 2546 dico
408 2489 455 2564 (ut
481 2507 518 2545 ex
547 2489 670 2564 Epicuri
704 2487 851 2546 sententie
878 2487 1053 2564 reprehendi
1081 2505 1140 2543 non

79 2571 190 2643 poesim,
217 2581 399 2648 cogaturque
432 2573 458 2630 is
485 2592 586 2631 eornm
620 2574 782 2649 voluptatis
814 2590 907 2649 genus
934 2590 953 2629 e
981 2589 1012 2628 ee
1040 2572 1140 2646 expeti

80 2657 222 2728 meliteri);
244 2656 315 2714 addi
337 2668 468 2731 poteret:
491 2659 553 2716 dene
577 2663 661 2716 cicere
683 2659 962 2733 rtumpuomdt'rerim.
998 2657 1058 2716 Sed
1074 2657 1140 2727 hoo,

79 2741 144 2812 quod
163 2742 257 2798 minus
278 2741 318 2798 ed
339 2760 401 2798 rem
425 2744 600 2818 pertinebat,
624 2745 729 2804 Cicero
746 2743 872 2820 erripuit
894 2753 1043 2816 tunrqnsnr
1060 2742 1141 2817 prin·

79 2825 159 2900 ripale
179 2837 208 2883 et
233 2826 267 2884 id
288 2838 461 2902 persecutus
484 2839 544 2898 est;
577 2831 629 2888 sed
657 2841 755 2887 tamen
778 2828 925 2886 sententie
947 2828 1080 2902 perlucet
1102 2845 1139 2884 ex

79 2909 196 2970 ediectis:
218 2933 253 2968 ec
274 2931 329 2985 th
351 2921 422 2984 eto,
456 2915 563 2988 quibus
592 2915 787 2992 significatur,
822 2933 872 2970 eos
901 2913 1052 2987 voluptate
1080 2911 1140 2968 frui

79 2998 161 3070 negari
183 3016 254 3054 sene
277 3015 336 3054 non
358 3015 455 3073 posse.
500 3001 546 3056 De
568 3019 631 3074 erqo
652 3001 683 3058 in
705 2999 872 3075 colligenda
894 2997 1027 3054 oratione
1049 2997 1140 3054 inter·

78 3091 150 3156 rupta
159 3083 210 3140 cfr.
222 3083 261 3138 sd
273 3083 299 3149 Ι,
314 3083 369 3152 723
392 3081 445 3161 [ed
456 3085 481 3141 F
481 3103 538 3142 em.
550 3086 621 3156 XV,
637 3087 685 3158 10,
708 3088 734 3155 1,
747 3084 846 3142 Haud.
858 3084 944 3140 Turs.
957 3083 999 3152 11,
1012 3101 1040 3157 p.
1053 3079 1140 3158 ton]

79 3163 203 3224 Similiter
224 3168 353 3244 positum
377 3187 436 3226 non
458 3171 555 3228 nunus
576 3169 684 3228 fefellit
702 3171 829 3227 editores
840 3169 871 3225 in
883 3169 915 3226 11
927 3169 963 3224 de
975 3166 1076 3224 Diviu.
1092 3169 1140 3237 11,

78 3251 119 3324 qui
136 3253 214 3310 locus
237 3253 281 3309 sie
305 3253 476 3312 scribendus
499 3266 557 3312 est:
592 3256 731 3324 Quomodo
752 3265 840 3311 autem
862 3257 1024 3311 interitionem
1048 3265 1141 3326 (qoem

78 3323 247 3411 ψευδόμενον
280 3341 385 3411 nocant)
419 3341 551 3398 dissolvas
584 3351 632 3398 out
663 3341 888 3416 quentodnwdmo
926 3341 1003 3396 soriti
1030 3340 1140 3394 resistas

78 3421 167 3492 (ptem,
188 3427 214 3480 ei
234 3441 339 3480 necesse
360 3426 404 3493 eil,
427 3425 528 3482 Latino
550 3427 628 3483 verbo
650 3429 727 3484 liceat
748 3427 895 3482 acervalem
916 3425 1055 3499 appellite
1061 3447 1070 3488 ,·
1093 3425 1142 3479 sed

78 3507 132 3562 nitu
149 3527 214 3582 opus
236 3517 293 3574 eet,·
316 3518 345 3564 ut
366 3511 434 3566 enim
455 3512 696 3587 tpsapltr'loeoplto'a
718 3521 744 3568 et
769 3511 854 3567 multu
872 3511 951 3566 uerbo
966 3507 1139 3576 Graecorum,

77 3595 108 3646 tic
125 3595 214 3650 conire
235 3595 305 3650 sotto
326 3594 429 3650 laturo
450 3615 568 3653 smomtc
590 3599 669 3653 tritus
691 3599 760 3668 est),·
795 3627 837 3638 -
864 3614 926 3668 erqo
948 3595 1013 3651 loeo
1035 3612 1141 3668 quoque

77 3677 192 3734 dolectici
212 3679 315 3739 dicem.
349 3699 401 3735 reon
427 3682 519 3737 dicitu.
563 3681 708 3739 Perverse
738 3681 826 3757 vulgo
855 3689 1004 3754 tamqnam
1034 3679 1070 3735 de
1097 3696 1139 3749 re,

77 3780 140 3835 quse
165 3763 226 3819 lieri
255 3773 397 3837 nequeat,
421 3765 583 3842 interroget
603 3768 738 3824 Morcus:
771 3767 902 3841 qomrrodo
925 3797 966 3806 -
989 3765 1141 3821 tlissoloas!

77 3846 153 3904 Nonii
174 3848 256 3904 nullu
278 3867 400 3924 prorsus
427 3861 473 3908 est
499 3851 529 3908 in
552 3852 709 3909 verborum
737 3849 943 3908 coniunctione
971 3848 1141 3919 auctoritas,

77 3933 116 4006 qui
136 3945 269 3990 trrrnoete
291 3943 322 3989 et
343 3933 466 3992 coufirse
488 3955 576 4012 saepe
595 3938 674 3994 citet.
719 3937 882 3994 Loteentne
905 3935 964 3992 ism
986 3935 1017 3991 in
1040 3933 1141 4010 proxi-

77 4019 121 4074 nis
140 4019 229 4076 verba
251 4019 396 4093 quaedem
419 4021 527 4078 Lucilii
538 4022 568 4078 in
579 4041 685 4097 prosae
697 4021 839 4079 orationis
849 4019 975 4078 formam
987 4019 1141 4090 dissolute,

77 4120 121 4160 non
143 4111 239 4180 potest
261 4104 389 4162 decerni.

146 4191 234 4246 tinum
256 4191 382 4264 defusum
406 4197 473 4259 eto.)
507 4191 600 4249 Plure
611 4211 646 4249 ec
657 4211 750 4269 prope
767 4191 867 4250 omnis
877 4191 907 4248 in
920 4191 965 4248 his
978 4190 1141 4247 Lucilianie

77 4275 147 4333 rulde
163 4273 254 4332 dubie
266 4283 343 4332 suut.
389 4273 508 4354 [Itaque
531 4296 618 4348 nunc,
644 4278 761 4335 sublata
777 4295 914 4334 versuum
933 4276 1140 4351 descriptione,

76 4361 131 4432 quia
150 4377 187 4417 ne
210 4361 388 4434 etquidem
409 4381 531 4436 prorsus
553 4372 634 4420 certe
656 4373 710 4434 est,
733 4363 827 4438 ipsam
850 4362 984 4420 codicum
996 4363 1140 4419 bonorum
