3000 5044
353 373 418 439 560
744 393 789 438 nn
811 393 942 441 munaus
964 393 1036 442 sou.

353 579 449 643 posse
471 565 623 640 constare,
646 562 672 626 si
694 561 725 626 in
748 563 861 628 ceteris
888 563 981 628 rebus
1009 570 1093 628 esset
1125 563 1310 645 quidquam,
1343 563 1413 644 quod

353 664 441 728 aliud
463 664 522 728 alio
540 663 649 728 melius
660 669 745 729 esset
755 671 810 729 aut
820 666 919 746 peius,
942 667 991 732 his
1002 666 1174 748 propositis
1185 667 1285 732 tenuit
1295 683 1413 748 prorsm

356 767 584 847 consequentia
633 767 729 832 Recte
756 768 847 846 dicis3
887 787 1003 850 negare
1030 788 1092 834 non
1119 788 1262 850 possum;
1302 768 1414 834 sedita

355 867 435 933 falsa
456 877 529 934 sunt
550 887 596 947 ea,
619 887 701 950 quae
722 876 969 952 consequuntur,
1003 878 1039 936 ut
1065 872 1131 950 illa,
1165 891 1182 937 e
1211 873 1324 953 quibus
1350 873 1414 936 hacc

314 970 430 1036 busta
451 978 537 1048 sunt,
571 989 645 1036 vera
671 989 740 1036 esse
768 991 829 1036 non
856 973 986 1054 possint.
1037 975 1088 1039 55.
1116 975 1237 1039 Docent
1258 975 1339 1039 enim
1360 993 1414 1048 nos

354 1078 389 1137 ut
410 1073 479 1152 scis,
501 1073 660 1153 dialectici,
683 1075 709 1139 si
732 1094 777 1154 ea,
799 1093 879 1156 quae
901 1093 967 1140 rem
989 1077 1123 1158 aliquam
1146 1085 1328 1158 sequuntur,
1349 1075 1415 1139 falsa

354 1176 425 1254 sint,
447 1174 557 1240 falsam
578 1176 663 1240 illam
683 1176 784 1258 ipsam
806 1196 885 1256 esse,
907 1196 1001 1259 quam
1024 1187 1202 1261 sequanum.
1247 1180 1297 1242 Ita
1319 1177 1354 1243 fit
1371 1177 1413 1241 illa

354 1279 508 1344 conclusio
531 1298 592 1344 non
615 1279 714 1344 solnm
736 1299 824 1358 vera,
859 1282 915 1345 sed
941 1281 1187 1363 imperspicua,
1219 1289 1256 1346 ut
1277 1279 1414 1346 dialectici

354 1399 394 1446 ne
416 1381 566 1446 rationem
588 1381 712 1463 quidem
740 1383 829 1447 reddi
855 1390 967 1464 putent
989 1389 1149 1464 oportere:
1183 1383 1215 1448 Si
1237 1383 1328 1461 illud,
1355 1383 1414 1452 hoc;

295 1485 337 1550 10
355 1502 417 1548 non
440 1491 544 1549 autem
565 1482 637 1563 hoc;
659 1485 816 1566 igiturne
838 1485 1058 1566 illudquidem.
1087 1485 1146 1565 Sic,
1167 1484 1414 1568 consequentibus

354 1586 467 1651 vestris
490 1586 633 1666 sublatis,
661 1587 763 1668 pm‘ma
789 1588 948 1652 tolluntur.
994 1588 1081 1666 Quae
1111 1595 1286 1669 sequuntur
1313 1585 1414 1670 mun?

354 1691 481 1768 Omnes,
499 1689 553 1770 qui
571 1709 633 1754 non
650 1690 713 1754 siut
729 1690 895 1771 cupienten,
912 1709 1011 1772 aeque
1021 1691 1152 1755 miseros
1163 1709 1247 1768 esse;
1271 1689 1414 1772 sapientes

354 1810 460 1857 omues
482 1811 600 1856 summe
627 1792 749 1870 beatos3
782 1799 867 1858 recte
898 1791 981 1857 iacta
1008 1793 1110 1857 omnia
1137 1793 1295 1874 aequalia,
1328 1788 1415 1857 onnia

353 1899 481 1976 peccata
497 1895 600 1976 paria3
615 1913 747 1976 —quae
770 1913 839 1959 cum
860 1895 1134 1978 magnificeprimo
1157 1895 1218 1960 dici
1240 1896 1414 1965 viderentur,

296 1998 336 2062 15
354 1997 549 2063 considerata
577 1997 677 2061 minus
705 1997 925 2079 probabantur.
975 1997 1091 2062 Sensus
1118 1997 1201 2062 enim
1228 1997 1374 2078 cuiusque
1391 1999 1414 2056 et

424 2190 445 2237 l.
465 2183 592 2248 quidquam
610 2201 661 2238 om.
680 2185 700 2233 P
763 2201 809 2248 quo
826 2184 933 2236 diocle
1007 2189 1029 2234 3.
1050 2201 1136 2250 nequae
1153 2184 1213 2234 enim
1232 2203 1277 2234 non
1296 2180 1414 2233 LPCROr.

353 2261 377 2303 4.
396 2253 436 2304 ille
454 2255 537 2317 quobus
555 2255 577 2303 Ε
595 2252 638 2303 illa
648 2254 709 2318 quid.
727 2254 773 2303 La
809 2258 831 2302 6.
849 2252 933 2303 scioR
964 2252 1068 2317 alionum
1087 2263 1262 2318 consequamur
1279 2254 1326 2305 CR
1353 2248 1415 2316 salso

355 2352 385 2360 -
404 2331 534 2387 sequoretur
550 2323 640 2374 cml.
691 2326 714 2371 7.
731 2323 825 2372 santE
881 2322 921 2390 [sit
945 2337 991 2387 pro
1012 2325 1040 2385 fit
1061 2319 1112 2389 Eh]
1168 2327 1190 2370 9.
1212 2321 1293 2390 [reddi
1309 2337 1355 2372 om.
1372 2313 1412 2382 m]

357 2397 394 2441 ll.
416 2390 529 2441 tollantur
551 2391 641 2442 LPCR
712 2396 749 2443 12.
777 2399 831 2442 sant
853 2391 988 2443 LPCROr.
1063 2408 1114 2441 esee
1133 2399 1191 2456 post
1213 2393 1312 2441 misem
1334 2385 1415 2440 omli

358 2465 394 2510 13.
413 2461 493 2510 beatos
511 2477 561 2510 esse
578 2459 689 2512 PCROr.
746 2465 783 2508 15.
799 2461 932 2525 probantur
949 2471 1043 2518 ommes,
1063 2459 1106 2509 Or.

440 2653 481 2710 dis
503 2651 664 2728 propositio)
701 2652 749 2709 De
782 2652 928 2709 sententia
960 2651 1137 2708 declaranda
1169 2659 1199 2707 et
1232 2644 1415 2708 fundamentis

354 2738 562 2813 disputationis
589 2739 673 2813 quasi
696 2737 837 2796 iaciendis
861 2737 953 2814 magis
981 2756 1019 2793 ex
1041 2755 1122 2794 more
1145 2735 1299 2795 Ciceronis
1320 2735 1415 2792 dietum

354 2823 512 2894 videretur,
536 2824 615 2898 quod
637 2824 778 2881 Davisius
800 2823 889 2881 scribi
912 2822 1040 2894 volebat,
1064 2823 1210 2897 dispositas
1234 2820 1308 2900 (vid.
1329 2815 1415 2880 Schcl·

355 2910 434 2966 lerus
457 2929 485 2986 p.
499 2911 580 2967 8126
605 2918 680 2966 extr.
704 2918 734 2966 et
756 2909 837 2966 8127
862 2905 967 2986 med.);
995 2909 1047 2965 sad
1069 2907 1195 2965 alterum
1218 2907 1255 2964 de
1277 2907 1360 2965 initio
1380 2900 1413 2958 di·

354 2995 496 3070 seiplinae
519 2996 622 3054 eodem
644 2994 707 3053 fere
729 2995 816 3052 modo
839 2995 951 3051 dietum
973 2994 1098 3064 videtur,
1122 3012 1181 3068 quo
1204 3003 1338 3052 oratores
1358 3005 1414 3065 pro·

354 3099 469 3156 ponere
487 3082 633 3140 dicuntur.
677 3080 802 3156 (Caesar
824 3081 915 3138 verbo
933 3081 1104 3156 proponendi
1124 3078 1213 3154 paulo
1231 3079 1319 3136 aliter
1337 3075 1416 3133 utitur

355 3185 389 3224 uc
412 3167 539 3238 Cicero.)
584 3165 683 3245 [Enim
705 3175 772 3243 post
794 3185 891 3239 aepare
913 3165 1033 3223 sustulit
1053 3164 1201 3236 Baiterus,
1225 3165 1315 3222 etiam
1336 3163 1360 3220 B
1379 3177 1415 3215 se·

355 3249 471 3332 quens]
503 3251 690 3328 Praepositio
713 3260 781 3308 ante
798 3253 895 3326 quibam
917 3251 1028 3308 excidit
1047 3269 1063 3306 e
1081 3249 1181 3308 multis
1198 3251 1283 3308 codd.
1303 3241 1415 3328 (BEN)-

354 3405 357 3410 ,
429 3339 491 3412 ‚bd
514 3359 570 3396 reon
591 3341 711 3413 aliquam
733 3335 893 3414 sequnntur)
916 3335 1027 3396 Goon
1050 3336 1098 3394 hic
1116 3335 1151 3393 ¹ot
1172 3355 1242 3392 mox
1265 3348 1414 3408 consequau-

355 3433 407 3481 tur.
431 3423 526 3481 Paulo
548 3431 616 3500 post
633 3427 726 3498 prame
748 3425 884 3494 tolluntur,
907 3421 1093 3478 utfercante
1105 3421 1267 3480 Gruterum
1280 3419 1414 3480 edebatur,

353 3509 449 3568 Gaius
479 3509 567 3566 etiam
596 3528 611 3565 e
635 3509 713 3584 Spir.
736 3506 802 3586 [B],
825 3516 855 3566 et
876 3508 935 3565 iam
958 3517 1026 3565 ante
1047 3508 1118 3565 Em.
1152 3509 1187 3566 In
1199 3507 1276 3565 Pnll.
1295 3517 1325 3564 et
1333 3505 1415 3580 zeral

355 3597 491 3652 tolluntur.

446 3679 522 3749 Quae
543 3690 692 3754 sequuntur
712 3682 814 3750 iqiter?
850 3679 946 3737 Omnes
968 3672 1040 3758 cet)
1074 3678 1176 3735 Verba
1202 3696 1268 3734 eum
1298 3677 1342 3734 ed.
1367 3669 1413 3729 Ox·

353 3766 464 3823 rectius
486 3766 618 3823 distinxi.
662 3765 814 3822 Edebatur
835 3764 927 3822 enim:
960 3763 1035 3832 Quae
1054 3773 1202 3837 sequuntur
1224 3765 1321 3837 {picam
1341 3771 1415 3816 omn&

356 3862 421 3925 cet,
443 3861 477 3908 ut
498 3851 634 3908 instituta
656 3851 751 3909 oratio
773 3852 832 3909 alio
855 3850 949 3908 averti
966 3849 1097 3925 putanda
1113 3857 1191 3906 esset
1207 3848 1238 3905 in
1250 3848 1347 3906 verbis
1357 3855 1414 3919 quat

354 3958 423 3996 cam.
458 3937 518 3996 Sed
540 3936 706 3994 huiusmodi
729 3937 896 4008 declinatio,
919 3943 953 3992 ut
963 3954 1017 4010 pro
1029 3933 1261 3992 demonstrativo
1284 3934 1329 4013 (eu
1344 3919 1413 4002 euml

353 4043 414 4099 quo
436 4023 534 4100 posito
556 4023 654 4081 omnia
675 4031 755 4080 recte
777 4023 979 4092 decurrerent,
1002 4021 1066 4078 sine
1086 4019 1149 4077 ulla
1171 4039 1261 4078 causa
1274 4017 1414 4077 relativum

356 4109 564 4179 substituatur,
593 4109 702 4166 iniuria
723 4108 857 4184 fingitur,
881 4126 946 4164 cum
968 4106 1142 4182 praesertim
1165 4106 1311 4164 sententia
1337 4097 1414 4160 multo

356 4195 523 4272 languidior
545 4196 604 4252 fiat.
633 4191 707 4275 [Qui
727 4213 778 4251 noa
800 4198 854 4251 nint
870 4193 958 4250 etiam
970 4192 1006 4264 B,
1030 4191 1257 4266 coniecturaque
1274 4199 1414 4267 praecepe-

356 4288 404 4337 rat
425 4281 496 4338 Ern.
540 4281 614 4338 Esse
635 4289 703 4356 post
726 4281 814 4338 beatos
837 4298 893 4336 om.
917 4279 1005 4336 etiam
1028 4278 1054 4335 B
1077 4286 1108 4335 at
1128 4277 1208 4336 ΟΠ.
1230 4272 1297 4356 BE]

442 4367 613 4424 cmuiderata
641 4369 728 4423 minus
750 4362 953 4442 probabantur)
993 4381 1012 4420 a
1039 4363 1166 4421 Zenonis
1200 4361 1369 4438 aequalibus
1391 4357 1415 4406 θῑ
