2928 5012
501 424 697 472 emmaum.
1032 405 1140 470 XXIII

92 593 198 679 negandi
224 593 424 658 dubitandiue
451 595 572 675 copiam
602 594 768 660 excludunt
800 609 978 658 communes
1006 593 1142 658 omnium

92 701 203 766 codicum
223 701 354 767 lacunae
383 709 415 766 et
436 701 600 767 verborum
622 701 820 780 omissiones,
853 701 986 766 maxima
1007 701 1039 765 in
1061 699 1141 766 libro

91 809 155 888 Lm,
176 811 229 874 sed
251 829 314 875 non
335 810 438 875 minus
460 822 589 892 apertae
610 809 699 889 ultae
722 819 758 874 ut
777 807 1033 892 unumpate)
1057 811 1142 874 otoo

91 917 127 992 (o'o
144 918 178 955 *¹*
199 917 296 996 auus)
313 919 404 997 etII,
423 919 462 983 21
487 916 577 1002 (omitti
601 915 779 982 totam
800 917 836 956 *⁸*
858 916 939 1002 mm)
962 917 1007 1001 [et
1023 917 1141 1001 II,97],

90 1026 178 1090 ddnde
198 1025 349 1092 eiusmodi
371 1027 484 1092 menda
495 1025 651 1108 permulta
672 1044 731 1107 per
752 1044 859 1092 onmes
882 1026 1003 1091 codices
1025 1044 1140 1108 perva-

88 1143 150 1214 gata,
170 1153 247 1216 quae
270 1153 346 1198 casu
368 1135 399 1198 in
421 1133 564 1199 omnibus
587 1139 656 1198 orta
678 1152 747 1198 esse
769 1153 832 1198 non
843 1141 984 1215 possunt,
1007 1135 1140 1215 ut(nam

89 1259 168 1321 peuce
192 1243 335 1324 exempla
361 1241 475 1324 eligere
502 1241 579 1306 satis
607 1243 669 1323 est)
697 1242 721 1321 I,
744 1243 786 1308 34
813 1239 998 1321 composa,
1034 1242 1075 1320 11,
1099 1239 1142 1307 24

85 1349 185 1430 inquo
210 1350 331 1432 copem
359 1355 391 1414 et
416 1350 515 1430 11,32
548 1349 645 1412 caica
679 1353 810 1429 statum,
844 1349 1036 1432 maximeque
1064 1349 1142 1414 illud

87 1466 196 1538 pmpter
224 1458 425 1540 exiguitatem
453 1457 602 1538 notabile,
635 1458 719 1539 quod
747 1459 787 1536 II,
804 1459 846 1523 64
867 1457 899 1522 in
922 1457 1063 1522 omnibus
1085 1477 1141 1523 no·

86 1565 142 1629 stris
158 1565 313 1630 codicibus
330 1565 453 1648 legitur,
476 1567 592 1630 omissa
612 1566 739 1631 lineola:
762 1564 1141 1646 habebottamenroto'one,

86 1682 141 1752 um,
162 1691 240 1756 quae
252 1673 348 1738 Nonii
369 1673 555 1739 auctoritate
576 1681 716 1739 correcta
739 1679 826 1752 sunt,
847 1673 889 1752 Π,
910 1673 950 1738 78
973 1673 1028 1737 aab
1048 1673 1142 1738 dada

85 1798 129 1860 pro
146 1780 301 1862 subducta,
324 1782 362 1860 V,
374 1784 412 1847 31
436 1781 558 1864 scopus
578 1801 636 1863 pro
658 1801 806 1864 smapoen,
831 1781 867 1860 V,
890 1783 932 1845 42
954 1800 1061 1861 vemas
1081 1801 1140 1863 pro

85 1907 173 1968 tepeo,
205 1890 244 1968 V,
261 1891 304 1955 58
333 1890 485 1954 senecas
511 1909 570 1971 pro
599 1890 750 1954 termites.
766 1887 793 1973 ¹)
841 1888 1004 1954 Postremo
1032 1889 1141 1954 eedem

85 2014 188 2078 quoque
209 1997 485 2079 interpretantium
509 1998 721 2063 additamenta
738 2015 844 2062 omnes
873 2005 997 2062 nostros
1019 1997 1141 2062 codices

84 2103 215 2182 obsident,
238 2105 324 2170 velut
347 2106 386 2184 V,
398 2104 597 2170 &moretm
618 2111 649 2170 et
670 2105 745 2169 illud
756 2104 891 2186 plurium
902 2105 1068 2170 verborum
1079 2123 1141 2170 nou

84 2211 166 2277 ninus
196 2213 413 2294 manifestum,
446 2215 530 2295 quod
552 2233 570 2279 e
592 2213 629 2292 V,
652 2215 691 2277 21
721 2213 876 2278 subletum
899 2219 955 2277 est.
984 2211 1052 2296 [IV,
1075 2211 1140 2296 63.]

82 2317 172 2400 ltaque
192 2321 252 2385 hoc
274 2321 412 2402 primum
433 2328 574 2403 apparet,
597 2339 717 2385 omnem
729 2329 907 2385 nostrorum
918 2319 1057 2386 codicum
1068 2339 1141 2403 per·

83 2429 299 2509 redgntionem
321 2447 360 2494 eo
382 2427 501 2508 referri,
523 2429 693 2507 utsciattu,
715 2428 790 2510 quid
811 2427 906 2493 inillo
918 2427 1140 2494 codicearche-

84 2543 142 2614 opo
159 2534 255 2601 merit
276 2515 337 2601 (sic
359 2536 441 2601 enim
462 2536 624 2602 brevitatis
635 2534 957 2620 causaappellemus),
979 2555 1036 2602 nec
1047 2555 1142 2618 posse

84 2639 164 2720 ipsam
184 2644 310 2725 longius
331 2644 488 2726 progredi.

150 2751 210 2816 Sed
232 2752 292 2816 hos
315 2751 439 2816 codices
460 2752 548 2834 ipsos
570 2770 589 2816 a
611 2751 732 2816 duobus
756 2770 794 2816 ex
810 2751 862 2816 illo
880 2751 981 2833 primo
992 2751 1142 2816 derivatis

82 2855 217 2924 diversam
241 2866 275 2924 et
296 2859 453 2940 duplicem
475 2859 605 2941 stirpem
627 2861 751 2939 ducere,
773 2878 834 2923 non
857 2859 1141 2940 optor-ibusexilto

83 2965 143 3029 ortis
167 2965 371 3031 multifariam
398 2967 572 3048 dispertiri,
604 2967 741 3032 ostendit
772 2973 944 3049 perpetuus
971 2968 1142 3032 eorundem

82 3073 201 3138 tadicum
222 3075 258 3138 in
280 3074 320 3138 iis
330 3074 416 3154 loeis,
438 3074 489 3140 ubi
506 3074 648 3140 notabiIIs
659 3073 870 3156 discrepantia
881 3082 938 3153 est,
962 3091 1141 3140 consensus.

84 3181 167 3262 Itque
185 3183 215 3247 is
237 3200 414 3246 consensus
434 3182 584 3247 eiusmodi
606 3189 668 3262 est,
695 3188 746 3263 ut,
774 3183 828 3264 qui
849 3181 1025 3264 diligentius
1047 3182 1141 3263 paulo

83 3291 210 3370 amomo,
233 3287 327 3354 facile
349 3289 469 3369 videat,
489 3289 523 3354 in
544 3289 651 3355 ulteris
672 3309 774 3372 prope
795 3295 974 3355 constanter
1002 3308 1040 3354 ea
1061 3307 1140 3369 esse,

84 3409 181 3471 quaes
202 3396 438 3462 contrariorum
459 3397 616 3480 scriptura
641 3416 743 3480 neque
770 3416 846 3463 casu
871 3416 973 3479 neque
993 3399 1142 3462 mutando

84 3511 138 3566 um
155 3523 224 3570 esse
246 3505 388 3586 possint,
415 3505 448 3569 in
469 3503 643 3571 bisantem
665 3523 717 3584 eo,
750 3525 832 3588 quae
853 3509 1007 3588 appareat
1028 3511 1083 3570 eut
1105 3525 1142 3570 ex

107 3777 123 3833 'i
137 3779 229 3829 nonius
248 3791 341 3828 veram
360 3781 514 3842 scripturam
533 3779 603 3830 dedtt
621 3783 698 3829 ettam
717 3780 747 3840 11,
761 3778 792 3840 8,
811 3781 856 3830 nbi
875 3781 955 3830 codex
974 3781 1029 3838 tlle,
1059 3793 1072 3829 e
1091 3793 1142 3843 qno

137 3869 213 3915 nostri
230 3867 282 3914 orti
301 3869 374 3921 sunt,
394 3877 446 3913 una
464 3864 546 3914 littera
564 3866 705 3925 aberrabat,
725 3869 751 3916 ln
771 3865 942 3916 deterioribus
961 3865 1063 3928 longius
1081 3879 1142 3928 pro-

136 3963 236 4000 cessum
262 3955 310 4000 est
354 3950 439 3999 Etiam
463 3949 502 4007 tv,
516 3949 551 4001 60
572 3950 715 4000 eoodaebct
737 3954 763 4002 tn
787 3955 878 4015 paucis
901 3951 974 4002 codd.
994 3953 1143 4000 contectura

135 4038 282 4084 restitutum
301 4035 413 4084 ridetur.
450 4033 545 4084 Contra
567 4036 661 4086 menda
680 4042 753 4086 crunt
771 4039 797 4086 tn
821 4037 895 4086 Nonii
919 4036 1020 4095 codlce,
1047 4035 1142 4098 quibus

137 4125 213 4170 nostri
232 4125 334 4178 cuent,
353 4119 439 4176 tuso
457 4125 482 4168 et
499 4119 544 4179 68;
564 4133 624 4169 nem
643 4121 715 4180 11,91
735 4127 761 4171 et
778 4122 833 4181 v,3
852 4123 957 4180 librarii,
976 4121 1141 4184 qntNontum

135 4203 337 4269 descripserunt,
356 4207 474 4254 accusem
491 4210 609 4272 possunt
637 4205 732 4256 Eodem
752 4207 829 4256 modo
847 4213 986 4270 utrumque
1004 4205 1141 4268 exemplar,

137 4297 159 4338 ot
175 4291 249 4341 sonu
270 4297 295 4340 et
314 4290 350 4348 td,
370 4301 454 4352 equo
473 4295 559 4339 nostro
570 4296 623 4339 orte
634 4297 703 4346 sunt,
722 4290 889 4354 depravatum
900 4292 988 4351 tuisse,
1007 4290 1143 4342 ostendere

137 4383 240 4426 mamm
260 4389 322 4426 sum
342 4374 404 4432 tot
424 4379 450 4424 et
467 4374 495 4432 V,
513 4373 554 4426 86,
