2944 5040
493 439 665 488 mouimus
683 441 725 487 rv.
1084 425 1144 488 821

81 620 202 668 naturae
231 621 260 668 et
287 611 536 669 enumerationem
553 599 723 683 substituit,
758 631 816 687 quo
839 611 948 670 lactum
972 623 1031 685 est,
1064 623 1101 670 ut
1119 613 1149 670 in

80 695 317 772 inexplicabilem
346 697 567 772 perversitatem
596 699 746 755 incideret.
785 698 862 755 Nam
885 709 1042 774 postquam
1063 698 1148 770 dixit,

79 782 232 840 Polemoni
255 793 284 839 et
296 782 452 840 Aristoteli
474 783 569 858 prima
590 783 654 840 visa
672 801 736 841 esse
757 783 889 854 membra,
918 804 1026 856 cenare,
1055 787 1152 860 inperii

80 879 191 940 raonem,
225 871 399 942 mtepritctem
420 872 554 944 corporis,
582 871 772 938 valetudinem,
806 869 875 926 hinc
901 879 999 926 natam
1022 887 1086 928 esse
1108 869 1151 926 ait

79 963 211 1010 veterum
236 953 420 1024 sententiam,
444 963 475 1010 ut
498 954 584 1011 linem
607 955 750 1012 bonorum
768 954 899 1012 dicerent
921 955 1080 1012 secundum
1097 973 1148 1012 na-

79 1050 174 1096 turam
197 1038 307 1110 vivere,
329 1038 425 1108 idest,
448 1039 708 1111 virtuteadhibita,
731 1038 1049 1115 frniprimisauatura
1065 1038 1150 1098 datii.
1241 1057 1243 1066 ’

78 1125 117 1181 Et
140 1133 237 1181 tamen
260 1124 331 1198 quid
353 1123 400 1180 vel
424 1124 609 1204 mediocriter
631 1125 792 1182 attendenti
814 1126 945 1201 apertius
967 1135 1026 1196 est,
1062 1145 1150 1200 quarn

77 1209 152 1267 illud
174 1211 318 1268 secandum
341 1220 466 1266 naturam
488 1214 574 1268 moero
595 1211 665 1285 poni
688 1211 827 1286 potuisse.
851 1212 913 1268 sive
926 1211 1150 1288 illasivelouge

77 1295 138 1352 alia
159 1295 255 1370 prima
276 1292 424 1366 iecissent,
448 1295 510 1354 eius
533 1304 640 1366 autem,
664 1296 741 1370 qnod
763 1297 792 1354 in
816 1295 990 1372 explicanda
1006 1297 1062 1353 hac
1078 1296 1149 1362 vita,

77 1399 154 1455 quae
176 1389 298 1437 naturae
321 1381 485 1452 conveniat,
509 1400 653 1438 summurn
676 1390 734 1450 est,
757 1381 878 1438 adhibito
900 1385 1008 1452 mntem,
1037 1382 1066 1439 in
1089 1381 1149 1438 illis

76 1465 181 1542 primis
203 1485 239 1522 ne
262 1465 411 1523 minimam
433 1466 550 1541 quidem
568 1485 632 1524 esse
645 1465 907 1543 significationem?
928 1468 1033 1542 ltaque
1045 1465 1149 1525 Cicero

76 1553 124 1609 his
136 1551 285 1608 veteribus
306 1551 336 1607 in
359 1552 458 1608 eadem
483 1552 664 1609 constantiae
687 1552 773 1608 laude
790 1553 923 1628 adiungit
931 1551 1149 1628 Calliphontem

77 1649 106 1694 et
130 1637 304 1706 Diodorum,
327 1655 401 1711 quos
423 1637 524 1694 eadem
550 1637 646 1714 prima
668 1637 805 1694 habuisse
827 1637 992 1714 significare
1018 1637 1149 1706 videtum

77 1731 158 1779 certe
181 1721 240 1778 alia
262 1739 319 1778 non
343 1722 489 1790 nominat;
513 1731 542 1780 et
563 1732 660 1782 tamen
684 1723 714 1780 in
737 1723 794 1778 line
817 1722 959 1780 bonorum
972 1723 1148 1798 discrepant.

76 1809 125 1865 De
147 1807 296 1882 Aristippi
319 1815 349 1864 et
360 1808 535 1884 Hieronymi
557 1817 586 1864 et
609 1807 774 1868 stoicorum
797 1807 900 1883 primis
912 1808 1082 1866 Ciceronem
1095 1809 1149 1866 ali-

76 1891 150 1968 quid
173 1892 282 1949 dixisse
295 1892 397 1964 videri,
420 1893 499 1968 quod
515 1894 668 1964 exciderit,
691 1893 722 1949 iu
734 1893 924 1950 annotatione
937 1894 1074 1970 exposui;
1098 1893 1149 1950 sed

75 1979 141 2036 sive
163 1977 240 2034 dixit
261 1977 372 2052 aliquid
395 1978 457 2035 sive
479 1997 537 2036 non
549 1979 634 2048 dixit,
652 1997 733 2052 quae
744 1977 771 2035 ei
782 1978 860 2035 inter
871 1977 1037 2038 Stoicorum
1053 1979 1149 2054 prima

76 2075 107 2121 et
130 2080 275 2122 summum
304 2063 410 2120 bonum
440 2063 469 2120 in
496 2083 555 2120 una
583 2065 691 2121 virtute
713 2063 841 2139 positum
871 2064 946 2121 ratio
968 2063 1148 2122 intercedere

75 2150 143 2206 visa
165 2148 211 2210 sit,
235 2147 355 2204 difficile
368 2149 575 2224 estsuspicari.
604 2151 703 2224 Atque
726 2150 801 2205 hanc
823 2149 1148 2207 tantamconfusionem

75 2235 215 2295 Ciceroni
237 2231 378 2291 accidisse
401 2253 435 2290 co
458 2235 551 2311 magis
573 2235 736 2291 mirandum
760 2243 813 2306 est,
836 2235 914 2308 quod
938 2235 967 2291 in
989 2235 1055 2311 ipsa
1077 2233 1148 2293 Car-

75 2319 179 2378 neadis
202 2319 345 2376 divisione
368 2319 576 2377 sententiarum
599 2320 635 2376 de
658 2321 883 2385 summobono,
917 2339 975 2394 qua
996 2331 1064 2396 post
1085 2322 1149 2377 An-

74 2405 208 2464 tiochum
230 2405 335 2472 utitur,
369 2405 488 2480 aliquod
510 2414 606 2462 tamen
628 2405 763 2462 relictum
786 2415 850 2462 erat
871 2405 973 2464 harum
996 2406 1148 2463 notionum

74 2490 245 2548 discrimen.

164 2573 332 2634 Carneades
355 2575 441 2646 enim,
465 2576 515 2650 qui
538 2575 708 2635 aCicerone
731 2585 853 2651 propter
874 2575 1021 2652 egregiam
1044 2576 1074 2632 in
1086 2575 1148 2633 dia·

75 2661 192 2719 lecticis
215 2660 455 2718 exercitationem
478 2661 614 2718 laudatur
636 2657 797 2738 (11141),
831 2681 934 2737 reapse
957 2670 1054 2718 autem
1078 2661 1149 2718 satis

74 2746 183 2804 habuit
209 2745 352 2803 acuminis
379 2746 418 2802 ad
446 2743 611 2805 Stoicoruin
642 2746 678 2802 de
706 2746 872 2822 cognitione
904 2766 1001 2804 rerum
1031 2747 1149 2804 decreta

74 2851 183 2908 parum
211 2831 331 2888 subtilia
353 2831 534 2901 cavillauda,
567 2841 695 2889 ceterum
724 2849 818 2906 neque
845 2832 960 2889 ardenti
987 2831 1084 2889 studio
1111 2832 1148 2888 ad

74 2917 233 2974 veritatem
261 2917 470 2990 exquirendam
498 2917 668 2993 rapiebatur
695 2926 725 2974 et
746 2935 764 2973 c
786 2917 886 2974 subtili
908 2917 1060 2975 notionum
1083 2935 1148 2974 sen-

75 3003 294 3077 tentiarumque
316 3001 506 3078 proprietatis
533 3001 754 3080 perspiciendae
782 3021 853 3059 cura
879 3012 938 3059 tem
962 3002 1147 3070 abhorrebat,

74 3098 110 3146 ut
133 3097 164 3144 et
184 3088 248 3162 ipse
270 3087 418 3145 rhetorica
439 3087 558 3145 levitate
582 3095 611 3146 et
632 3087 699 3144 lusu
722 3105 753 3144 se
775 3087 899 3144 iactaret
920 3097 950 3145 et
971 3088 1064 3144 multo
1080 3096 1149 3163 post

74 3173 238 3244 Antiocho,
262 3173 312 3247 qui
332 3173 370 3230 ab
392 3173 455 3230 eius
478 3181 558 3230 secta
569 3173 701 3245 descivit,
724 3182 821 3230 tamen
833 3173 1057 3250 Peripateticos,
1068 3174 1148 3230 Aca-

74 3259 222 3328 demicus,
251 3257 367 3317 Stoicos
395 3258 425 3315 in
453 3277 541 3315 unam
563 3258 679 3316 turbam
702 3257 844 3316 coiciendi
872 3259 949 3315 viam
973 3267 1149 3316 monstraret

74 3345 151 3422 (111,
166 3342 230 3420 41),
254 3344 301 3401 hic
323 3344 414 3420 igitur
435 3344 562 3401 instituit
584 3343 816 3401 dissentientium
840 3343 1081 3420 philosophorum
1110 3343 1147 3400 de

74 3429 281 3489 summobono
293 3428 453 3486 sententias
470 3430 512 3486 ita
523 3429 663 3500 dividere,
676 3438 717 3498 ut,
731 3438 802 3503 quot
813 3448 876 3487 esse
888 3429 1007 3487 omnino
1019 3438 1147 3504 possent,

72 3523 241 3592 appareret.
269 3514 342 3572 Eam
356 3513 538 3579 divisionem,
561 3533 635 3589 quae
647 3514 796 3572 Antiocho
813 3515 937 3591 probata
949 3524 1021 3586 erat,
1044 3514 1148 3574 Cicero

73 3601 200 3677 exponit
221 3601 251 3656 in
273 3600 360 3656 huius
383 3601 480 3675 operis
502 3599 578 3657 libro
600 3602 638 3670 V,
660 3603 696 3657 16
720 3618 782 3674 sqq.
827 3601 900 3659 Cum
918 3600 1009 3677 igitur
1019 3599 1148 3659 Carnea-

73 3689 128 3744 des
150 3685 311 3754 statuisset,
333 3695 425 3742 artem
437 3686 524 3756 vitae,
547 3694 581 3742 ut
591 3695 703 3742 ceteras
715 3695 803 3756 artes,
826 3685 945 3761 aliquid.
969 3686 1047 3760 quod
1064 3694 1149 3742 extra

73 3773 172 3848 ipsam
195 3781 286 3840 esset,
310 3779 463 3846 appetere,
495 3771 525 3827 id
548 3780 660 3840 autem,
689 3770 766 3845 quod
789 3780 991 3847 appeteretur,
1025 3781 1147 3828 naturae

73 3867 176 3934 aptum
205 3868 234 3914 et
260 3855 511 3914 accommodatum
545 3875 609 3914 csse
637 3857 752 3927 debere,
766 3856 793 3931 ¹)
827 3857 863 3913 de
892 3857 986 3932 primo
1013 3857 1147 3932 appetitu

86 4046 301 4055 ..ψ-

107 4182 125 4242 ¹)
143 4179 224 4298 girrtqa
228 4180 318 4231 Cicero
337 4182 351 4242 ξ
374 4185 421 4299 Hei
439 4179 547 4298 Coonqtitit
566 4189 644 4262 autem
659 4184 727 4298 acere
746 4180 806 4230 inter
824 4198 909 4298 otrqpec,
929 4179 966 4239 id,
985 4181 1146 4299 impru-

142 4267 211 4366 tueibc
229 4259 405 4384 abzswbe
439 4267 620 4383 ᾳέἶεῳιῒῗιιᾳίηῐξι
630 4259 1021 4383 ἔζίξᾳῖιηὲᾞυῃωαίοὲᾝοά
1032 4336 1046 4367 u
1056 4267 1148 4368 habbia

144 4388 253 4436 alienum
272 4397 344 4448 esset,
362 4388 446 4452 appeti
465 4389 559 4437 docuit.
596 4387 645 4438 Sed
664 4389 747 4437 studet
769 4403 800 4436 cx
824 4387 871 4438 hoc
890 4389 961 4447 orbe,
989 4388 1031 4451 qui
1051 4402 1146 4448 ornnes,
