3000 5044
445 401 487 446 un
511 399 591 445 uni„
609 400 671 445 nis.
687 399 722 444 iv
744 399 817 446 cue.
836 403 860 446 a.
1113 381 1174 446 511

106 577 139 633 et
159 587 298 648 corpore,
320 577 353 633 et
373 568 449 633 haec
470 569 540 649 ipsa
562 577 594 632 ct
615 587 722 633 eorum
744 568 874 632 virtutes
897 587 955 650 per
976 588 1010 634 sc
1032 587 1102 633 esse
1123 586 1176 632 su-

105 673 243 736 mendas.
279 673 327 735 dn
350 689 423 736 vcro
446 671 602 752 displicuit
623 689 669 749 ea,
692 689 772 752 qnae
794 671 909 735 tributa
932 677 981 735 est
1002 671 1095 736 animi
1112 671 1176 736 vir-

105 774 224 838 tutibus
246 779 333 838 tanta
353 773 568 854 praestantia?
590 792 639 846 an,
662 793 743 854 quac
764 773 988 854 dependentia
1011 775 1050 838 dc
1071 774 1176 856 cogni-

105 877 189 940 tione
211 894 329 952 rerum,
358 877 397 955 dc
419 876 633 941 coniunctione
653 876 776 958 generis
798 873 936 952 humani,
970 895 1112 957 quaeque
1137 877 1176 941 ab

104 979 213 1044 iisdem
235 980 275 1043 dc
296 979 512 1059 temperantia,
533 980 574 1043 dc
595 979 759 1058 modestia,
782 981 821 1043 de
843 979 1053 1059 magnitudine
1074 979 1219 1058 animit')

106 1083 147 1144 dc
168 1081 252 1144 omni
274 1081 436 1145 honestate
458 1081 623 1145 dicuntur?
652 1081 844 1145 Fatebuntur
856 1081 958 1160 Stoici,
979 1081 1056 1146 haec
1077 1083 1180 1147 omnia

105 1183 190 1250 dicta
211 1201 281 1247 esse
302 1183 462 1264 praeclare
484 1201 586 1264 neque
607 1202 675 1248 eam
698 1201 823 1248 eausam
844 1184 960 1248 Zenoni
988 1184 1179 1249 desciscendi

105 1284 211 1349 fuisse
257 1287 306 1349 20.
331 1285 400 1349 Alia
422 1286 574 1366 quaedam
592 1285 702 1364 dicent,
725 1288 827 1364 credo,
850 1305 962 1367 magna
983 1286 1180 1368 antiquorum

106 1406 178 1452 esse
200 1394 336 1468 peccata
360 1388 510 1469 quasilla,
533 1387 599 1452 veri
611 1388 818 1470 investigandi
831 1389 970 1470 cupidus,
994 1389 1180 1453 nullomodo

104 1489 189 1553 ferre
210 1489 353 1570 punierit
404 1489 485 1566 Quid
513 1489 594 1554 enim
620 1491 813 1571 perversius,
847 1491 921 1571 quid
950 1490 1179 1570 intolerabilius,
1201 1492 1243 1556 tc

107 1592 184 1673 quid
207 1592 331 1656 stultius
354 1611 445 1674 quam
468 1593 580 1657 bonam
602 1592 818 1670 valetudinem,
840 1611 933 1674 quam
956 1593 1098 1658 dolorum
1115 1612 1180 1658 om-

107 1694 194 1758 nium
216 1695 409 1772 vacuitatem,
431 1713 524 1775 quam
541 1695 750 1776 integiitatem
761 1695 919 1760 oculorum
931 1694 1182 1777 reliquorumque

107 1814 258 1860 sensuum
279 1815 396 1876 ponere
417 1796 449 1860 in
472 1797 560 1861 bonis
582 1797 696 1877 potius,
719 1815 811 1878 quam
834 1797 985 1874 dicerent,
1018 1796 1093 1861 nibil
1115 1815 1181 1862 om-

180 2004 202 2047 l.
222 2001 291 2048 ett'am
308 2000 366 2050 daec
385 2000 406 2049 C
427 1999 482 2066 [bac
500 2001 566 2067 Εῑι]1
594 2007 617 2051 4,
636 2001 666 2050 de
683 2000 813 2066 comestione
827 2001 950 2066 qenevisC
1003 2001 1037 2050 ad
1052 1999 1140 2050 diadem
1159 2001 1180 2050 E

105 2067 392 2130 adaiaemmt’tcum
432 2069 585 2136 i.fi1iseeL
621 2071 814 2134 nemqaeeamP
832 2087 958 2134 numquam
975 2087 1027 2120 eum
1045 2071 1069 2119 R
1103 2069 1182 2119 ὀίεαι·
1276 2099 1281 2106 -

105 2136 183 2186 ciendi
200 2137 240 2186 LP
293 2143 316 2188 8.
326 2139 408 2202 saitae
426 2139 515 2188 omP
555 2143 577 2186 9.
598 2140 691 2190 cerei}
726 2139 860 2204 cupt'ensC
909 2144 945 2188 ta.
963 2137 1105 2202 reliquamve
1123 2146 1182 2200 (om.

108 2215 161 2270 quet
183 2207 200 2254 E
249 2211 287 2258 13,
306 2223 455 2272 conponere
474 2209 492 2256 t:
528 2207 627 2256 timerem
646 2207 666 2258 C
685 2207 761 2258 dicere
779 2207 822 2258 Or.

107 2398 199 2455 ceteri
221 2397 306 2468 boni,
335 2398 359 2454 ei
387 2396 513 2473 inspecti
540 2408 638 2456 essent
665 2397 713 2476 [ut
735 2417 811 2456 nunc
833 2395 883 2478 B].
926 2400 1093 2474 Numquam
1117 2418 1181 2456 eam

107 2484 214 2542 Cicero
235 2483 315 2558 apud
336 2484 391 2541 hoc
414 2485 535 2541 verbum
558 2484 675 2541 omittit.
916 2489 918 2494 '

194 2588 279 2642 neque
300 2589 358 2625 eum
379 2589 490 2626 caueam
512 2570 627 2641 Zenone)
662 2569 736 2629 Cum
759 2589 796 2626 ex
819 2589 903 2645 aeque
923 2571 954 2626 in
970 2570 1122 2627 codicibus
1133 2571 1183 2626 dc·

107 2653 267 2712 terioribus
289 2655 438 2729 plerisque
461 2653 561 2734 (Pau,
584 2657 679 2726 Pam,
701 2656 809 2725 Mead.,
832 2650 945 2731 Εὓξψ)
973 2654 1083 2713 factum
1106 2663 1184 2712 esset

108 2759 233 2814 itumque,
256 2759 274 2797 a
295 2740 395 2798 nescio
417 2759 475 2815 quo
498 2741 610 2798 editore
622 2742 762 2817 scriptum
786 2745 1003 2815 estneqeeevu'm
1020 2742 1092 2816 (iam
1104 2741 1182 2816 apud

109 2822 242 2902 Iuniam)
265 2825 353 2899 idque
376 2835 523 2883 servatum
547 2845 640 2900 usque
662 2827 699 2884 ad
721 2827 893 2894 Davisium;
915 2847 999 2902 neque
1021 2827 1084 2884 cod.
1097 2829 1185 2893 Mon,

108 2930 138 2986 χ,
175 2910 244 2969 Gzii
273 2921 390 2986 praeter
424 2930 513 2968 tinum
547 2931 563 2968 e
596 2911 685 2981 cun,
713 2913 739 2970 si
767 2912 891 2970 Davisio
918 2913 1061 2983 creditur,
1094 2912 1182 2968 etiam

110 2996 186 3056 ccc
210 2991 267 3074 (ξ).

196 3083 246 3138 20.
264 3101 364 3156 ponere
386 3085 412 3138 iu
435 3083 617 3157 hmeiapotiua,
641 3103 723 3157 qaum
745 3078 876 3162 dicerent)
911 3083 961 3142 Sic
988 3083 1019 3139 in
1048 3082 1184 3140 omnibus

111 3167 261 3225 codicibus
284 3167 424 3242 scriptum
448 3187 512 3225 esse
534 3169 635 3238 credo;
658 3187 726 3224 nam
749 3185 814 3224 cum
837 3168 898 3224 Erl.
921 3168 1067 3226 consentit
1088 3163 1186 3246 [Bet]

113 3272 166 3329 mg.
195 3251 276 3311 crat.
305 3247 354 3334 (in.
378 3261 518 3310 contextu
548 3263 593 3311 est
619 3258 714 3324 eicere,
754 3273 852 3310 errore
885 3273 939 3329 pro
966 3251 1081 3332 dicere),
1117 3271 1183 3310 cum

112 3338 306 3396 deterioribus
323 3339 396 3396 meis
413 3337 530 3396 Oxonn.
554 3333 657 3415 Εξχψ,
681 3338 745 3397 edd.
757 3348 825 3396 ante
837 3339 1012 3396 Manutium.
1055 3339 1106 3396 Ab
1129 3339 1185 3395 hoc

112 3423 176 3481 inde
205 3424 303 3481 editur
324 3443 406 3498 quum
428 3427 515 3481 dicere
537 3419 750 3506 (Orelliusiam
767 3424 854 3482 ined.
877 3443 904 3482 a.
930 3425 1011 3482 1480
1034 3425 1076 3482 sic
1093 3425 1187 3498 scrip-

113 3517 171 3566 tum
195 3528 259 3566 esse
282 3508 352 3586 ait),
376 3528 430 3566 nac
442 3509 599 3581 Gruterus,
623 3510 778 3580 Davisius,
802 3510 895 3568 Gaius
917 3511 1077 3585 quidquam
1093 3529 1185 3566 anno·

113 3603 182 3651 tant.
227 3595 266 3652 Et
287 3596 381 3652 videri
403 3595 496 3671 possit
518 3596 643 3672 simplex
665 3596 860 3671 comparatio,
883 3597 912 3653 in
935 3615 994 3671 qua
1015 3596 1097 3653 nulla
1114 3596 1187 3653 insit

114 3681 154 3737 rei
175 3681 313 3738 vitandae
336 3681 572 3756 prohibendaeve
594 3681 779 3758 significatio,
802 3701 877 3756 quae
900 3682 981 3754 assit,
1004 3699 1069 3739 cum
1086 3681 1185 3757 potius

115 3766 235 3823 citiusve
263 3775 314 3822 aut
341 3777 409 3823 ante
431 3767 542 3842 aliquid
569 3786 622 3824 nos
644 3766 774 3824 facturos
791 3767 929 3838 dicimus,
960 3786 1047 3842 quam
1072 3766 1185 3840 aliquid

116 3852 259 3925 patiamur
276 3852 402 3928 (aliquid
413 3853 487 3930 flat),
511 3853 584 3910 duos
596 3853 757 3910 infinitivus
769 3853 927 3927 postulare.
961 3855 1072 3910 Verum
1084 3851 1184 3908 futuro

115 3945 253 4013 tempore,
276 3938 363 3994 ctiam
387 3939 437 3994 ubi
460 3939 663 3996 coniunctivae
685 3939 755 4014 poni
778 3947 903 4014 poterat,
926 3947 1024 3995 tamen
1046 3957 1098 4013 per
1114 3938 1184 3994 eim·

117 4021 197 4096 plicis
218 4024 447 4097 comparationis
468 4023 593 4082 formam
617 4025 659 4081 sic
681 4043 797 4099 quoque
815 4024 935 4080 dicitur:
957 4025 1184 4098 affimnociquid-

115 4110 155 4164 aab
166 4129 203 4165 me
210 4114 300 4185 potius
308 4128 498 4184 perpessurum
515 4130 597 4185 qtmm
608 4131 641 4167 ea
654 4111 736 4166 Italia
746 4112 877 4166 enitamini
890 4109 941 4187 (ad
953 4111 1034 4167 Fam.
1046 4111 1088 4180 Π,
1104 4109 1151 4178 16,
1165 4109 1185 4165 3

116 4204 145 4248 et
167 4197 280 4268 passive
303 4195 341 4251 ad
356 4196 421 4252 Att.
432 4197 474 4267 II,
489 4197 538 4264 20,
553 4198 587 4252 2:
610 4198 689 4252 addit
710 4216 738 4252 se
750 4199 830 4270 padua
847 4199 960 4253 oetaeum
972 4199 1007 4252 iri
1016 4197 1186 4269 adaequem

117 4283 284 4338 medictatem
297 4284 345 4348 eive
367 4299 435 4338 nam
448 4285 587 4338 steeirem
604 4293 634 4339 et
654 4301 736 4357 quom
758 4300 805 4354 eqo
826 4284 941 4338 vindere·
962 4289 1075 4338 rectum
1097 4278 1184 4356 erat),

116 4363 239 4440 itemque
267 4367 430 4444 gerundivo
458 4366 505 4446 (ut
526 4369 558 4426 11
580 4368 616 4424 de
639 4368 694 4444 leg.
718 4385 813 4444 agrae.
840 4369 872 4424 6:
906 4371 992 4424 mania
1011 4370 1102 4442 potius
1119 4385 1186 4442 per-
