2944 5040
331 423 394 488 842
742 440 916 489 excussus
933 441 988 489 vn

330 613 448 684 dixerit,
470 633 528 671 nou
551 613 593 670 ita
614 613 837 670 commemorari
858 614 1066 683 Nicomachea,
1090 624 1123 671 ut
1142 633 1180 670 ex
1203 614 1240 672 iis
1259 623 1316 672 tote
1332 613 1379 675 illu

330 709 564 774 quaesequatnr,
588 699 821 757 doctrinaducta
843 700 966 767 dicatur,
990 701 1040 757 sed
1063 708 1178 757 tantum
1200 700 1231 757 id
1249 701 1379 760 iudicetur,

330 786 360 843 in
382 785 419 843 iis
441 784 622 842 constantius
651 803 739 858 quam
766 785 845 861 epud
873 785 1109 860 Theophrastum
1137 785 1256 842 virtutis
1282 785 1333 842 vim
1352 783 1381 840 ad

330 871 446 928 beatem
468 870 559 928 vitem
582 889 698 946 semper
719 869 901 928 efficiendam
925 869 1057 942 defendi,
1080 871 1135 928 hoc
1158 889 1273 946 quoque
1293 870 1381 927 lalsun

330 975 403 1026 esse,
426 956 571 1030 idemque,
595 957 673 1030 quod
695 955 918 1031 Theophrastus
940 957 1081 1027 docebat,
1105 958 1142 1014 ab
1165 957 1322 1014 Aristotele
1336 955 1381 1011 dici

330 1042 371 1100 ibi
394 1041 517 1098 ostendi.
561 1042 727 1098 Antiochus
754 1042 802 1099 hic
830 1061 946 1116 quoque
975 1042 1092 1100 Stoicus
1120 1051 1192 1099 erat.
1239 1043 1380 1101 Postremo.

330 1147 366 1184 ne
390 1127 564 1201 quisdicat,
588 1127 635 1184 hic
658 1127 811 1198 Pisonem,
835 1127 1087 1214 quilAntiochum
1116 1137 1270 1201 sequatur,
1301 1125 1380 1182 induci

329 1213 371 1271 ita
398 1213 588 1270 disserentem
619 1213 656 1269 de
673 1213 846 1270 Aristotelis
873 1213 1036 1283 sententiis,
1066 1214 1307 1287 quemadmodum
1332 1211 1380 1286 ipse
1452 1231 1453 1248 ¹

329 1299 495 1357 Antiochus
518 1299 683 1364 dissereret,
707 1298 859 1356 Ciceronis
882 1297 962 1356 aliud
983 1297 1075 1355 fuisse
1097 1299 1248 1368 iudicium,
1270 1299 1327 1372 ipse
1342 1295 1379 1354 Gi·

329 1403 397 1442 cero
419 1384 449 1440 in
471 1384 547 1442 libro
570 1381 601 1442 II
624 1394 653 1440 et
675 1385 720 1440 IV
743 1384 923 1442 Antiochum
946 1402 1071 1458 sequens
1082 1385 1239 1442 Aristoteli
1260 1381 1380 1440 formulas

329 1489 379 1527 eas
402 1470 514 1540 tribuit,
538 1470 643 1544 quibus
666 1487 824 1543 numquam
846 1479 891 1526 est
912 1488 996 1539 usus,
1030 1470 1066 1526 de
1089 1489 1147 1544 quo
1170 1470 1328 1546 expositum
1347 1475 1382 1522 est

328 1557 358 1613 in
382 1574 507 1613 excursu
529 1565 644 1630 quarto.
687 1555 737 1612 Ab
759 1555 863 1612 horum
885 1555 975 1630 igitur
997 1555 1188 1612 similitudine
1217 1574 1274 1612 non
1295 1553 1382 1609 abhor-

329 1651 383 1712 ret,
407 1641 485 1716 quod
497 1639 610 1713 Cicero,
634 1659 701 1710 una,
724 1641 838 1716 opinor,
861 1641 987 1698 nominis
1009 1635 1067 1697 coir
1083 1633 1290 1716 Νικομαχείων
1310 1639 1382 1695 inter·

329 1727 493 1802 pretatione
505 1727 653 1802 deceptus,
677 1726 732 1782 hoc
755 1745 828 1801 opus
851 1726 912 1784 filio
934 1725 1051 1786 tribuit.
1074 1743 1251 1800 quamquam
1273 1725 1301 1780 in
1321 1724 1383 1779 hune
1453 1745 1454 1752 ¹

328 1832 456 1870 errorem
480 1830 537 1868 non
559 1813 623 1887 ipse
645 1811 793 1872 incidisse.
816 1812 867 1869 sed
889 1811 926 1868 ab
949 1811 1015 1868 eliis
1037 1811 1174 1868 inductus
1197 1829 1260 1867 esse
1276 1809 1381 1876 videtur,
1453 1801 1454 1804 ¹

329 1899 467 1973 quoniam
490 1898 613 1954 eundem
636 1916 655 1954 a
676 1897 810 1972 Diogene
834 1897 952 1954 Laertio
964 1897 1052 1966 VIII,
1067 1898 1106 1954 88
1129 1896 1381 1962 commissnmesse

330 1991 499 2059 comparato
522 1982 693 2041 Aristotelis
716 1983 782 2039 loco
804 1983 835 2039 in
857 1983 929 2057 ipsis
953 1982 1067 2040 Nicom.
1081 1981 1153 2050 x‚t
1177 1991 1207 2038 et
1217 1981 1317 2038 Ioann.
1331 1979 1382 2037 Sto·

329 2068 607 2126 besensisEcl.Eth.
620 2071 705 2144 p.74‚
718 2067 846 2125 dubitari
862 2067 972 2142 nequit.
985 2067 1013 2143 ¹)
1038 2067 1104 2140 Quo
1117 2066 1211 2142 magis
1222 2065 1382 2122 miniandum

329 2167 374 2212 est
396 2155 501 2210 mirum
523 2163 718 2211 commentum
742 2153 862 2221 sobrii,
885 2154 935 2228 qui
959 2153 1125 2228 (Aristotel.
1137 2152 1170 2208 ΙΙ
1182 2171 1210 2227 p.
1228 2148 1299 2232 112)
1315 2151 1383 2206 binos

328 2259 347 2298 e
368 2240 511 2298 Cicerone
533 2239 624 2296 libros
647 2239 804 2314 significari
818 2249 911 2314 putet,
934 2239 1043 2296 alteros
1061 2241 1209 2316 (teneamus
1221 2237 1383 2305 Aristotelen)
1454 2261 1455 2302 3

327 2326 420 2401 ipsius
444 2325 614 2382 Aristotelis
637 2325 887 2402 (Nicomacheos),
910 2325 1019 2381 alteros
1043 2325 1157 2402 (eteius
1172 2323 1322 2398 fitiumA'.)
1342 2319 1384 2376 s'i-
1454 2379 1455 2398 χ

329 2411 470 2479 comechi,
493 2429 567 2484 quos
590 2410 723 2467 nonnulli
746 2410 837 2485 petris
860 2429 923 2467 esse
946 2409 1121 2485 putaverint
1156 2407 1278 2478 Omittoq
1297 2407 1384 2464 mirum

328 2515 401 2567 esse,
425 2496 517 2570 ipsius
527 2496 697 2553 Aristotelis
709 2513 782 2570 opus
795 2495 871 2570 quod
884 2495 931 2567 sit„
949 2513 1008 2552 non
1020 2494 1086 2564 diei,
1104 2513 1168 2551 cum
1182 2493 1295 2566 Cicero,
1315 2493 1384 2568 plura

329 2595 409 2652 esse,'
420 2600 508 2656 snpra
520 2581 680 2657 posuissem
703 2581 775 2638 illud
789 2600 905 2655 quoqne
918 2581 1031 2648 omitto,
1044 2581 1130 2637 valde
1142 2580 1285 2637 incertum
1298 2575 1383 2644 rideri,

328 2667 516 2742 scripseritne
539 2667 657 2724 omnino
680 2667 754 2724 tales
777 2667 867 2723 libros
896 2666 1104 2736 Nicomachus,
1128 2684 1215 2740 quem
1239 2663 1384 2722 Aristocles

328 2754 407 2829 apud
429 2752 588 2809 Eusebium
623 2753 777 2828 (Praepar.
801 2753 912 2828 Evang.
935 2753 1011 2824 XV,
1036 2751 1068 2826 2)
1092 2751 1306 2807 adulescentem
1333 2765 1385 2824 pet·

328 2839 386 2897 isse
402 2839 482 2894 dicit.
526 2839 646 2895 Testem
670 2838 810 2894 hebemus
827 2857 918 2894 unum
931 2837 1061 2907 Svidam‚
1085 2836 1204 2894 minime
1216 2836 1384 2910 locupletem,

328 2942 393 2981 cum
406 2923 577 2998 praesertim
590 2942 672 2980 error
683 2923 825 2998 Diogenis
838 2922 1010 2980 manifestus
1022 2923 1069 2978 sit.
1091 2921 1150 2981 Sed
1163 2931 1195 2978 ut
1207 2919 1317 2978 fuerint
1327 2917 1386 2976 tales

328 3009 396 3067 libri
419 3008 599 3076 Nicomachi,
623 3027 681 3066 non
703 3007 790 3065 focile
813 3009 966 3082 quisquam
989 3008 1097 3078 credet,
1121 3007 1385 3064 eoseiusmodiesse

328 3095 459 3171 potuisse
493 3104 554 3151 toto
582 3113 688 3170 genere
717 3105 768 3150 aut
796 3093 838 3150 ita
860 3103 930 3151 nota
957 3093 1109 3170 scriptoris
1132 3091 1277 3163 caruisse,
1310 3099 1339 3148 ut
1356 3086 1386 3143 ad

329 3191 443 3257 patrem
465 3179 665 3238 consentiente
687 3178 767 3236 fatua
788 3177 891 3236 referri
914 3173 1386 3254 possentectautummodosuspi·

330 3267 414 3324 cione
436 3285 596 3342 paucorum
619 3265 656 3322 ed
673 3265 774 3321 filium.
809 3265 888 3341 (Hoc
905 3265 982 3322 enim
1000 3264 1198 3340 significarent
1221 3264 1323 3320 verbe:
1342 3260 1386 3316 n·-

331 3363 428 3410 contnr
450 3354 490 3408 illi
510 3353 617 3426 quidem
639 3349 709 3425 cet.)
753 3351 907 3408 Postremo
930 3349 955 3407 si
977 3349 1082 3408 Cicero
1109 3349 1282 3407 Aristotelis
1306 3345 1386 3422 ipsius

330 3446 462 3514 putasset
483 3457 548 3494 esse
570 3436 784 3506 Nicomachee‚
807 3436 881 3493 nihil
904 3454 1023 3510 prorsus
1046 3444 1123 3504 erat,
1158 3453 1210 3492 cur
1232 3435 1277 3492 his
1298 3432 1386 3489 adiun-

329 3533 412 3600 geret
433 3523 589 3580 obscurum
613 3531 642 3578 et
665 3541 683 3578 e
711 3521 791 3578 nullo
814 3522 946 3599 (praeter
969 3517 1102 3594 Svidam)
1126 3521 1305 3577 nominatum
1326 3515 1386 3573 adu·

329 3609 466 3666 lescentis
487 3609 604 3665 librum.
650 3606 832 3682 Significavit
855 3607 945 3682 igitur
967 3605 1071 3665 Cicero
1100 3624 1189 3662 unum
1219 3603 1386 3662 notissimum

330 3713 419 3769 opus,
453 3694 505 3751 sed
531 3695 562 3750 in
589 3711 624 3750 eo
652 3701 783 3750 errantes
812 3693 886 3750 alios
915 3701 1031 3749 secutus
1055 3701 1107 3748 est.
1153 3689 1309 3768 (Quotiens
1329 3695 1386 3743 eta

330 3780 436 3855 quibus
459 3779 506 3836 hic
529 3797 610 3836 error
632 3787 749 3837 notatus
772 3777 819 3848 sit,
843 3797 1014 3835 enumerare
1038 3777 1111 3833 nihil
1133 3777 1263 3848 attinet.)

338 3965 556 3980 „.——.....

399 4103 544 4151 Aristotelis
562 4117 707 4166 expressam
725 4101 832 4150 Ursinus
850 4101 943 4165 aliique
964 4109 1095 4166 putarant,
1119 4116 1150 4150 ne
1172 4101 1279 4166 speciem
1299 4096 1385 4162 quium

399 4171 457 4220 tulis
476 4171 623 4220 imitationis
640 4171 740 4228 hebere,
760 4171 786 4219 in
805 4171 968 4220 annotatione
987 4172 1093 4224 ostendi.
1113 4179 1140 4217 ut
1158 4173 1199 4217 ³4.

364 4239 382 4297 't
401 4239 516 4288 Eundem
535 4255 642 4289 errorem
661 4240 686 4288 in
705 4239 835 4289 rhetoricis
847 4239 1029 4303 Orodeerrtotg
1048 4235 1328 4290 Aristotelisnccidissc,
1345 4241 1385 4278 etr·

366 4337 368 4344 ,
400 4317 451 4356 tum
470 4308 529 4357 mihi
548 4309 651 4371 quidem
671 4309 776 4362 videtur.
813 4309 872 4358 Vid.
892 4309 1056 4372 Spaldingius
1079 4309 1110 4356 ad
1130 4305 1236 4367 Quintil.
1257 4304 1289 4360 11,
1307 4307 1340 4353 tt.
1354 4300 1383 4344 1⁰·
