3000 5044
387 415 430 460 nn
454 413 535 462 nnn.
554 414 667 462 cmiv
691 413 763 460 cnr.
781 417 819 462 u.
1071 395 1132 461 541

61 582 189 646 deserit
233 585 335 664 Atque
361 582 432 664 ipsa
458 581 590 648 hominis
618 582 771 648 institutio
798 583 825 648 si
852 583 1045 664 loqueretur,
1078 582 1136 648 hoc

60 683 193 763 diceret,
215 685 332 764 primos
353 703 427 750 suos
449 685 539 766 qussi
560 691 689 768 coeptus
710 685 879 766 appetendi
901 684 1011 765 fiisse,
1045 691 1080 750 ut
1101 704 1136 750 se

61 795 265 852 conservaret
296 787 327 852 in
359 805 397 852 ec
425 796 551 867 natura,
584 788 616 852 in
649 805 712 868 qua
738 793 826 853 ortus
854 793 946 854 esset
989 787 1135 852 Nondum

61 891 168 952 autem
190 887 388 969 explanatum
416 890 492 956 satis
520 896 602 969 eret,
640 890 716 971 quid
742 889 873 954 maxime
900 895 1013 954 natura
1035 889 1136 955 vellet

61 989 258 1071 Explanetur
278 990 381 1072 igitur.
415 993 499 1070 Quid
520 1011 595 1074 ergo
617 992 701 1058 aliud
722 991 926 1072 intellegetur,
948 991 1007 1056 nisi
1029 991 1075 1056 uti
1097 993 1174 1058 neb

62 1109 144 1172 quae
164 1111 240 1172 pars
261 1101 392 1158 mturae
413 1094 615 1176 neglegatrn?
648 1095 685 1160 ln
711 1112 774 1176 qua
795 1092 823 1158 si
844 1093 919 1158 nihil
940 1103 990 1158 est
1010 1101 1136 1175 praeter

119 1262 308 1327 1.ntquer'etcL
344 1263 565 1315 inctr'tutt'cbcmim'r
575 1263 707 1314 LPCROr.
734 1263 793 1313 baec
803 1263 936 1316 LPOROr.
970 1269 992 1312 2.
1006 1261 1133 1332 [quuth]

62 1329 700 1467 ddicitffltffti‘duiffc‘imdtbdu
712 1332 1137 1466 tetigissem?

149 1559 230 1632 quasi
254 1569 361 1634 coeptus
388 1556 544 1634 appetentis)
572 1558 795 1616 Dubitationem
823 1557 913 1616 hebet
934 1577 993 1616 vox
1020 1569 1136 1634 coepuu,

62 1659 139 1716 quse
166 1651 284 1719 praeter
309 1644 388 1700 hunc
415 1643 511 1701 locum
541 1643 619 1721 apud
646 1663 737 1701 unum
761 1643 888 1704 Statium
906 1652 1023 1720 poetam
1046 1643 1137 1702 semel

61 1727 186 1804 legitnr3
200 1726 282 1806 [narn
294 1729 324 1786 in
336 1729 513 1789 coddcetil.
525 1731 550 1802 I,
565 1731 582 1787 6
595 1747 695 1786 errore
706 1738 772 1786 orta
783 1725 923 1808 videtur}
945 1729 1048 1788 Potuit
1059 1729 1137 1786 enim

61 1812 136 1870 oriri
152 1831 168 1870 e
186 1813 444 1890 compendiosius,
466 1815 546 1890 quod
560 1815 591 1874 in
602 1815 630 1872 R
641 1823 671 1872 et
681 1814 783 1890 paucis
795 1824 948 1891 praeterea
959 1815 1137 1872 editionibus

60 1906 132 1956 ente
142 1897 308 1956 Victorinm
320 1899 436 1976 legitur,
448 1911 587 1976 cutweptue
598 1897 743 1978 (coeptus),
766 1900 854 1974 idque
866 1899 959 1960 Gzius
971 1920 987 1958 e
999 1908 1138 1975 quattuor

61 1983 125 2042 suis
147 1984 297 2042 codicibus
319 2003 351 2042 se
361 2004 517 2044 revocasse
536 1987 587 2058 eit,
605 1985 653 2044 cui
665 1998 772 2057 tamen,
796 2003 862 2043 cnm
878 1986 908 2043 in
925 1986 998 2044 meis
1015 1995 1045 2042 et
1057 1985 1136 2044 Oxx.

60 2067 137 2126 nihi]
154 2069 294 2142 varietur,
306 2071 358 2128 vix
369 2071 465 2130 credo.
488 2071 650 2130 Etvidetur
660 2081 799 2148 conceptus
810 2089 916 2130 nomen
929 2071 1017 2128 telem
1028 2070 1137 2129 habere

60 2155 230 2230 imaginem,
253 2173 329 2230 quae
349 2157 495 2232 porticula
511 2157 671 2215 mollienda
692 2155 792 2228 fuerit,
814 2156 930 2214 ductam
953 2175 972 2214 a
993 2164 1138 2232 conceptu

60 2240 150 2311 fetus,
173 2240 279 2315 dequo
301 2240 364 2299 fere
386 2242 449 2300 solo
471 2243 579 2300 dicitur
600 2243 830 2312 substantivum
853 2261 920 2300 narn
933 2243 1016 2300 verbi
1027 2242 1137 2319 signifi-

60 2326 140 2384 catio
156 2327 195 2383 ab
210 2325 296 2384 initio
317 2327 349 2384 in
370 2327 470 2405 plures
492 2337 632 2404 cognatas
654 2328 812 2400 scinditur,
840 2346 916 2402 quae
938 2328 975 2385 ab
992 2327 1044 2386 ille
1059 2327 1138 2385 fetus

60 2411 276 2488 significatione
296 2430 356 2470 non
378 2413 522 2472 oriuntur.
560 2413 679 2472 Retinui
701 2413 732 2470 in
754 2432 786 2470 re
808 2413 907 2486 dubia,
930 2413 1008 2488 quod
1031 2413 1138 2471 certior

60 2497 196 2554 codicum
214 2497 375 2556 auctoritas
386 2507 494 2570 tuetur,
517 2499 596 2574 quod
618 2499 644 2556 si
660 2517 763 2556 verum
775 2507 828 2571 est,
842 2498 946 2559 Cicero
960 2498 1138 2556 substantivi

62 2601 173 2640 novam
195 2581 320 2641 formam
342 2584 410 2642 ideo
420 2585 529 2661 posuit,
553 2585 640 2659 quod,
664 2595 834 2660 cumcoeptu
845 2585 1021 2654 dicerentur,
1044 2584 1138 2660 magis

61 2667 279 2744 signiticeretnr
300 2687 347 2726 res
369 2679 474 2746 coepta
497 2688 585 2745 qnam
613 2678 696 2728 ectus
726 2669 789 2745 ipse
811 2670 938 2728 hominis
960 2669 1137 2746 incipientis,

59 2763 92 2810 ut
114 2754 271 2830 genetivus
298 2753 367 2812 eddi
393 2774 452 2813 non
480 2765 596 2833 posset;
636 2763 665 2812 et
693 2765 756 2813 erat
782 2756 812 2812 in
840 2755 1007 2813 huiusmodi
1034 2753 1138 2812 formis

61 2839 223 2897 secundum
245 2840 377 2916 regulam
399 2849 486 2898 extra
506 2859 690 2899 communem
713 2859 797 2898 usum
810 2841 954 2917 fingendis
966 2840 1138 2915 aliquaser·

60 2924 156 2981 monis
178 2923 309 2996 libertas,
332 2944 349 2982 e
365 2943 424 3000 quo
435 2945 543 3003 genere
555 2929 763 3002 estpolmcrum
774 2929 888 2984 interitus
905 2926 1138 3003 proSest1173
1227 2931 1229 2939 ⁴

60 3012 144 3084 quusi
162 3017 262 3066 entem
284 3010 457 3087 particulam
481 3011 566 3090 [quos
588 3012 677 3069 etiem
688 3008 728 3092 B]
750 3011 817 3070 ideo
839 3012 960 3082 eddidit,
984 3011 1062 3086 quod
1079 3029 1139 3068 non

59 3105 119 3154 tam
132 3095 329 3172 appetitiones
350 3096 430 3172 ipses
453 3116 541 3172 quam
563 3105 685 3173 coeptus
696 3097 854 3172 appetendi
864 3097 1042 3172 appellabat
1080 3097 1139 3154 Fa·

61 3191 126 3238 teor
138 3189 246 3247 tamem
257 3182 431 3256 particulam
444 3202 502 3240 non
514 3183 600 3240 valde
611 3182 806 3240 necessariam
818 3201 882 3240 esse
893 3191 923 3240 et
939 3192 1060 3258 coeptus
1070 3181 1138 3240 illos

60 3269 138 3322 betia
148 3266 294 3342 appellari
316 3267 456 3343 potuisse.
489 3269 595 3344 Itaque
613 3286 671 3326 non
689 3267 846 3326 admodum
862 3267 998 3343 improbo
1014 3267 1138 3324 aiteram

61 3351 247 3426 scripturam.
281 3351 367 3425 Quod
388 3355 427 3425 V,
442 3354 482 3411 24
504 3354 612 3431 iegitur
634 3353 669 3411 de
691 3352 872 3429 appetitione
883 3361 1006 3410 neturae
1017 3371 1138 3430 progre-

61 3437 160 3494 dieute
178 3438 334 3496 etsensim
356 3438 430 3496 alias
452 3448 540 3514 atque
562 3439 636 3498 elias
657 3457 705 3496 res
728 3439 955 3514 complectente:
982 3448 1139 3514 coeptatque

61 3533 186 3598 oppetere
202 3525 411 3599 etprupuleure,
439 3525 477 3582 ed
499 3542 601 3583 vocem
630 3533 737 3601 coeptus
759 3525 814 3583 boc
836 3525 902 3584 loco
924 3523 1137 3582 defendendum

62 3607 135 3664 nihil
157 3607 249 3666 habet
269 3609 443 3686 argumenti.

147 3695 188 3750 uti
213 3713 245 3750 ne
271 3713 342 3769 quoe
358 3693 443 3774 pura)
477 3694 528 3754 Sic
549 3693 621 3774 (nisi
647 3696 727 3771 quod
748 3695 791 3770 ut)
820 3695 926 3766 Gzius,
960 3713 1026 3752 cum
1048 3694 1137 3752 etiam

63 3779 93 3836 in
116 3778 195 3854 Spir.
218 3777 274 3857 [B]
297 3789 375 3838 esset
395 3790 425 3837 ut
446 3784 553 3856 ineptam
581 3780 664 3838 codd.
687 3781 763 3840 Mor.
786 3790 816 3838 et
838 3781 945 3857 Scalig.
968 3791 996 3838 ut
1017 3783 1137 3855 beneque.

62 3865 180 3922 Marsus
202 3873 233 3922 et
253 3865 405 3924 Manutius
427 3885 443 3923 e
466 3866 529 3924 cod.
551 3864 654 3924 Maffei
676 3877 822 3942 utaequa.
855 3869 935 3924 Ante
959 3884 1010 3924 eos
1032 3866 1138 3924 edebe-

64 3958 119 4020 tur,
142 3959 176 4007 ut
187 3949 218 4006 in
230 3949 381 4008 codicibus
389 3951 585 4010 deterioribus
596 3961 641 4010 est
663 3951 760 4028 (unz,
773 3951 852 4011 Gud.
863 3961 998 4027 utroque,
1009 3952 1137 4022 Monac,

64 4033 217 4114 Vindob.),
240 4046 269 4093 ut
291 4056 375 4111 aeque
396 4033 498 4116 (eque).
532 4038 593 4096 Pro
615 4039 684 4112 quid
704 4057 765 4112 erpo
787 4035 835 4116 (ut
857 4045 902 4096 est
923 4037 1011 4094 etiam
1033 4037 1064 4094 in
1079 4055 1137 4114 mg.

64 4120 158 4191 Cret3
181 4139 250 4178 nam
271 4120 413 4180 edebatur
435 4121 516 4198 enim)
539 4123 603 4180 cod.
627 4123 702 4180 Mor.
725 4125 793 4198 quid
819 4125 908 4196 ἱρέων.
951 4123 1048 4180 Penio
1070 4131 1138 4199 post

64 4219 122 4264 cute
138 4209 352 4282 explanationem
363 4208 452 4266 etiam
469 4227 526 4284 mg.
538 4207 629 4280 Crat,
641 4209 705 4266 cod.
715 4209 802 4280 Mor,
825 4207 903 4284 Spir.
926 4204 997 4288 [B];
1019 4207 1137 4266 restitu-

66 4301 125 4348 eret
144 4293 286 4350 Davisius
309 4311 346 4350 ex
368 4294 414 4351 El.
437 4301 467 4352 et
489 4294 601 4364 Mead.;
635 4303 703 4351 ante
731 4291 775 4373 (et
797 4292 892 4373 Oxx.)
919 4296 1126 4369 ucpb'cutiouem.
