2948 5024
328 379 389 444 768
720 396 764 442 os
786 393 917 442 rrureus
941 393 1012 440 eon.

327 585 397 632 cum
419 565 530 644 omnia,
552 583 632 647 quae
653 565 696 630 illi
719 566 880 630 commode
901 569 986 629 certe
997 565 1105 631 dicuut
1126 581 1197 628 esse
1211 562 1398 628 'etsmneodo

327 675 359 735 et
382 669 523 751 eligenda
544 675 576 733 et
597 667 777 748 praeposita
799 668 894 748 (quoe
915 668 960 732 ita
977 665 1137 744 definiunt,
1158 666 1399 746 utsatismsgm

328 772 521 837 aestimanda
543 769 630 851 sint),
652 770 729 835 haee
749 768 844 850 igitur
865 787 934 834 cum
958 788 1015 852 ego
1037 776 1085 834 tot
1096 769 1275 833 nominibus
1299 767 1399 832 astri-

328 875 373 939 cis
399 873 570 955 appellata,
598 871 711 953 partim
740 872 827 937 novis
854 877 886 937 et
912 871 1146 950 commenticiis,
1180 877 1217 935 ut
1239 871 1306 935 ista
1327 889 1400 950 pro

290 977 310 1040 5
328 978 444 1041 ducta
466 985 498 1041 et
518 975 703 1072 reducta,
725 975 840 1056 partim
862 975 944 1042 idem
956 973 1201 1058 significantibus
1224 972 1401 1055 (quidecim

327 1079 467 1158 interest,
491 1083 619 1160 expetas
642 1097 682 1143 an
704 1077 822 1160 eligas?
844 1077 918 1144 mihi
940 1079 1065 1161 quidem
1088 1075 1315 1142 etiamlautius
1327 1074 1401 1138 ride

328 1189 387 1260 tur,
410 1181 495 1263 quod
517 1180 641 1262 eligitur
663 1181 757 1246 etad
778 1182 863 1262 quod
878 1181 1017 1246 delectus
1038 1179 1228 1261 adhibetur),
1252 1179 1321 1253 sed,
1342 1195 1400 1242 curu

329 1301 385 1364 ego
408 1283 470 1348 ista
491 1283 594 1348 omnia
621 1283 701 1349 bona
728 1283 849 1363 dixero,
885 1289 1007 1349 tautum
1035 1282 1144 1362 refert,
1177 1299 1275 1363 quam
1298 1297 1401 1361 magua

328 1386 441 1464 dicam;
464 1403 535 1450 cum
556 1387 737 1467 expetenda,
760 1405 853 1468 quam
875 1386 974 1451 valde.
1019 1385 1073 1450 Sin
1096 1393 1200 1449 autem
1227 1401 1288 1448 nec
1317 1401 1400 1464 expe

272 1489 313 1554 10
329 1489 424 1553 tenda
435 1505 491 1568 ego
503 1487 603 1568 magis
626 1507 718 1570 quam
740 1493 775 1553 tu
797 1488 947 1570 eligenda,
969 1485 1201 1568 necillapluris
1212 1485 1400 1551 adsumenda

329 1607 396 1671 ego,
417 1589 471 1671 qui
493 1590 583 1669 bona,
605 1608 698 1672 quam
720 1596 768 1670 tu,
792 1591 845 1672 qui
866 1590 1020 1671 producta
1042 1588 1198 1670 appellate,
1220 1589 1329 1653 omnia
1349 1587 1400 1650 ista

328 1709 456 1756 necesse
479 1697 528 1756 est
549 1690 708 1757 obscurari
730 1710 787 1758 nec
808 1711 963 1774 apparere
986 1692 1070 1758 etin
1093 1691 1227 1768 virtum,
1248 1699 1401 1771 tamquam

328 1793 359 1858 iu
382 1793 466 1872 solis,
488 1793 593 1858 radios
615 1793 781 1860 incurrere.
826 1797 877 1861 91.
901 1797 942 1859 At
965 1795 1055 1873 enim,
1078 1812 1140 1875 qua
1161 1793 1193 1858 in
1212 1793 1279 1856 vita
1289 1801 1339 1857 est
1352 1790 1400 1854 ali·

330 1896 405 1978 quid
426 1895 508 1975 mali,
530 1913 568 1961 ea
589 1896 681 1962 beata
703 1916 774 1962 esse
796 1917 857 1962 non
868 1905 982 1979 potest
1015 1897 1064 1960 Ne
1075 1913 1166 1977 seges
1178 1893 1401 1976 quidemigitur

272 1998 422 2079 respicis
444 1997 591 2064 uberibus
614 2005 645 2063 et
666 1999 796 2080 crebris,
830 1999 856 2066 si
884 2017 1014 2065 avenam
1042 1997 1166 2079 uspiam
1187 1997 1320 2075 videris,
1353 2011 1399 2058 ner

397 2237 539 2301 oppidi}
581 2241 601 2286 7.
622 2237 780 2290 adlibwetc
820 2232 1398 2290 8.omnior'etnbonaLr'ctaboncmloC

328 2315 406 2356 tamen
423 2306 534 2360 refertis
562 2311 585 2355 9.
603 2323 674 2370 petam
692 2308 822 2372 expuenda
839 2307 883 2360 LC
912 2307 967 2374 [rim
976 2317 1053 2359 ardna
1071 2305 1122 2374 ah]
1163 2301 1399 2356 romxbtsmdal

329 2393 370 2441 epo
384 2373 461 2440 pluris
479 2373 629 2425 aestimanda
653 2377 671 2425 C
742 2381 779 2427 ll.
798 2394 869 2442 quam
886 2377 929 2442 qni
943 2394 994 2427 eum
1009 2375 1099 2442 prodiit
1117 2373 1227 2440 appellas
1244 2375 1267 2424 E
1325 2370 1398 2420 illac

332 2448 372 2498 li.
390 2461 431 2493 aec
450 2451 504 2508 (pro
521 2447 550 2505 etl
569 2444 590 2493 L
625 2444 721 2494 volutae
740 2445 829 2497 ELPc
868 2451 904 2495 13.
923 2447 981 2510 puin
999 2445 1022 2495 in
1041 2445 1063 2497 C
1105 2449 1135 2493 14
1164 2441 1234 2510 [quid
1250 2443 1321 2508 ipsiu
1338 2437 1384 2506 uh]

414 2655 468 2709 iata
486 2654 622 2728 producta
643 2663 668 2710 et
690 2654 814 2729 reducto)
837 2653 989 2712 Posterius
1006 2655 1110 2712 abesse
1127 2651 1269 2722 debebam
1291 2668 1359 2707 nam
1368 2647 1398 2703 de

329 2739 473 2796 bonorum
496 2748 526 2794 et
548 2739 767 2796 commodorum
790 2740 957 2798 nominibus
979 2740 1066 2797 novis
1087 2739 1159 2798 Piso
1181 2738 1325 2812 loquium
1353 2731 1397 2791 sed

231 2819 234 2826 ’
330 2823 417 2882 simul
429 2841 460 2881 se
472 2823 580 2882 obtolit
590 2824 734 2882 malorum
746 2843 852 2882 nomen
864 2844 922 2883 non
935 2826 1031 2884 minus
1043 2823 1293 2891 commenticium
1303 2818 1397 2878 vided

330 2911 355 2980 I,
369 2911 406 2966 41
422 2918 450 2966 et
459 2909 574 2982 Inte.
596 2910 691 2967 Paulo
703 2919 771 2985 post
782 2910 845 2968 cod.
857 2912 933 2969 Mor.
946 2909 1037 2990 [etB]
1048 2913 1130 2968 mano
1141 2929 1195 2986 pro
1208 2911 1320 2976 launum
1341 2917 1396 2962 tun

330 3014 368 3052 ex
391 2995 435 3052 ed.
457 2995 553 3071 prima
574 2996 612 3052 ad
634 2997 714 3054 Man.
737 3005 767 3054 et
789 3006 902 3054 ceteros
924 2998 1019 3056 venit:
1041 2999 1224 3070 camapoaato
1241 2993 1396 3050 tomorum

330 3082 434 3151 dinero,
446 3100 538 3157 pravo
562 3080 680 3152 ordine;
698 3101 800 3140 verum
813 3082 944 3140 restituit
954 3082 1048 3142 Gzius
1060 3101 1097 3139 ex
1109 3081 1241 3156 quinque
1252 3079 1323 3144 suis;
1335 3093 1396 3132 nam

331 3165 410 3226 Gud.
421 3167 438 3223 2
451 3168 521 3224 utL
543 3175 651 3225 noster.
679 3167 795 3226 Deinde
807 3187 866 3225 cum
882 3169 1030 3244 appetenda
1052 3165 1145 3245 (quod
1168 3175 1214 3224 est
1235 3165 1292 3222 iam
1313 3163 1343 3220 in
1360 3159 1395 3232 R)

330 3252 459 3310 restituit
481 3253 643 3311 Lambinus
668 3271 724 3324 „ex
746 3253 860 3328 liquide
870 3254 1058 3329 antiquorum
1069 3253 1212 3310 librorum
1225 3250 1396 3326 scripturas

331 3338 474 3396 accedunt
500 3338 576 3396 Pell.
605 3341 634 3408 4,
664 3340 698 3409 6,
732 3339 816 3396 Pnrr.
848 3343 862 3396 1
893 3337 947 3416 (P)
976 3349 1006 3396 et
1034 3339 1067 3410 3,
1096 3355 1198 3396 omnes
1226 3335 1308 3404 Gaii,
1336 3327 1395 3410 [Β]-

330 3423 424 3500 (Oxx.
447 3419 520 3493 Eu}
542 3419 648 3500 quom.)
692 3425 739 3481 De
761 3424 859 3482 verbis
882 3435 984 3483 mntem
1007 3427 1104 3499 refert,
1131 3423 1162 3480 in
1186 3422 1292 3497 quibus
1312 3419 1395 3477 Eme

330 3509 404 3566 atius
426 3509 576 3581 haerebat,
599 3510 709 3568 dictum
731 3518 777 3568 est
798 3510 836 3567 ad
858 3511 935 3580 541.
978 3510 1135 3567 Postremo
1162 3512 1190 3565 in
1206 3511 1318 3576 viratas,
1333 3514 1396 3560 tarr·

332 3613 414 3668 qoam
436 3597 464 3651 io
485 3597 562 3665 solio,
597 3598 690 3653 rodim
718 3593 811 3674 (quod
833 3605 878 3654 est
904 3596 963 3654 iam
990 3595 1021 3652 in
1044 3594 1085 3674 R)
1111 3594 1278 3660 Manutius,
1305 3601 1395 3649 turne

332 3679 448 3738 Davisii
471 3680 640 3738 coniectura
662 3681 732 3739 Ern.
750 3689 780 3737 et
797 3682 991 3750 recentiorem
1013 3679 1066 3740 cfr.
1079 3685 1094 3752 ξ
1108 3682 1163 3750 71;
1185 3683 1213 3737 in
1235 3682 1340 3738 mrbaer
1359 3677 1394 3729 m-

331 3784 438 3823 cur-rere
459 3766 546 3842 longe
568 3766 648 3824 aliud
671 3775 724 3825 est.

418 3851 466 3909 91.
496 3851 538 3908 Ne
565 3871 638 3927 sapae
665 3855 772 3928 paridem
799 3855 881 3926 ἐρίων
901 3855 984 3928 opicis
1010 3841 1180 3910 comburet
1206 3847 1316 3921 mons)
1336 3860 1394 3901 esst

332 3945 437 4012 potest,
460 3938 517 3995 hoc
539 3947 592 4010 est,
616 3939 712 4015 spicas
734 3939 839 3996 uberes
859 3946 889 3995 et
899 3939 1018 3995 crebras
1028 3939 1146 3995 habere.
1173 3936 1299 3995 Prorsus
1314 3927 1392 3996 recte*¹

332 4023 417 4080 utin
440 4023 519 4081 omni
542 4024 710 4082 huiusmodi
732 4023 933 4095 adiunctione,
968 4023 1010 4081 sie
1038 4023 1069 4081 in
1090 4023 1146 4079 hac
1168 4019 1347 4078 conclusione
1368 4023 1393 4070 et

332 4109 559 4184 consequentiae
581 4109 830 4168 demonstratione
841 4109 963 4167 verbum
976 4128 992 4166 e
1004 4108 1155 4184 superiore
1167 4105 1311 4164 sententio
1320 4099 1391 4158 ondi-

328 4203 389 4266 .tur,
401 4195 492 4270 fitque
501 4195 530 4252 id
543 4213 630 4271 saepe
643 4213 709 4252 cum
720 4196 750 4252 in
761 4215 794 4252 ne
804 4227 845 4237 --
857 4197 964 4270 quidem
977 4192 1031 4274 (N.
1043 4195 1081 4252 D.
1097 4194 1156 4264 111,
1170 4193 1225 4250 21:
1248 4211 1279 4250 ne
1289 4197 1313 4250 in
1324 4191 1391 4246 tene

333 4282 440 4354 quddam
461 4282 525 4338 urbe
536 4280 652 4360 nostro),
676 4289 738 4338 turn
760 4281 790 4338 in
802 4280 848 4340 bis
864 4280 1018 4358 particulis
1030 4278 1286 4338 coniunctione-
1297 4273 1389 4350 prodat

332 4367 422 4439 ἐρίων,
445 4375 479 4425 ut
499 4367 597 4426 HIN.
609 4368 647 4425 D.
661 4367 701 4426 43
713 4369 795 4424 et44
808 4366 1009 4438 etaliislocis,
1021 4365 1113 4441 quiin
1125 4355 1389 4423 excursuram
