2956 5028
356 436 401 482 nr
425 435 505 482 unu.
528 435 592 482 nm.
614 435 638 480 11
661 433 735 481 car.
758 437 866 482 ra-ro.
1086 413 1152 480 245

83 601 272 682 pmltmdunt,
294 623 334 668 an
358 603 494 685 quodam
516 602 611 668 animi
627 603 741 668 ardore
752 609 847 683 atque
857 601 974 681 impetu
986 601 1152 665 concitati?

84 703 185 768 l'trum
217 705 343 770 tandem
377 723 500 784 cenem,
539 705 713 785 Torquate,
752 702 961 784 Imperiosum
991 701 1092 780 illum,
1126 701 1154 766 si

84 813 182 870 nasus
213 807 309 872 verba
340 807 478 884 audiret,
516 813 642 871 unumne
674 805 715 870 de
748 823 782 870 se
808 804 981 869 orationem
1007 803 1154 869 libentius

83 908 250 974 auditurum
271 907 369 972 finisse
397 926 438 972 an
465 926 580 987 meam,
613 925 684 972 cum
710 925 769 988 ego
796 906 945 984 dicerem,
979 905 1055 970 nihil
1083 923 1153 970 eum

83 1007 184 1074 iecisse
205 1028 262 1074 sua
284 1027 381 1074 eausa
402 1009 569 1092 omniaque
597 1009 642 1074 rei
670 1007 826 1090 publicae,
860 1015 895 1072 tu
922 1013 1044 1086 contra,
1078 1005 1193 1075 ninus

84 1109 135 1174 nisi
155 1112 232 1176 sua?
276 1111 309 1177 Si
337 1129 412 1176 vero
445 1111 477 1174 id
504 1111 596 1176 etiam
625 1109 794 1191 explanare
822 1108 918 1174 velles
951 1106 1155 1190 apertiusque

84 1211 207 1291 diceros,
239 1212 315 1277 nihil
342 1231 415 1277 eum
442 1211 553 1278 iecisse
580 1212 640 1278 nisi
661 1210 834 1293 voluptatis
856 1227 964 1289 causa,
997 1209 1154 1292 quomodo

84 1329 146 1376 eum
165 1315 290 1378 tandem
319 1313 456 1378 latinum
483 1313 581 1380 tuisse
608 1313 789 1378 existimas?
833 1314 883 1378 61.
911 1311 1004 1376 Esto:
1036 1309 1155 1389 lecerit,
1279 1367 1281 1373 .

84 1414 170 1480 siita
197 1415 258 1494 vis,
292 1416 472 1498 Torquatus
499 1421 633 1496 propter
663 1431 736 1479 suas
764 1413 915 1478 utilitates
949 1411 1045 1494 (malo
1073 1412 1155 1478 enim

146 1639 166 1685 l.
185 1635 272 1686 ardore
290 1639 423 1701 impetuque
440 1618 479 1683 [ιι
514 1640 538 1684 8.
557 1635 665 1686 lubentia
684 1633 852 1686 orationerula
899 1640 923 1686 4.
942 1651 993 1684 auru
1011 1633 1069 1684 nult
1085 1632 1155 1686 IaCR

84 1705 105 1752 t.
120 1703 142 1751 ri
156 1704 214 1753 eada
233 1703 298 1754 idR
372 1703 479 1769 apartium
498 1715 555 1762 tom.
575 1709 630 1770 qao)
648 1703 747 1754 LPMR
804 1703 884 1768 aptius
903 1705 922 1752 C
991 1707 1013 1752 7.
1032 1719 1077 1766 quo
1096 1715 1154 1759 tom.

84 1769 193 1836 sodolc
245 1779 270 1821 8.
288 1771 405 1822 adom
423 1769 567 1825 PmcROr.

161 1995 335 2072 Inperiormu
358 1995 447 2075 illuni)
480 1996 667 2070 Quamquam
689 1996 748 2054 iam
771 2007 855 2074 pater
877 1997 913 2054 T.
936 1995 1096 2071 Torquati,
1119 1995 1153 2052 L.

83 2076 215 2152 Manlius,
235 2081 393 2158 Imperiosi
416 2099 579 2158 cognomen
602 2081 692 2138 habet
713 2081 869 2157 apudLiv.
892 2081 963 2152 VH,
989 2081 1006 2138 3
1030 2089 1060 2138 et
1082 2083 1101 2138 t
1125 2091 1155 2138 et

85 2161 178 2220 Seuer.
200 2166 236 2223 de
258 2165 363 2225 Benef.
375 2166 434 2238 111,
459 2167 497 2224 37
522 2175 552 2223 et
573 2166 604 2223 iu
622 2165 708 2224 lastis
720 2166 906 2242 Capitolinis,
929 2167 1066 2241 idemque
1078 2166 1154 2223 Tor·

84 2249 156 2321 quati
173 2249 257 2308 fratri
280 2261 352 2308 natu
375 2252 481 2309 maiori
492 2251 546 2311 Cn.
569 2251 600 2308 in
621 2251 817 2328 fastisCapit.
840 2261 870 2308 et
891 2252 970 2328 apud
986 2251 1076 2309 Diod.
1095 2251 1154 2310 Sic.

84 2333 163 2406 xvi,
189 2337 225 2393 15
249 2337 346 2408 datur,
374 2347 409 2395 ut
429 2335 617 2394 manifestum
641 2337 694 2408 sit,
728 2357 787 2395 non
809 2355 827 2394 a
849 2338 1003 2412 Torquato
1025 2346 1154 2412 partum,

85 2419 130 2476 sed
150 2421 311 2480 hereditate
333 2429 488 2498 acceptum
510 2440 585 2493 esse,
608 2441 667 2479 nou
689 2432 788 2499 potest
810 2432 908 2480 tamen
920 2421 1059 2492 dubitari,
1082 2421 1154 2497 quin

85 2501 180 2563 Cicero
202 2507 249 2564 hic
271 2507 335 2565 sive
357 2508 505 2565 communi
527 2507 654 2583 quodam
677 2507 851 2566 e'rroresive
874 2525 928 2566 suo
944 2507 974 2565 id
992 2525 1154 2584 cognomen

85 2589 220 2666 Torquati
240 2593 322 2650 illius
344 2593 496 2669 proprium
519 2601 550 2649 et
570 2593 609 2649 ab
620 2612 656 2650 eo
666 2605 784 2670 partum
796 2593 954 2650 severitate
965 2593 1017 2650 illa
1028 2592 1154 2668 putarit3

84 2691 170 2749 neque
198 2679 275 2735 enim
303 2677 415 2753 alioqui
449 2678 521 2736 satis
554 2677 603 2734 hic
630 2678 725 2736 virum
754 2678 956 2756 significasset.
999 2679 1101 2753 Atque
1123 2678 1153 2734 in

86 2761 202 2819 eundem
223 2783 354 2822 errorem
378 2763 481 2820 incidit
503 2763 607 2821 Livius
629 2765 684 2834 1v,
709 2765 764 2834 29,
793 2763 845 2838 qui
867 2764 940 2834 VII,
964 2767 982 2820 4
1005 2763 1114 2821 rectius
1136 2781 1156 2820 a

84 2857 160 2918 putre
186 2859 302 2923 partum
331 2866 493 2925 cognomen
522 2849 627 2918 tradit;
666 2867 734 2906 nam
768 2868 842 2907 avus
871 2851 952 2907 Vulso
977 2850 1154 2924 Cupitolr'mra,

84 2939 197 3004 patruus
227 2934 395 3010 Capitolinus
428 2934 458 2991 iu
491 2933 577 2992 fastis
610 2934 793 3006 scribuntur,
827 2945 933 2992 neuter
963 2933 1154 3009 Imperiosus.

84 3014 181 3090 ltaque
202 3037 260 3077 non
283 3019 455 3094 Torquatus
475 3019 669 3095 Imperiosus,
692 3019 744 3077 sed
762 3021 940 3097 imper-iosuae
962 3019 1055 3095 (quod
1072 3019 1154 3094 prius

84 3101 153 3180 erat)
180 3104 333 3180 Torquatum
355 3105 386 3162 in
408 3103 494 3162 fastis
516 3103 614 3180 Capit.
637 3105 785 3163 scribitur.
834 3105 990 3163 Accidisse
1018 3103 1095 3160 idem
1123 3104 1153 3160 in

85 3183 309 3262 Capitolinomm
332 3199 450 3248 vetusto
473 3189 658 3267 cognomine,
680 3199 783 3248 notum
807 3201 866 3262 est,
889 3201 922 3247 ut
945 3191 1008 3247 eius
1030 3189 1114 3266 origo
1137 3207 1155 3246 a

84 3289 112 3326 re
132 3273 236 3332 illustri
259 3275 336 3333 ialso
358 3286 551 3352 repeteretur.

160 3357 346 3439 operataque)
391 3359 441 3421 Sic
469 3359 557 3420 Grut.
585 3358 719 3417 ePal.1
751 3369 781 3416 et
807 3361 997 3432 recentiores,
1025 3360 1102 3417 Dav.
1124 3367 1156 3416 et

84 3439 170 3501 Gzius
191 3446 287 3503 tacite.
332 3445 552 3523 Oxx.EU21p,
580 3453 614 3503 nt
635 3445 705 3502 olim
729 3445 885 3504 edebatur=
919 3448 997 3502 velue
1024 3448 1155 3521 apertius,

83 3527 184 3587 timeres.

160 3615 309 3692 murras)
333 3615 383 3676 Sic
396 3614 521 3694 [utAB]
539 3616 598 3674 iam
610 3613 783 3688 Cratander,
796 3616 967 3688 Lambinus,
985 3605 1052 3673 'lum
1065 3634 1081 3672 a
1093 3615 1155 3673 suis
1231 3677 1234 3688 ,

83 3711 213 3772 quattuor
234 3701 308 3780 (Ox.
330 3697 361 3778 ξ)
383 3700 492 3771 Gaium
515 3701 567 3762 sed
589 3701 973 3776 stulteexcusattamquam
993 3701 1153 3772 inversum,

83 3786 154 3858 quod
175 3805 265 3844 uuum
286 3806 391 3844 verum
414 3795 468 3844 est.
510 3787 618 3862 Itaque
630 3785 761 3845 Orellius
783 3788 821 3844 ad
838 3786 1044 3845 soloecismum
1055 3786 1153 3858 rediit,

84 3871 306 3930 condicionalem
330 3871 549 3930 coniunctivum
568 3891 632 3930 esse
643 3880 752 3948 putans
775 3873 814 3950 (si
823 3875 924 3931 diceres
935 3907 978 3915 —
989 3875 1123 3930 eristimes
1131 3870 1153 3950 l)

83 3973 130 4012 nec
141 3957 212 4016 duaa
223 3957 335 4016 formas
348 3958 564 4016 diversissimas
576 3967 606 4014 et
617 3957 786 4016 notissimas
798 3957 990 4035 distinguens,
1014 3975 1080 4014 oum
1103 3966 1155 4014 aut

83 4055 241 4114 quaeratur,
265 4043 336 4118 quid
360 4053 441 4100 certa
462 4043 635 4100 condicione
657 4043 765 4118 aliquis
787 4041 917 4101 futurum
941 4043 1032 4100 fuisso
1044 4042 1155 4100 iudicet

83 4121 156 4204 (qiud
178 4131 315 4186 moretm
331 4131 459 4203 scutrum
474 4131 573 4203 Jiaese,
596 4126 644 4207 ai),
672 4139 738 4200 aut,
772 4129 843 4203 quid
871 4139 951 4186 certa
981 4127 1153 4186 condicione

83 4209 254 4272 iudicaturus
276 4213 368 4272 fuerit
389 4207 472 4295 (quid
492 4216 669 4285 aestimares,
692 4210 742 4291 si).
777 4214 880 4273 Simile
897 4215 926 4272 in
944 4213 1153 4290 interrogando

83 4299 209 4356 utendum
233 4299 395 4356 tollendum
418 4300 475 4357 erit
497 4303 511 4370 ξ
536 4301 591 4368 76;
614 4298 667 4356 cfr.
690 4299 728 4369 V,
753 4299 803 4357 89.

160 4387 210 4442 61.
242 4387 313 4442 malo
335 4389 402 4442 euim
430 4385 531 4462 dicere)
576 4384 645 4442 Non
678 4384 741 4442 sine
770 4403 860 4442 causa
885 4385 915 4442 in
944 4385 1000 4441 hac
1029 4383 1152 4441 duarum
