2948 5024
271 395 309 440 ur
333 393 413 440 nun.
431 393 531 442 urnv
554 394 626 441 cur.
645 398 754 443 ee-eo.
801 389 804 396 ’
989 377 1051 442 tes

64 563 240 644 Theophrastus,
257 563 432 628 consistitin
443 563 535 629 beata
546 562 610 628 rita
621 565 847 646 comperanda3
869 563 959 630 beate
970 565 1051 630 enim

112 722 126 766 l.
140 716 215 768 comtih't
228 717 278 769 ileu.
318 716 388 785 [enim
405 717 501 768 ederet
515 717 575 766 enen
593 715 640 786 eh]

52 857 208 933 philosophiae
228 858 280 916 duoi
306 857 373 936 (cfr.
395 857 480 928 adl,
505 857 573 933 62),
596 857 748 934 aptissime
770 867 868 916 autem
890 858 965 915 hene
987 877 1052 917 sen-

51 944 145 1000 tentian
161 943 190 1002 eb
207 943 279 1001 sltero
299 944 419 1002 scholae
440 943 657 1020 Peripateticae
674 943 816 1021 principe,
839 943 923 1002 cuins
934 944 1052 1004 notissi-

47 1047 98 1086 mos
116 1039 165 1086 erst
181 1017 231 1105 turpi
246 1019 426 1102 εὐδαιμονίας
447 1029 531 1101 liber,
555 1030 662 1105 repetit
683 1038 713 1086 et
734 1031 797 1088 sine
809 1028 899 1088 dubio
910 1048 948 1087 ex
959 1030 1053 1107 ipsius

44 1115 108 1171 illius
126 1113 179 1172 libri
197 1113 295 1172 exordio
317 1113 415 1172 sumit.
448 1115 483 1172 In
506 1122 567 1172 tarn
589 1115 745 1192 perspicua
766 1134 798 1172 re
809 1115 840 1172 in
852 1116 1052 1174 vetustissimo

41 1219 121 1258 errore
139 1200 241 1257 tollendo
258 1218 312 1257 non
340 1200 474 1258 dubitavi
496 1201 633 1258 Lambini
655 1200 870 1274 coniecturam,
905 1219 993 1276 quarn
1016 1221 1052 1258 ne

38 1285 158 1344 Gruterus
176 1284 270 1360 quidem
292 1285 451 1362 „culpare“
482 1304 572 1344 ausus
600 1296 658 1360 est,
692 1286 846 1344 Ernestius
868 1296 967 1344 autern
989 1288 1052 1345 iure

37 1372 155 1447 probarit,
174 1370 242 1446 sequi
260 1381 358 1428 contra
380 1371 505 1443 codices,
529 1372 580 1447 qui
591 1373 664 1430 baec
676 1373 780 1430 verbe:
803 1383 831 1430 ut
842 1375 880 1430 εει
896 1373 1052 1450 lbeoploru·

37 1469 79 1514 ouo
97 1457 170 1532 paulo
189 1465 244 1514 aute
263 1465 373 1532 ponunt
394 1457 577 1533 ineptissimo
599 1457 675 1516 loco.
714 1457 844 1537 [Nonius
859 1459 957 1530 etiem,
980 1477 1052 1533 quo·

37 1544 96 1600 oiern
115 1543 175 1599 haec
193 1560 237 1599 suo
256 1541 316 1600 loco
339 1543 458 1614 omittit,
481 1543 579 1620 priore
591 1540 880 1624 videtnrhsbuisse.]
925 1543 983 1618 Qui
1003 1545 1052 1602 de·

37 1629 127 1686 endere
146 1637 268 1685 conantur
287 1623 423 1708 (conatus
446 1637 491 1686 est
512 1638 610 1686 autem
623 1649 716 1706 paene
728 1649 804 1687 unus
816 1628 924 1699 Gzius3
948 1629 1053 1689 Othoni

38 1734 51 1770 e
71 1713 243 1771 admonitione
262 1713 377 1788 quidem
401 1733 487 1790 egere
509 1715 592 1772 locus
614 1715 695 1772 visus
717 1716 785 1791 est),
819 1715 870 1790 qui
893 1715 1054 1773 defendunt

37 1801 104 1873 ¹itur,
126 1819 157 1856 ne
168 1799 388 1874 Theophrastum
400 1800 514 1874 aliquot
535 1801 660 1858 saeculis
683 1811 752 1858 ente
774 1800 891 1872 Pisoni,
925 1819 1052 1876 quocum

39 1894 171 1960 queretur,
191 1885 364 1960 praecepisse
384 1893 524 1956 statuent,
547 1887 741 1944 imitationem
763 1886 899 1962 propriae
912 1897 942 1944 et
952 1887 1052 1964 singu·

37 1973 72 2028 ris
93 1963 229 2028 cuiusdam
249 1969 445 2046 Theophrasti
467 1972 548 2029 vocis
570 1971 600 2028 in
624 1972 723 2030 verbis
744 1974 906 2030 instituenda
918 1976 1053 2031 οναιίεεει

37 2057 132 2114 Pisone
149 2054 295 2132 significari
306 2065 425 2131 putent3
448 2075 522 2132 qnos
533 2057 660 2133 primum
672 2057 783 2115 refellit
792 2057 950 2116 verborum
963 2058 1051 2129 ordo;

37 2163 58 2200 n
82 2142 153 2198 enim
164 2140 341 2199 scribendum
352 2153 429 2200 erat:
452 2153 536 2200 tecum
558 2146 626 2200 enim
647 2144 721 2214 rniltr',
745 2154 774 2200 ut
795 2146 834 2200 αίι
850 2145 910 2214 uh,
934 2147 995 2201 inst.
1012 2163 1051 2200 or.

38 2249 45 2298 ;
79 2245 151 2284 nunc
176 2227 336 2284 necessario
357 2227 411 2286 ille
433 2228 524 2286 verba
544 2229 583 2285 ad
605 2239 688 2286 tenum
711 2238 742 2286 et
768 2231 833 2286 mihi
853 2229 1002 2304 pertinent
1023 2239 1053 2288 et

37 2334 78 2382 m,
100 2331 184 2388 quarn
205 2311 274 2385 dixi,
296 2313 499 2371 incredibilem
512 2314 735 2390 perversitatem
747 2315 907 2372 continent
935 2315 1051 2372 Deinde

37 2404 119 2456 εἰιιενε
138 2403 276 2456 οναιίοεεηε
297 2417 357 2456 cuno
379 2401 470 2474 aliquo
492 2399 566 2458 adeo
587 2417 771 2458 communem
788 2401 831 2458 rei
843 2401 974 2459 omnium
985 2419 1051 2477 per·

37 2484 187 2542 tutissimae
208 2484 451 2560 significationem
474 2485 572 2559 babet,
595 2495 628 2542 ut
639 2505 657 2543 e
668 2485 874 2561 Theophrasto
886 2487 942 2543 hoc
953 2505 1051 2562 sump-

61 2579 166 2646 putere
187 2569 430 2628 absurdissimum
452 2571 498 2629 sit.
542 2572 647 2646 Itaque
670 2571 764 2629 Geius
786 2591 802 2628 ε
825 2570 904 2631 Gud.
926 2581 1052 2646 utroque

38 2659 94 2715 too.
118 2655 211 2714 edidit
232 2658 396 2714 assumor
417 2667 457 2714 est
478 2659 548 2714 ratio
570 2657 672 2734 (modo
694 2657 956 2727 reeteeooenden'u
979 2657 1051 2715 alibi

38 2764 47 2799 1
72 2741 188 2798 nullum
211 2751 258 2798 est
280 2741 343 2800 eius
370 2742 533 2818 scripturae
556 2743 727 2820 vestigium3
760 2743 812 2800 sed
840 2742 979 2818 frequens
1007 2751 1052 2800 est

38 2827 131 2902 lum),
155 2827 248 2902 idque
270 2828 314 2884 ita
334 2827 558 2904 interpretatur:
591 2831 633 2886 ioh
656 2829 723 2886 oete
749 2830 835 2900 mulo,
865 2831 934 2886 nach
967 2829 1051 2886 Theo-

38 2925 75 2971 rte
98 2913 264 2984 Auscis-uelo,
287 2917 335 2970 mit
356 2915 402 2970 dir
422 2934 456 2971 eu
479 2915 629 2972 herechnen.
669 2913 792 2984 Omitte,
820 2918 949 2972 rabonem
975 2917 1051 2972 insti-

53 2999 211 3056 neminem
235 2999 294 3056 hoc
317 2999 482 3075 significatu
505 3019 599 3074 neque
623 3000 732 3057 dixisse
755 3018 850 3074 neque
879 3000 975 3057 dicere
998 3019 1051 3076 po·

39 3105 62 3154 ³3
87 3103 162 3142 narn
187 3084 270 3142 ratio
294 3085 480 3156 subducitur,
515 3086 619 3156 initur,
654 3085 819 3156 conficitur,
854 3103 920 3142 curn
950 3085 1051 3160 aliquo

39 3181 118 3241 rtur,
145 3189 210 3228 non
235 3170 411 3228 instituitur.
457 3170 517 3230 Sed
538 3179 571 3228 ut
583 3171 706 3242 dicatur,
729 3171 866 3228 nimirum
878 3170 1051 3247 Theophra·

39 3257 134 3313 rerbo
159 3275 180 3312 a
204 3255 378 3315 rationibus
405 3257 539 3315 traducto
561 3257 772 3332 proprietatem
794 3256 942 3331 quandem
963 3256 1051 3314 huius

39 3341 167 3398 ationis
200 3341 376 3418 significare
404 3342 513 3399 debuit.
559 3342 637 3415 Quid
669 3352 716 3400 est
741 3342 832 3418 igitur
858 3341 945 3399 buius
972 3360 1051 3400 com·

51 3437 86 3484 et
110 3427 283 3484 rationum
307 3445 373 3484 curn
395 3428 489 3484 altero
511 3427 735 3498 subducturum,
759 3437 806 3500 ut,
835 3427 906 3503 quid
934 3427 1050 3502 utrique

43 3533 94 3582 ur,
122 3525 291 3588 appareat
314 3521 343 3570 et
359 3511 544 3588 pariebant?
567 3511 679 3590 (Velim
702 3514 791 3571 etiam
813 3513 902 3580 scire,
925 3531 1051 3587 quocum

40 3600 179 3656 hrastus
207 3599 272 3656 has
296 3599 426 3656 rationes
449 3595 630 3678 contulerit.)
672 3600 750 3657 Turn
772 3599 845 3658 Piso
866 3600 923 3658 boo
944 3599 1011 3657 ideo
1033 3617 1052 3656 e

40 3686 158 3742 hrasto
186 3702 320 3741 sumere
343 3684 458 3756 debuit,
486 3684 565 3760 quod
587 3685 625 3742 ad
647 3704 730 3743 susm
752 3705 814 3742 rem
837 3693 867 3743 et
888 3685 1051 3742 orationem

50 3779 158 3827 esset.
213 3770 292 3827 Iam
316 3769 387 3844 qnid
409 3765 482 3828 haee
504 3771 608 3842 oratio,
631 3771 661 3828 in
684 3789 742 3846 que
764 3772 850 3842 Piso,
884 3770 977 3827 Lucio
1000 3789 1050 3826 su·

41 3874 110 3912 nec
140 3853 333 3930 quidquam
356 3856 391 3913 de
414 3875 467 3914 suo
491 3855 669 3931 proferente,
692 3857 867 3914 sententiam
889 3873 971 3913 suem
999 3873 1051 3912 ex·

52 3942 187 4012 habet,
232 3941 272 3998 in
303 3959 362 4016 quo
390 3941 438 3998 vel
465 3943 570 4000 umbra
597 3942 636 4000 sit
662 3942 785 4000 rationis
813 3961 831 3998 a
852 3941 961 3999 Pisone
984 3957 1051 3998 cum

41 4024 276 4084 subductae?
312 4025 467 4106 (Davisius
496 4028 554 4084 trie
581 4028 653 4085 haee
681 4028 772 4085 verba
795 4027 886 4084 deleri
898 4026 971 4096 vult,
997 4025 1050 4096 ,li-

41 4133 85 4169 run
126 4122 288 4189 stupore
317 4112 452 4170 invecta“
483 4123 599 4188 putans.
649 4113 759 4170 Mirum
791 4131 862 4170 vero
891 4122 1050 4188 stuporem,

41 4200 71 4255 ia
111 4199 199 4256 sine
240 4215 343 4256 eausa
370 4199 534 4275 excogitet!
568 4198 663 4269 Oxx.‚
693 4199 743 4275 qui
771 4217 837 4256 curn
859 4198 1051 4256 Lellemando

41 4305 94 4342 rm
127 4292 351 4358 sequuntur,
385 4284 459 4341 nihil
482 4293 625 4342 annotant
646 4303 683 4342 ex
705 4285 732 4342 E
754 4281 798 4363 (U
820 4303 877 4342 non
900 4282 1051 4359 numero);

42 4373 113 4428 hoc
145 4388 316 4445 quoque,
339 4370 390 4446 qui
413 4370 544 4428 codicem
567 4370 705 4442 contulit,
734 4371 772 4427 ed
793 4370 950 4428 verborum
973 4369 1051 4428 ordi·
