2956 5028
357 333 420 398 282
750 349 795 396 on
818 349 949 399 misus
971 351 1043 398 soa.

356 529 455 584 rum.“
496 519 578 584 Satis
600 519 725 585 esttibi
747 519 779 584 in
800 526 841 599 tc,
863 520 940 586 setis
962 521 993 584 iu
1014 519 1144 602 legibus,
1166 517 1243 584 satis
1265 519 1298 584 in
1320 519 1445 583 medio·

356 620 459 687 eribus
481 621 622 688 amicitiis
643 621 806 704 praesidii3
828 622 891 686 iam
913 621 1067 688 contemni
1089 641 1150 687 non
1173 621 1305 704 poteris3
1334 621 1446 686 odium

426 864 447 908 1,
465 859 527 911 sotir
544 869 567 911 rt
584 859 607 908 in
625 859 751 926 lapidarii
784 860 845 910 rotis
863 869 885 910 et
902 860 925 909 r'rr
943 859 1002 912 mod.
1019 857 1118 912 PMCR
1162 865 1184 911 2.
1204 859 1290 910 απιέοίε
1307 859 1328 908 L
1362 875 1446 924 prae·

354 927 440 980 sidiam
458 943 553 990 omues,
572 927 616 980 Or.
668 937 814 980 commanere
832 928 949 981 LPldCR

355 1153 464 1213 Gaium
487 1163 512 1211 et
533 1163 602 1230 post
623 1157 699 1225 suus,
723 1154 801 1229 quod
814 1153 924 1210 omittit
940 1153 1030 1212 etiam
1048 1153 1127 1230 Spir.
1139 1149 1193 1233 [B]
1205 1162 1235 1210 et
1246 1151 1305 1212 Ox.
1319 1167 1360 1228 ψ;
1397 1147 1446 1221 E}

355 1239 553 1297 habebantur
576 1239 676 1314 leqr'bus
698 1249 723 1297 et
744 1243 771 1296 iu
793 1239 977 1298 mediocribus.

436 1323 583 1401 praesidii)
607 1323 732 1384 Codices
754 1344 856 1382 omnes
879 1325 1009 1382 omniurn
1021 1323 1135 1401 (Grut,
1147 1325 1235 1394 Dav,
1248 1321 1337 1394 Oxx,
1350 1321 1442 1385 Gziir

350 1411 529 1487 proesidhem,
552 1411 609 1468 nisi
632 1411 711 1485 quod
729 1413 865 1486 praesidii
885 1411 915 1468 in
938 1429 996 1487 mg.
1018 1410 1099 1468 Crat.
1122 1417 1291 1480 annotatur,
1314 1427 1391 1483 quae
1417 1408 1444 1465 si

355 1496 522 1553 emendatio
545 1505 590 1554 est
612 1496 678 1574 (sed
690 1496 844 1553 scribitur:
862 1497 1014 1572 praesidi:
1036 1499 1239 1564 iamcontemm',
1262 1494 1318 1551 hoc
1340 1503 1445 1569 poste-

355 1582 426 1653 n'us,
450 1600 504 1658 pro
526 1593 696 1644 contemnere,
720 1600 790 1639 sane
813 1579 930 1656 scoth),
953 1600 1025 1638 vera
1047 1589 1093 1638 est
1109 1589 1139 1637 et
1149 1580 1325 1649 necessaria,
1348 1597 1444 1653 quam

355 1676 435 1724 reete
457 1685 475 1723 a
498 1667 632 1734 Victoria
655 1667 692 1723 ad
715 1667 885 1725 Ernestiunr
908 1666 1036 1724 editores
1059 1665 1151 1724 secuti
1175 1675 1252 1722 sunt
1285 1665 1363 1722 Nam
1383 1663 1444 1721 etsi

355 1763 424 1810 sunt
444 1752 558 1828 aliquot
580 1752 756 1828 scriptorum
779 1753 953 1810 Latinorum
976 1752 1043 1823 loci,
1066 1750 1225 1825 inquibus,
1249 1768 1315 1808 curn
1338 1757 1444 1825 posset

354 1841 422 1895 sotis
444 1857 509 1895 eum
533 1839 718 1895 substantivo
741 1837 888 1914 coniungi,
911 1839 1056 1896 retinetur
1077 1836 1277 1894 nominativus
1289 1845 1341 1892 aut
1352 1853 1443 1891 accu-

354 1924 467 1981 sativus
489 1923 681 1993 substantivi,
715 1933 749 1980 ut
776 1927 843 1981 satis
865 1923 1048 1980 adverbum
1070 1941 1136 1979 cum
1160 1922 1345 1979 substantivo
1368 1939 1442 1977 con·

353 2008 484 2066 iunctum
507 2009 685 2085 adiungetur
707 2009 812 2086 (Verg.
834 2010 912 2066 Aen.
935 2009 992 2080 XI,
1018 2009 1094 2080 366,
1123 2007 1211 2066 Ovio.
1233 2007 1354 2065 Metam.
1379 2007 1442 2073 111,

358 2095 427 2165 149,
451 2095 567 2153 Lucret
590 2096 615 2165 Ι,
629 2096 700 2166 241,
724 2095 774 2152 ubi
797 2093 1090 2152 animadvertendum
1112 2102 1166 2165 est,
1190 2111 1249 2150 non
1271 2092 1329 2151 dici
1351 2092 1441 2150 abso·

354 2178 429 2237 luta:
453 2189 540 2237 taetre
562 2183 719 2237 consessor
741 2199 835 2250 cauea,
859 2180 925 2236 sed:
948 2181 1127 2237 statueratis
1149 2189 1312 2236 essocaasa
1330 2179 1384 2247 leh',
1410 2177 1441 2234 id

354 2273 408 2336 ast,
431 2264 522 2322 lotum
545 2266 618 2322 satis
640 2265 784 2336 efficeret,
819 2265 881 2324 Cic.
904 2265 940 2322 de
962 2266 1079 2322 Invent
1106 2265 1154 2335 11,
1186 2265 1260 2320 113:
1292 2283 1355 2320 narr
1385 2267 1439 2320 r'om

353 2354 421 2410 sotr's
438 2370 493 2426 pro
514 2371 552 2420 eo,
576 2353 649 2425 qaod
665 2353 771 2425 fecerit,
795 2353 877 2408 honos
899 2351 1007 2407 habitus
1028 2354 1076 2420 sit,
1107 2350 1158 2406 ubi
1181 2347 1369 2406 manifestum
1395 2358 1439 2405 est

354 2438 477 2494 honorem
499 2437 595 2493 hahere
617 2436 701 2511 quasi
723 2455 778 2512 pro
802 2455 865 2493 una
892 2454 964 2494 voca
987 2434 1087 2512 poni),
1121 2443 1220 2492 tamen
1242 2453 1278 2491 aa
1298 2435 1378 2490 ratio
1401 2433 1438 2490 ad

353 2523 428 2580 elios
450 2522 531 2579 locos
553 2540 658 2597 prosae
675 2521 818 2579 orationis
830 2521 1006 2598 scriptorum
1024 2531 1169 2597 quatenus
1186 2520 1342 2596 pertineat,
1367 2537 1439 2576 mox

353 2607 533 2678 videbinrus3
556 2607 593 2663 ad
615 2607 693 2664 hune
715 2617 794 2664 certe
817 2625 876 2664 non
898 2607 1036 2683 pertinet,
1058 2607 1088 2663 in
1111 2625 1170 2680 quo
1188 2605 1356 2662 necessario
1368 2607 1439 2662 sotis

353 2711 419 2750 curn
442 2711 514 2750 voca
533 2695 668 2767 praesidii
693 2693 836 2750 conflatur
863 2702 894 2748 et
921 2700 1043 2768 propter
1069 2691 1246 2748 senteutiam
1269 2689 1439 2770 (quaeritur

353 2779 445 2844 enim,
479 2777 589 2834 satisne
617 2797 755 2854 magnum
783 2777 962 2854 praesidium
991 2774 1046 2858 sit)
1069 2786 1099 2834 et
1129 2787 1252 2852 propter
1278 2776 1439 2833 verborum

353 2863 486 2921 ordinem
508 2863 662 2938 ipsamque
684 2863 866 2939 anaphoram
889 2871 919 2920 et
940 2873 1063 2939 propter
1084 2862 1168 2919 verbi
1180 2861 1311 2919 adiuncti
1328 2879 1437 2938 geuus3

353 2967 421 3006 nam
443 2948 482 3004 ad
502 2949 613 3005 nudum
636 2949 758 3005 verbum
781 2948 1009 3019 substantivum,
1032 2948 1133 3006 addito
1156 2947 1245 3004 etiarn
1268 2947 1371 3004 dativo
1383 2947 1438 3014 tihi,

353 3034 522 3091 adiunctum
546 3037 613 3090 sotis
635 3034 802 3092 necessario
824 3035 901 3090 hanc
923 3033 1033 3091 efficiet
1054 3033 1230 3092 sententiam
1247 3033 1286 3089 ab
1301 3032 1438 3090 hocloco

353 3119 578 3177 alienissimam:
618 3122 787 3194 praesidium
820 3120 868 3176 tibi
899 3121 1014 3194 sufficit,
1048 3121 1115 3176 m'hil
1131 3129 1244 3193 praeter
1266 3119 1439 3193 praemelium

352 3207 484 3279 requiris,
512 3222 571 3262 uon
594 3203 683 3260 hane:
711 3208 813 3262 rrrrtlrrm
833 3207 911 3263 aliud
927 3206 1105 3280 praesidiarii..
1149 3205 1255 3278 Itaque
1282 3221 1317 3260 ec
1341 3203 1439 3259 minus

355 3289 487 3347 dubitavi
505 3292 641 3364 praesidii
661 3290 826 3360 restituere,
849 3289 929 3364 quod
951 3290 1040 3347 etiam
1061 3290 1093 3346 iu
1111 3288 1250 3365 perbonis
1275 3288 1438 3356 codicione,

355 3393 421 3432 oum
445 3375 564 3432 brevior
591 3375 720 3450 genetivi
748 3374 845 3432 forma
867 3373 1018 3452 (mosidi)
1052 3375 1239 3452 ignoraretur
1266 3381 1296 3430 et
1323 3373 1440 3450 syllaba

353 3460 420 3518 voci
443 3461 544 3518 deesse
567 3468 728 3534 putaretur,
752 3479 811 3518 non
832 3479 901 3518 raro
923 3461 1056 3518 additum
1079 3469 1125 3518 est
1146 3479 1200 3531 um,
1223 3467 1257 3516 ut
1267 3459 1358 3536 paulo
1372 3467 1437 3516 anta

354 3550 369 3616 ξ
394 3547 432 3602 69
456 3547 533 3602 aliud
554 3549 685 3618 rreqotr'um
707 3547 774 3602 nihil
795 3549 948 3619 pronepoti
968 3545 1111 3622 scriptum
1134 3553 1199 3602 erat
1220 3541 1265 3625 [et
1287 3544 1369 3620 apud
1393 3541 1439 3600 Li·

353 3631 434 3688 vium
456 3631 568 3690 XXII.
595 3632 632 3688 14
656 3641 730 3688 extr.
753 3630 817 3687 cod.
830 3630 1000 3688 Puteaneus
1017 3631 1122 3688 hebet:
1149 3635 1175 3688 si
1195 3631 1320 3688 militaris
1336 3633 1437 3704 srrjlnr·

352 3719 425 3791 qiam
448 3735 491 3772 res
513 3711 603 3795 esset}
638 3715 724 3789 Quod
752 3716 789 3772 de
811 3715 878 3773 aliis
900 3715 973 3774 locis
996 3716 1170 3793 significavi,
1193 3716 1321 3791 primum
1337 3731 1438 3790 repre·

353 3801 509 3858 hendendo
530 3801 788 3878 gramnmticorum
812 3801 908 3879 (velut
918 3801 1108 3860 Ramshornii
1131 3801 1283 3859 etKlotzii
1300 3800 1338 3857 ad
1357 3797 1437 3857 Lael.

355 3883 410 3962 45)
433 3887 539 3962 supina
556 3886 757 3962 neglegentia,
780 3887 831 3961 qui
853 3887 971 3944 Livium
994 3887 1184 3959 v1,18,10:
1205 3887 1280 3944 vohis
1307 3889 1437 3943 auritium

354 3973 421 4028 satis
443 3981 482 4028 est
504 3990 558 4048 pro
580 3975 677 4028 ausilii
697 3971 850 4048 scripsisse
871 3979 1008 4044 narrant,
1037 3973 1121 4046 quasi
1145 3973 1187 4030 ibi
1209 3972 1344 4029 tribunus
1371 3987 1438 4046 que·

354 4065 445 4126 ratur,
469 4065 528 4113 tam
551 4057 636 4132 parvi
659 4056 750 4114 animi
772 4073 836 4114 esse
858 4057 1005 4133 plebeios,
1033 4065 1068 4114 ut
1089 4059 1161 4116 satis
1183 4057 1287 4114 auxilii
1310 4057 1437 4113 habeant

354 4141 495 4198 adversus
517 4142 667 4216 patricios,
690 4161 768 4199 novo
790 4151 821 4200 at
841 4142 975 4200 inaudito
1002 4143 1087 4220 parvi
1115 4143 1206 4200 animi
1229 4141 1344 4199 effectu.
1394 4142 1438 4198 ln·

355 4225 495 4301 dignatur
516 4245 581 4297 eos,
605 4228 630 4284 si
652 4227 796 4284 auxilium
819 4228 962 4298 habeant,
997 4237 1152 4286 contentos
1174 4247 1253 4298 esse,
1287 4236 1437 4302 tamquam

354 4309 510 4367 inferiores
543 4319 574 4368 et
605 4312 643 4368 ad
675 4313 837 4388 parendum
866 4322 966 4385 natos,
994 4313 1069 4370 nihil
1096 4323 1251 4390 praeterea
1277 4313 1438 4386 requirere.
