2998 5020
333 377 398 443 650
722 391 767 442 ns
789 395 920 445 nmmos
942 397 1013 444 uon.

332 566 373 630 ad
405 572 587 644 extremum3
621 571 656 629 ut
687 564 748 629 iam
781 565 873 630 liceat
899 583 963 631 una
995 567 1270 648 comprehensione
1301 567 1398 631 omnia

332 667 494 748 complecti
514 686 575 731 non
597 666 850 748 dubitantemque
871 667 988 747 dicere,
1022 686 1144 734 ornnem
1165 675 1309 734 namnam
1335 687 1398 734 esse

333 768 530 834 servatricem
553 767 601 834 sui
622 769 716 850 idque
731 769 845 834 habere
855 769 1051 851 propositum
1073 770 1162 852 quasi
1184 769 1278 835 finem
1298 781 1330 836 et
1351 789 1397 836 cx·

402 961 424 1008 2.
447 956 590 1020 dubitataque
614 955 660 1006 CR
680 955 811 1006 dubt'taram
835 957 854 1005 1.
881 955 1059 1021 duodenaque
1081 955 1126 1010 Or.
1149 971 1207 1006 cum
1232 969 1293 1008 nota
1320 959 1397 1008 utendi

333 1041 383 1074 cece
397 1025 477 1074 omP
512 1024 741 1075 &conservatricem
759 1025 824 1078 COr.

332 1198 500 1269 assentitur,
523 1198 565 1255 sic
588 1196 720 1255 codicum
743 1198 917 1273 scripturam
939 1207 1048 1270 tuetur,
1071 1207 1105 1256 ut
1126 1219 1164 1256 ex
1186 1199 1297 1274 quaein
1310 1199 1397 1256 altero

331 1285 462 1342 membro
474 1283 610 1340 audiatur
621 1285 727 1362 quibus,
749 1283 805 1339 hac
816 1285 976 1342 sententia:
998 1295 1023 1341 et
1034 1286 1131 1358 qrdbue
1142 1294 1197 1342 oet.
1230 1285 1361 1342 Primum
1372 1285 1398 1341 in

332 1371 388 1428 hoc
409 1387 516 1446 genere
538 1378 702 1428 struetmae
725 1369 821 1426 minus
843 1379 997 1427 accuratae
1020 1371 1069 1440 (de
1092 1389 1149 1444 quo
1169 1379 1236 1445 post
1252 1370 1327 1427 alios
1343 1369 1398 1426 dixi

331 1473 426 1531 nuper
446 1455 589 1528 quaedam
612 1453 778 1512 distinctius
800 1453 910 1530 Opusc.
926 1457 982 1513 Ac.
998 1456 1030 1512 11
1042 1474 1070 1530 p.
1086 1457 1160 1530 177)
1184 1474 1200 1512 a
1223 1455 1399 1530 specialioris

331 1540 553 1618 significationis
564 1557 634 1597 casu
644 1533 811 1621 (genetivo,
829 1540 938 1612 dativo,
956 1539 1101 1619 ablativo)
1122 1541 1306 1616 intellegitur
1320 1557 1398 1597 casus
1418 1615 1420 1618 Ι

330 1625 529 1684 nominativus
539 1633 591 1682 ant
601 1625 786 1683 accusativus
802 1623 893 1704 [addo
905 1626 979 1683 dura
989 1625 1067 1683 Livii
1079 1626 1216 1702 exempla
1226 1625 1256 1682 in
1269 1626 1398 1702 genetiuo

332 1721 361 1769 et
372 1710 472 1768 dativo
483 1711 541 1782 IX,
557 1713 583 1782 1,
594 1711 621 1782 9,
633 1711 674 1782 X,
688 1711 738 1782 26,
753 1708 796 1788 6],
818 1711 964 1768 interdurn
977 1731 1014 1769 ex
1025 1711 1194 1768 accusativo
1206 1711 1399 1769 nominativus

332 1795 397 1875 (hic
407 1798 462 1868 IV,
476 1797 526 1868 33,
538 1797 658 1853 Terent.
675 1795 804 1871 Adelph.
816 1797 841 1867 Ι,
855 1797 883 1867 2,
902 1799 930 1854 4.
944 1795 1015 1856 Sall.
1032 1797 1097 1873 Ing.
1113 1798 1181 1868 101,
1195 1794 1244 1876 5),
1262 1815 1301 1854 ex
1312 1795 1398 1854 nomi·

332 1882 432 1940 nativo
444 1882 676 1939 neacousativus
687 1880 814 1956 quidem,
837 1881 893 1940 nisi
905 1882 956 1940 ubi
968 1901 1089 1940 omnum
1105 1880 1219 1940 formas
1241 1901 1301 1939 non
1323 1879 1398 1938 diffe-

331 1977 401 2025 runt
412 1969 458 2044 (ut
469 1967 549 2044 apud
560 1966 621 2026 Cic.
645 1967 681 2024 de
694 1966 777 2026 Orat.
788 1966 831 2037 ΙΙ,
843 1967 901 2024 43:
923 1970 997 2042 quod
1018 1978 1071 2025 eta
1086 1967 1187 2025 Crasso
1198 1977 1300 2024 tactum
1320 1977 1359 2024 eet
1377 1975 1398 2021 ct

331 2054 486 2111 Antenor
497 2055 631 2124 adimat,
653 2051 737 2111 Orat
752 2053 781 2123 8,
804 2053 882 2129 apud
894 2054 981 2111 Varr.
993 2053 1071 2110 Ru.
1082 2053 1108 2124 Ι,
1124 2055 1150 2124 l,
1164 2054 1197 2109 7:
1219 2072 1292 2127 quac
1302 2073 1353 2110 non
1363 2055 1398 2108 in·

331 2149 408 2196 aaut
429 2148 454 2195 et
475 2157 597 2213 quaeres,
621 2147 651 2194 et
661 2139 697 2195 de
711 2139 745 2195 L.
759 2139 793 2195 L.
804 2138 853 2196 IX
865 2158 893 2214 p.
909 2139 968 2196 128
980 2138 1057 2214 Bip.,
1080 2138 1159 2213 apud
1170 2138 1330 2195 Horatium
1343 2137 1397 2197 su.

330 2225 373 2296 11,
387 2225 415 2295 6,
430 2222 494 2302 72),
517 2223 624 2280 nedum
652 2224 741 2280 ceteri
769 2223 813 2281 illi
832 2239 925 2294 casus,
949 2243 1073 2298 quorum
1085 2223 1206 2299 propria
1228 2222 1398 2300 significatio

331 2318 402 2367 nota
423 2327 523 2366 carere
544 2308 626 2366 nullo
649 2309 735 2366 modo
757 2317 863 2385 potest.
912 2309 990 2367 Nam
1012 2328 1050 2366 ex
1072 2309 1190 2366 nemine
1212 2309 1314 2383 aliqua
1335 2317 1399 2365 uota

331 2394 471 2470 insignito
493 2411 599 2451 nomen
622 2393 684 2450 sinc
706 2395 759 2451 illa
781 2403 851 2452 nota
872 2394 1055 2470 ernipotest,
1078 2394 1398 2470 exnomineipsouots

332 2480 453 2557 propria
475 2479 551 2536 sunni
572 2497 631 2536 non
653 2489 758 2555 potest.
792 2477 972 2560 [Off.11,23
996 2499 1034 2536 ex
1055 2499 1133 2554 quern
1144 2478 1241 2536 audiri
1253 2484 1298 2538 cui
1308 2491 1398 2538 osteu-

331 2565 376 2623 dit
396 2565 527 2622 additum
549 2563 675 2642 mortuo]
708 2565 824 2622 Deinde
843 2566 888 2623 ita
909 2566 1027 2623 auditur
1049 2565 1124 2622 alius
1147 2583 1233 2622 casus
1254 2562 1398 2640 pronomi-

330 2652 391 2722 nis,
426 2651 450 2708 si
478 2649 593 2725 reliqua
620 2651 762 2708 orationis
784 2661 945 2720 structura,
979 2651 1106 2726 priorem
1128 2659 1230 2726 aperte
1252 2667 1397 2726 respuens,

331 2735 502 2794 mutationis
524 2735 664 2793 indicium
680 2735 767 2804 facit3
790 2737 833 2794 sic
844 2745 942 2794 antem
953 2736 1049 2811 loqui:
1073 2755 1142 2810 quae
1152 2737 1242 2792 natm
1252 2746 1276 2792 et
1287 2739 1397 2803 maian,

331 2831 365 2879 ut
386 2821 438 2878 eit:
461 2840 531 2896 quac
552 2823 640 2878 volent
661 2832 686 2879 et
707 2823 804 2896 quibus
826 2826 941 2892 oemunt,
965 2831 1047 2878 vetat
1068 2821 1212 2878 sermonis
1235 2831 1351 2878 natura.

417 2925 467 2963 non
490 2907 707 2982 annianumque
728 2905 830 2986 dicere)
854 2910 910 2964 hoo
932 2917 987 2978 est,
1010 2915 1040 2964 et
1061 2906 1124 2964 sine
1147 2907 1209 2963 ulla
1220 2905 1398 2964 dubitatione

331 2991 442 3062 dicere;
466 2992 567 3050 eodem
591 2993 676 3050 modo
688 2991 792 3052 Cicero
815 2993 933 3069 scripsit
943 2993 980 3050 de
992 2991 1093 3050 Divin.
1104 2993 1130 3062 1,
1146 2992 1220 3048 125:
1243 2995 1309 3066 quain
1327 2993 1397 3048 ebbtn

331 3079 379 3136 boc
397 3097 448 3135 non
465 3078 591 3135 dubitans
607 3079 721 3136 dicatum
743 3087 773 3135 et
794 3079 924 3136 adFam.
938 3079 976 3148 V,
992 3079 1039 3149 16,
1053 3080 1088 3134 4:
1111 3079 1159 3134 boc
1170 3087 1257 3134 mmm
1279 3097 1332 3134 non
1352 3077 1398 3132 du·

330 3165 417 3220 bitans
438 3165 594 3237 confirmare
611 3183 724 3239 possum
745 3173 775 3220 at
796 3183 851 3239 pro
874 3164 936 3222 Mil.
950 3165 1004 3222 68:
1034 3164 1110 3220 baud
1131 3163 1259 3220 dubitans
1280 3165 1397 3220 cusnani

326 3252 431 3325 patria.
475 3247 525 3308 Sic
548 3257 645 3306 autem
669 3248 761 3306 edidit
782 3249 933 3308 Victorius
963 3267 1088 3323 eumque
1115 3266 1241 3322 sequens
1263 3246 1399 3305 Davisius

330 3342 361 3391 et
383 3336 556 3392 confirmant
577 3353 678 3392 ornnes
701 3334 769 3393 Gaii
792 3335 917 3406 codices,
940 3335 990 3409 qui
1012 3334 1076 3409 ipsa
1098 3333 1128 3390 id
1151 3333 1320 3408 improbut3
1353 3329 1397 3412 [de

330 3420 392 3476 Eri.
415 3428 444 3477 et
465 3421 491 3477 B
514 3419 627 3477 accedit
648 3420 847 3478 testimonium
859 3416 995 3499 Baiteri].
1023 3420 1215 3476 Hincuatum
1228 3418 1398 3489 estornissa

330 3523 390 3562 una
416 3506 531 3582 syllaba
557 3513 677 3581 propter
706 3505 926 3563 similitudinem
949 3513 979 3562 et
1000 3503 1220 3581 compendium,
1249 3524 1300 3560 non
1327 3503 1397 3560 dubi

333 3601 449 3665 temque,
483 3590 562 3666 quod
589 3591 716 3648 editores
739 3592 829 3648 ceteri
860 3599 1026 3648 tenuerunt.
1079 3591 1185 3666 Inepte
1212 3590 1243 3646 in
1271 3590 1327 3646 bac
1352 3607 1399 3645 ex·

330 3675 476 3751 positione
504 3685 636 3734 veterum
664 3677 873 3734 sententiarum
907 3676 1004 3734 subito
1032 3676 1103 3733 Piso
1131 3693 1169 3732 ex
1202 3693 1257 3732 sna
1278 3690 1398 3750 persons

330 3763 508 3836 loqueretur.
553 3760 660 3832 Gaius,
689 3762 836 3819 soloeoum
864 3770 972 3837 putans
999 3761 1163 3819 dubitantem
1190 3760 1398 3833 dicendumque

331 3845 423 3904 fnisse
445 3848 585 3910 dacbitanu',
614 3847 766 3905 substituit
787 3867 838 3904 non
860 3848 1072 3921 dubitanterque.
1106 3845 1181 3904 Cum
1205 3849 1265 3903 b'cct
1284 3863 1343 3902 nou
1364 3842 1398 3900 ad

330 3941 440 3989 certam
462 3951 617 4008 personam
640 3931 793 4002 referatur,
816 3933 962 3990 infinitivo
984 3932 1022 3989 ad
1044 3930 1266 4008 significandum
1279 3929 1398 3988 eodonis

331 4019 448 4075 modurn
459 4017 625 4075 necessario
637 4018 837 4076 accusativum
849 4018 1013 4075 addendum
1026 4036 1099 4088 esse,
1121 4016 1258 4074 Klotzius
1270 4017 1397 4090 Quaesu-

331 4103 410 4160 Tull.
428 4124 456 4179 p.
479 4105 519 4161 70
542 4103 636 4175 docet,
659 4112 689 4161 et
710 4104 793 4179 pueri
816 4103 1009 4178 probabiliter
1035 4101 1163 4160 instituti
1190 4101 1265 4159 scire
1287 4101 1396 4158 debent.

330 4188 404 4245 Mox
425 4192 643 4246 corteuuotn'oem
665 4209 702 4246 ex
726 4190 770 4246 ed.
782 4189 979 4264 primaMan.,
1003 4189 1114 4247 Lamb..
1138 4187 1237 4245 ceteri.
1265 4187 1395 4244 Alterum

331 4283 486 4331 revocarat
507 4275 583 4331 Dav.
603 4293 618 4331 e
636 4275 720 4332 Parr.
742 4277 767 4345 1,
782 4275 810 4342 2,
833 4275 940 4337 Menti..
963 4275 1009 4332 El.
1035 4272 1198 4347 „aliisque“
1229 4273 1321 4350 (Oxx.
1344 4265 1396 4348 [B]

331 4367 361 4415 et
382 4360 502 4416 omuino
524 4360 659 4416 omuibus
681 4359 855 4436 codicibus).
