2998 5020
428 400 472 445 nr
495 400 575 445 una.
594 399 656 446 nra.
674 401 695 445 v
719 399 791 445 cnr.
815 403 835 445 ι.
1102 379 1165 444 605

100 587 217 649 unaque
238 569 397 632 nobiscum
420 569 455 646 Q.
479 565 576 633 frater
598 575 630 634 et
652 569 687 633 T.
711 568 900 649 Pomponius
916 567 1093 648 Luciusque
1115 565 1164 630 Ci-
1204 627 1205 630 ,

100 689 179 750 cero,
207 669 305 734 irater
327 679 434 736 noster
455 671 637 752 cognatione
659 671 824 752 patruelis,
857 688 964 734 amore
990 687 1165 752 germanus

99 773 308 838 constituimus
329 773 487 850 internos,
510 779 546 836 ut
556 773 796 838 ambulationem
808 772 1081 853 postmeridianam
1092 789 1165 836 con-

98 877 253 941 ficeremus
275 875 307 938 in
328 875 504 954 Academia,
527 875 658 940 maxime
679 877 764 957 quod
784 875 812 938 is
833 875 918 939 locus
930 875 969 938 ab
982 874 1064 939 omni
1074 873 1166 938 tuba

98 979 129 1042 id
149 953 296 1059 tempori's
318 995 434 1042 vacuus
457 990 547 1042 esset
598 979 709 1059 Itaque
737 979 777 1042 ad
803 984 926 1057 tempus
953 977 994 1040 ad
1021 976 1203 1042 Pisonemii

98 1099 208 1145 omnes.
253 1079 330 1144 Inde
352 1079 438 1144 uario
462 1099 603 1145 sermone
625 1099 679 1144 sen
701 1079 753 1144 illa
774 1079 917 1162 uDipylo
940 1079 1042 1144 stadia
1063 1077 1165 1144 conl·

165 1273 186 1319 1.
208 1265 240 1334 [et
254 1266 439 1332 LPompoaicr
456 1268 507 1334 Eh]
544 1267 573 1318 L.
595 1267 675 1318 Cu'cero
694 1270 818 1331 (empne)
838 1267 904 1318 LPC
926 1277 948 1317 ct
965 1265 994 1316 L.
1008 1265 1089 1316 Cicero
1101 1264 1165 1316 llOr.

98 1343 120 1386 2.
139 1336 288 1403 [copdacs'one
307 1336 357 1405 ΕΒ]
396 1341 420 1390 6.
438 1339 543 1386 remane
561 1337 670 1387 varieE
705 1338 736 1384 ab
754 1335 796 1387 Or.
836 1335 933 1404 [dppilr'o
952 1334 998 1403 Eh]
1015 1334 1119 1402 ypiloP

95 1530 153 1586 iam
174 1528 305 1600 haberet,
328 1528 495 1604 analogiam
517 1528 548 1585 in
570 1547 647 1586 novo
670 1527 816 1584 adiectiro
828 1528 964 1602 fingendo
981 1545 1040 1585 non
1052 1545 1168 1601 semper

95 1633 227 1672 servasse
249 1623 365 1689 putem;
399 1633 453 1670 nec
481 1615 573 1671 ullum
601 1613 720 1672 memini
748 1613 828 1670 aliud
858 1613 952 1670 simile
981 1631 1060 1680 esse;
1099 1631 1166 1668 narn

95 1695 244 1769 Ἰολαεῖος,
257 1695 487 1776 Ἀμφιαραεῖος,
511 1718 586 1774 quae
598 1697 764 1758 Lobeckius
776 1709 936 1774 comparat.
958 1699 1047 1755 aliam
1058 1698 1169 1754 habent

95 1784 270 1842 substantivi
301 1783 435 1840 formam.
480 1781 701 1858 Πτολεμαεῖος,
736 1785 760 1842 si
789 1783 898 1843 Graeci
930 1785 973 1841 ita
1000 1791 1168 1842 constanter

94 1870 241 1940 dixerunt,
264 1869 321 1926 erit
342 1869 447 1927 Latine
471 1870 653 1940 Ptolomaeum
677 1879 706 1927 et
728 1871 844 1926 videtur
866 1870 941 1926 hanc
957 1868 1081 1928 formam
1093 1869 1167 1925 Pro·

93 1955 205 2032 pertius
223 1964 340 2012 secutus
353 1955 464 2026 essen,
481 1956 506 2023 1,
521 1955 570 2024 30,
582 1973 759 2030 quamquam
768 1957 917 2013 Ptolemaei
926 1957 1023 2026 Plau,
1047 1963 1080 2011 ut
1090 1973 1168 2010 nunc

92 2059 199 2130 editur,
223 2077 289 2114 eum
311 2057 464 2133 scripsisse
475 2075 559 2133 nego.
593 2038 792 2133 Amphiaraus
803 2059 882 2116 idern
892 2058 1065 2134 Propertius
1082 2057 1167 2127 dixit,

92 2143 276 2201 Protcm’ldiue
298 2142 441 2202 Catullus.
485 2142 587 2200 Possis
616 2144 706 2220 igitur
733 2145 810 2222 apud
840 2143 1010 2202 Ciceronem
1039 2142 1168 2200 scribere

90 2233 288 2297 Ptolcrnotuw
312 2228 363 2286 sed
386 2247 449 2285 eam
473 2229 741 2302 pronuntiationem
759 2249 864 2287 vereor
886 2239 918 2286 ut
939 2230 970 2286 in
992 2247 1081 2305 prosa
1103 2245 1167 2285 ora-

90 2317 174 2372 tione
198 2333 230 2372 oa
253 2314 390 2371 Latinum
408 2314 541 2371 servarit.
575 2311 727 2394 [Ceterum
739 2318 922 2373 Ptolomaeum
938 2315 1087 2372 Romanos
1100 2333 1168 2390 pro·

90 2401 290 2470 mandavisse,
320 2399 453 2457 codicum
475 2400 651 2458 testimoniis
673 2402 784 2470 evinci,
818 2401 1012 2477 probabiliter
1039 2400 1170 2476 disputat

90 2485 303 2544 Fleckeisenus
315 2487 395 2542 Ann.
407 2485 485 2542 Phil.
498 2485 605 2544 XCIII
616 2506 644 2562 p.
659 2489 678 2543 4
691 2484 769 2567 sqq.]

179 2582 204 2628 et
227 2573 264 2628 L.
290 2567 395 2650 Ct'ccro)
425 2567 490 2650 [Sic
518 2568 684 2652 edebatur]
729 2575 769 2630 Et
797 2571 908 2629 excidit
935 2571 1022 2628 etiarn
1046 2571 1075 2628 in
1098 2565 1167 2646 Εξχ,

90 2658 209 2716 duobus
232 2655 310 2726 Gaii,
333 2657 410 2713 unde
438 2657 506 2713 huic
528 2658 714 2716 scribendum
738 2660 833 2716 visum
856 2665 915 2715 cst:
954 2656 987 2725 Q.
1003 2659 1109 2731 Jroter,
1137 2658 1168 2714 Τ.
1211 2717 1220 2736 .

87 2746 267 2818 Pomponius,
291 2743 327 2798 L.
346 2743 446 2800 Cicero.
475 2741 534 2801 Sed
557 2743 651 2801 oratio
673 2763 732 2801 non
754 2745 853 2801 vincta
875 2744 999 2800 celerem
1022 2743 1168 2816 quandam

89 2829 348 2886 coacervationem
371 2828 470 2897 habet,
490 2846 549 2885 non
572 2829 821 2888 enumerationem
845 2827 1168 2905 singulosdistingven·

89 2927 168 2984 tem3
191 2923 337 2990 repugnat
358 2923 511 2988 praetcrea
533 2915 730 2972 membrorum
742 2916 873 2992 priorum
897 2923 927 2970 et
937 2913 1017 2970 tertii
1028 2914 1168 2987 inaequa-

87 3003 172 3058 litas.
217 2997 318 3080 [Nunc
340 2999 435 3074 posui,
459 2999 537 3073 quod
560 3000 697 3058 Baiterus
719 3002 749 3058 in
772 3001 834 3058 Erl.
857 3010 886 3056 et
908 3001 933 3057 B
956 3018 1020 3056 esse
1043 2995 1168 3078 scribit]

89 3089 123 3144 L.
149 3085 336 3144 Ciceronem.
359 3085 393 3142 L.
417 3085 518 3156 lilium.
542 3086 661 3144 Marcus
683 3087 848 3143 adiutorem
869 3085 973 3142 habuit
994 3085 1024 3140 in
1047 3085 1169 3159 inquisi-

86 3173 173 3230 tione
197 3170 346 3229 Siciliensi
367 3179 470 3227 contra
491 3171 631 3242 Verrem3
655 3174 744 3247 paulo
761 3179 829 3247 post
840 3180 932 3227 morte
944 3169 1056 3238 amisit3
1080 3188 1167 3244 quarn

86 3275 179 3314 carus
201 3258 304 3314 Marco
326 3255 424 3328 fauerit,
448 3256 520 3312 haec
542 3257 700 3314 memoriae
722 3256 875 3314 renovatio
898 3255 1051 3332 significat.
1096 3256 1167 3313 Mox

86 3345 134 3400 ed.
162 3341 243 3401 Crat.
262 3343 485 3418 pomeridianam,
510 3343 560 3398 sed
582 3342 614 3400 in
636 3343 767 3419 margine
785 3344 1033 3418 postmeridianam.

178 3449 195 3484 o
226 3425 341 3505 Drpprlo)
375 3425 443 3486 Gzii
474 3428 557 3484 codd.
584 3429 619 3484 ab
642 3429 766 3504 Dypylo,
799 3429 834 3484 ab
862 3427 983 3502 prplo.
1017 3428 1052 3484 ob
1080 3428 1167 3503 Ypuo,

85 3515 170 3571 unde
193 3514 232 3571 is:
255 3515 290 3570 ab
313 3514 422 3588 Dt'ppla
446 3509 486 3593 [B
500 3522 534 3570 ut
544 3509 620 3593 Eri]
643 3515 736 3572 Porta
753 3515 834 3586 haec,
858 3532 933 3588 quae
950 3512 1019 3570 olim
1032 3513 1169 3571 Thriasia
1204 3552 1211 3558 -

85 3599 243 3676 appellata
254 3598 361 3670 fuerat,
384 3599 422 3656 ad
435 3599 619 3657 Ceramicum
632 3600 697 3659 sita.
721 3600 771 3675 qui
793 3600 872 3656 intra
882 3617 946 3656 earn
959 3609 989 3655 et
1000 3607 1085 3656 extra
1096 3610 1168 3670 erat,

85 3685 323 3762 septentrionem
354 3685 515 3759 spectabat.
571 3685 616 3743 Ea
649 3697 790 3743 exeuntes
824 3684 950 3761 primurn
984 3684 1168 3743 Ceramicurn

85 3771 272 3828 exteriorem
283 3771 483 3846 permeabant
502 3770 607 3828 deinde
619 3772 656 3828 ad
669 3773 817 3830 sinistram
835 3772 956 3846 paulum
969 3771 1119 3828 flectentes
1131 3770 1169 3827 ad

85 3856 274 3914 Academiae
298 3857 379 3912 lucos
403 3865 433 3912 et
454 3857 551 3931 spatia
573 3855 804 3934 (cfr.0rat.12)
827 3857 994 3913 veniebant.
1029 3857 1088 3916 Sed
1111 3865 1168 3913 eto

78 3951 180 4038 porta
201 3941 380 4017 prodeuntes
402 3951 432 3998 et
452 3942 603 4000 flectentes
615 3943 759 4002 Colonum
783 3942 1001 4018 prospiciebant
1013 3932 1169 4021 (Koiamba

88 4025 226 4102 Ιππιον),
249 4037 331 4084 recta
352 4027 401 4084 via
418 4027 507 4103 paulo
530 4028 653 4086 ulterius
671 4029 768 4097 situm,
792 4029 892 4085 decem
905 4046 1049 4084 summurn
1066 4025 1169 4083 stadiis

84 4111 124 4167 ab
150 4113 225 4169 urbe
248 4111 358 4191 (Thac.
372 4114 457 4183 VIII,
472 4113 535 4189 67),
559 4133 645 4188 quern
669 4115 774 4172 collem
796 4131 861 4170 curn
875 4113 984 4188 templo
996 4111 1128 4192 Neptuni
1140 4124 1170 4168 et

85 4196 189 4254 sicum
203 4195 324 4278 (δῆμον)
337 4199 508 4275 Sophocles,
521 4219 608 4278 quem
620 4188 804 4256 Κολωνόθεν
815 4197 907 4256 finisse
918 4197 1102 4256 notissimum
1114 4207 1168 4270 est,

84 4291 115 4336 et
138 4284 292 4340 natalibus
315 4293 345 4341 et
367 4285 495 4341 carmine
518 4285 696 4342 nobilitavit.
735 4285 852 4342 Faciem
866 4285 996 4341 locorum
1015 4283 1170 4359 descripsit

84 4377 115 4421 et
139 4369 246 4426 tabula
257 4371 404 4446 expressit
416 4369 544 4428 Leukius
566 4372 596 4428 in
619 4370 696 4428 libro
718 4371 754 4428 de
777 4371 836 4428 situ
849 4379 879 4428 et
889 4369 962 4428 locis
974 4371 1168 4428 Athenarum.
