3000 5044
339 403 403 470 542
730 422 775 468 na
797 423 928 471 nmmos
949 423 1022 470 nou.

339 591 505 670 rationem,
538 589 630 656 sitin
652 609 715 656 una
735 591 851 656 virtute
872 589 942 657 linis
970 593 1134 672 bonorum;
1167 594 1215 658 sin
1245 601 1295 659 est
1320 594 1411 659 etiem

339 710 463 774 corpus,
485 693 547 758 ists
568 693 744 774 explanatio
766 701 897 760 saurae
919 713 1032 778 nempe
1053 695 1111 761 hoc
1132 695 1283 772 effecerit,
1310 706 1346 760 ut
1366 715 1411 774 ea,

340 813 422 877 quae
442 801 515 860 ante
537 795 786 877 explanationem
807 796 999 878 tenebamus,
1021 797 1242 880 relinquamus.
1276 798 1360 878 Ergo
1379 799 1413 862 id

340 902 390 962 est
412 897 630 962 convenienter
651 905 782 963 naturae
792 898 905 978 vivere,
928 916 948 964 s
970 906 1083 965 natura
1094 899 1263 965 discedere.
1297 901 1349 965 42.
1372 901 1413 964 Ut

301 1002 322 1067 5
340 998 466 1080 quidam
477 997 662 1081 philosophi,
684 1017 762 1079 cum,
783 1000 1109 1084 ssessibusprofecti,
1131 1002 1414 1083 maioraquaedam

339 1107 371 1166 et
392 1099 543 1166 diviniora
565 1101 729 1180 vidissent,
756 1121 867 1168 sensus
889 1103 1094 1187 reliquenmt,
1122 1103 1166 1168 sic
1187 1103 1253 1182 isti,
1286 1121 1355 1168 cum
1377 1121 1415 1168 ex

339 1202 531 1285 appetitione
552 1221 657 1268 rerum
668 1203 791 1268 virtutis
802 1205 1063 1286 pulchritudinem
1079 1205 1282 1288 aspexissent,
1303 1206 1415 1284 omnia,

339 1323 420 1386 quae
447 1311 574 1386 praeter
601 1305 745 1371 virtutem
777 1307 878 1389 ipsam
906 1307 1063 1387 viderant,
1094 1307 1288 1386 abiecerunt,
1319 1308 1407 1372 obliti

408 1531 432 1578 ³.
452 1525 629 1592 explicationem
647 1526 714 1578 Pcn
767 1533 791 1582 5.
810 1527 923 1596 [perfecti
936 1527 984 1596 Eh]
1040 1534 1062 1578 6.
1082 1546 1112 1580 oc
1129 1527 1248 1580 deminici-a
1265 1528 1331 1580 cor.
1386 1545 1417 1578 ea

339 1609 390 1648 om.
408 1595 430 1646 C
466 1601 491 1670 8.Ι
507 1613 568 1660 qaae
585 1610 634 1645 om.
654 1596 676 1644 R
693 1613 755 1660 pune
768 1605 865 1662 propter
884 1596 945 1649 LPc
961 1607 1058 1664 prepter
1075 1615 1136 1662 puae
1154 1596 1198 1649 Or.

426 1821 477 1878 42.
504 1821 541 1878 Ut
562 1824 673 1898 qrridam
690 1819 859 1902 philosophi)
887 1822 937 1896 qui
966 1823 1163 1900 cognitionem
1183 1841 1281 1880 rernm
1308 1839 1326 1878 o
1350 1841 1418 1880 sen·

340 1906 421 1964 sibus
443 1916 618 1983 separarunt
645 1916 675 1965 et
701 1907 835 1966 sensibus
867 1907 956 1966 fidem
982 1909 1170 1985 abrogarunt
1219 1907 1419 1966 Academicos

339 1999 439 2050 autem
460 1993 588 2050 maxime
611 1993 769 2069 signifieat,
804 1992 858 2052 etsi
881 1993 1059 2052 recentiores
1082 1994 1199 2068 quidam
1222 2011 1280 2051 non
1302 1994 1419 2054 maiora

340 2095 384 2148 eo,
397 2077 543 2135 diviniore
565 2079 617 2136 illa
638 2078 787 2149 tenebant,
815 2079 868 2136 sed
889 2097 1006 2136 omnem
1027 2079 1246 2156 perceptionem
1267 2097 1326 2136 une
1348 2097 1418 2136 curn

288 2163 293 2180 “
340 2181 478 2220 sensuum
500 2163 558 2220 fide
580 2163 733 2222 eiciebant.
763 2165 818 2238 (Et
834 2166 967 2222 diomioro
988 2165 1077 2222 ctiam
1099 2163 1206 2242 [Bet]
1229 2163 1285 2224 01.
1308 2164 1352 2234 133
1389 2167 1419 2222 in

340 2247 488 2325 plerisque
511 2249 577 2306 edd.
599 2269 632 2307 ac
654 2247 832 2326 exprime.)

428 2353 499 2408 quoe
515 2345 627 2410 praeter
648 2338 782 2408 minutas)
806 2335 856 2395 Sic
878 2335 1064 2392 scribendum
1088 2353 1151 2392 esse
1174 2342 1327 2392 senserant
1347 2334 1420 2394 Cle·

340 2419 419 2476 mous
447 2427 477 2476 et
503 2420 659 2490 Davisius;
698 2430 729 2477 et
760 2421 919 2496 scripserat
955 2420 998 2477 ita
1030 2421 1088 2478 iem
1121 2420 1282 2478 Ascensins
1318 2419 1420 2483 1511:

341 2503 435 2563 Gaius
457 2514 592 2564 auctores
614 2505 727 2562 addidit
743 2506 815 2577 Eri,
840 2505 917 2583 Spin.
941 2504 1007 2584 [B],
1030 2506 1114 2577 Bae,
1144 2504 1223 2564 Gud.
1250 2508 1276 2576 l,
1303 2505 1333 2561 in
1357 2525 1421 2581 quo

341 2591 572 2666 superscriptum
595 2601 658 2648 erat
680 2601 801 2667 propter.
850 2593 933 2662 Hoc,
955 2589 1104 2666 frequenti
1125 2591 1357 2666 permutatione,
1390 2594 1421 2649 in

342 2667 502 2734 deteriores
525 2677 640 2734 codices
667 2677 787 2754 irrepsit
813 2677 1003 2755 (quemquam
1019 2676 1105 2735 ·Oxx.
1135 2695 1172 2732 ex
1195 2695 1254 2734 uno
1276 2687 1302 2746 ψ
1324 2694 1421 2735 anno·

341 2768 422 2831 tant,
455 2769 489 2818 ut
517 2762 621 2818 saltem
643 2757 687 2831 Εξ
713 2781 816 2819 rernm
839 2761 976 2820 habuisse
999 2759 1115 2840 putem)
1139 2769 1168 2818 et
1189 2780 1208 2819 a
1230 2763 1368 2820 Victorio
1392 2773 1421 2820 et

342 2845 497 2905 Gronovio
520 2847 630 2904 editum
652 2857 705 2904 est.
740 2847 815 2906 (lum
826 2848 959 2924 ineptum
982 2855 1068 2919 esset,
1088 2855 1200 2922 propter
1210 2851 1335 2904 ermom
1353 2849 1420 2924 plri-

340 2931 481 3008 loeophos
503 2931 556 2988 illa
577 2933 697 3004 vidisse,
720 2951 758 2990 ex
781 2934 888 3007 quibus
910 2932 1050 2990 virtutem
1072 2951 1122 2990 eos
1144 2933 1296 3009 aspexisse
1310 2933 1419 2992 Cicero

341 3016 432 3089 dixit,
463 3026 578 3076 veteres
606 3019 733 3076 editores
756 3019 829 3096 (iam
852 3037 878 3075 a.
904 3019 995 3089 1480,
1019 3017 1109 3090 Crat,
1133 3007 1226 3094 ce'tt),
1249 3027 1313 3076 tum
1339 3018 1420 3078 Gru·

340 3110 421 3160 terus
443 3103 657 3162 substituerunt
677 3113 788 3180 propter
809 3123 887 3178 perae.
926 3104 1023 3160 Erunt
1048 3113 1146 3161 autam
1167 3103 1258 3161 etiam
1278 3103 1419 3176 fortasse,

340 3189 392 3263 qui
413 3207 483 3263 quoe
499 3199 614 3265 propter
635 3189 737 3247 eodem
760 3189 847 3247 ruodo
868 3189 1001 3266 intellegi
1029 3207 1116 3265 posse
1143 3189 1257 3259 dicant,
1290 3199 1326 3246 ut
1348 3209 1420 3247 sna-

340 3274 459 3350 stropbe
482 3274 528 3331 sit
573 3277 685 3332 Verum
708 3275 763 3332 etsi
785 3274 890 3338 Cicero
912 3283 972 3346 ter,
1000 3274 1025 3332 si
1052 3283 1132 3332 reete
1154 3275 1284 3340 memini,
1306 3275 1421 3333 sichar

340 3360 518 3436 anastrophe
545 3375 617 3417 usus
644 3367 706 3431 est,
740 3369 773 3417 ut
802 3359 1051 3437 praepositionem
1073 3361 1153 3417 casui
1176 3379 1230 3418 sno
1252 3359 1420 3418 subiectam

340 3445 416 3502 alius
438 3445 590 3521 exciperet
606 3446 792 3503 accusativus
815 3447 866 3522 (ad
878 3447 942 3502 Aes.
955 3446 996 3514 X,
1010 3447 1039 3514 4,
1055 3448 1091 3502 l:
1113 3449 1188 3515 istos,
1211 3465 1281 3519 quoe
1302 3457 1421 3522 propter

340 3534 428 3587 omnio
449 3533 597 3602 amisimus,
620 3539 650 3588 ct
671 3532 712 3602 X,
726 3533 755 3600 8,
769 3533 802 3589 8:
824 3541 854 3588 ut
875 3535 908 3588 iis
925 3550 1084 3607 pareamus,
1107 3549 1175 3606 qrros
1196 3541 1290 3588 contro
1310 3551 1355 3588 ma
1378 3551 1420 3588 so·

340 3625 430 3686 nobo,
442 3635 474 3672 ue
485 3617 553 3691 quid
562 3617 724 3692 respublica
735 3609 886 3674 demoreiti
895 3626 1011 3692 caperet,
1023 3621 1148 3686 minorat,
1161 3618 1283 3673 etVerr.
1290 3617 1329 3686 V,
1342 3617 1419 3674 153:

340 3720 419 3776 quem
439 3711 532 3758 couno
553 3721 631 3758 orm
653 3701 796 3781 tulerant),
824 3711 923 3759 tamen
945 3701 975 3759 id
997 3701 1028 3758 in
1051 3696 1104 3759 t'ali
1126 3701 1259 3759 oratione
1281 3701 1365 3774 fecit,
1389 3703 1420 3760 in

340 3805 399 3861 qua
431 3787 617 3863 apertissima
649 3797 728 3845 esset
759 3786 941 3864 pronominis
974 3787 1091 3845 relativi
1125 3795 1154 3844 et
1186 3786 1420 3863 praepositionis

340 3871 518 3943 coniunctio,
541 3872 620 3948 qnod
642 3873 690 3930 hic
713 3883 816 3930 eontra
838 3881 891 3930 est.
935 3872 999 3929 Neo
1021 3872 1136 3943 Cicero,
1160 3889 1339 3948 quemquam
1353 3873 1420 3950 phi·

339 3957 479 4033 losophos
501 3957 569 4016 illos
592 3977 630 4015 ex
653 3959 834 4034 appetitione
856 3977 954 4015 rernm
966 3959 1106 4016 virtutem
1128 3958 1279 4034 aspexisse
1294 3958 1419 4030 iudicat,

339 4053 373 4102 ut
393 4043 451 4100 ista
472 4043 617 4120 appetitio
644 4044 726 4121 prior
752 4043 856 4114 sterit,
891 4043 979 4101 etiem
1006 4053 1129 4120 propter
1154 4061 1202 4101 res
1224 4051 1367 4101 externas
1392 4053 1422 4101 et

340 4128 472 4205 corporis
494 4147 545 4186 eos
567 4130 706 4186 virtutem
728 4129 837 4186 vidisse
860 4129 957 4186 dicere
979 4137 1086 4206 potest,
1107 4129 1249 4204 quoniam
1272 4147 1308 4186 ea
1331 4147 1421 4186 suam

340 4231 377 4270 ex
400 4215 514 4272 ratione
536 4214 680 4291 originem
702 4214 839 4272 habebat.
882 4215 919 4272 In
942 4233 986 4286 ea,
1009 4232 1097 4289 quarn
1120 4214 1245 4286 restitui,
1268 4215 1422 4290 scriptura

340 4317 428 4372 quarn
450 4299 612 4358 sententiae
634 4299 857 4376 perversitatem
880 4299 1009 4359 Orellius
1032 4299 1266 4376 deprehenderit,
1288 4318 1350 4358 non
1376 4301 1422 4358 in·

341 4384 457 4461 tellego.
489 4385 568 4442 Nam
579 4393 697 4461 praeter
718 4384 857 4443 virtutem
879 4393 968 4460 atque
990 4385 1065 4443 adeo
1087 4394 1155 4443 ante
1173 4404 1236 4444 earn
1259 4383 1421 4466 (qnoniam
