2998 5020
422 397 466 442 nr
490 397 569 442 nan.
593 395 654 442 nm.
677 397 699 443 v
722 395 795 443 car.
815 399 839 442 s.
1093 377 1152 442 641

86 572 220 644 nestum,
253 567 337 647 quod
358 565 502 646 amplecti
523 565 604 642 vult,
626 565 658 629 id
681 563 775 630 elficit
794 573 895 646 turpe.
928 565 978 628 Ad
1000 583 1053 628 eas
1075 563 1155 628 enim

85 687 137 732 res
159 666 289 746 reterre,
311 686 392 749 quae
414 685 506 748 agas,
534 685 666 748 quarum
688 686 765 746 una,
798 667 824 732 si
846 667 916 749 quis
938 666 1019 731 malo
1041 675 1154 744 careat,

84 771 115 835 in
138 789 257 834 summo
279 789 348 835 eum
370 771 451 834 bono
474 769 558 834 dicat
579 787 657 848 esse,
679 769 777 834 altera
799 777 942 834 versetur
957 768 1155 834 inlevissima

84 879 174 954 parte
196 879 334 952 naturae,
357 872 550 938 obscurantis
562 877 612 936 est
628 889 747 936 omnem
767 871 963 952 splendorem
974 871 1155 950 honestatis,

84 993 123 1038 ne
146 974 245 1038 dicam
266 975 462 1056 inquirentis
496 975 631 1038 Restant
652 971 755 1052 Stoici,
777 973 839 1054 qui,
862 992 929 1037 cum
952 991 971 1036 a
993 971 1193 1052 Peripate-b

84 1076 154 1140 ticis
175 1081 207 1141 et
227 1076 418 1142 Academicis
431 1074 784 1160 omniatranstulissent,
807 1075 979 1138 nominibus
995 1074 1063 1138 aliis
1086 1093 1154 1139 eas-

82 1179 155 1242 dem
177 1197 227 1242 res
250 1178 347 1243 secuti
369 1188 449 1242 sunt.
494 1177 562 1241 Hos
583 1183 692 1242 eontra
719 1176 857 1258 singulos
880 1176 939 1240 dici
961 1183 1011 1241 est
1031 1176 1154 1255 melius;

81 1281 140 1344 sed
162 1297 251 1358 nnnc,
273 1281 357 1361 quod
378 1280 512 1361 agimus;
540 1279 580 1343 de
601 1279 669 1358 illis,
697 1297 767 1342 cum
789 1279 935 1343 volemus,
980 1280 1029 1343 23.
1041 1279 1155 1344 Demo·

82 1539 96 1583 8
127 1473 160 1602 ὦ.
172 1467 205 1586 31
215 1483 269 1603 ἐξ]
288 1465 424 1520 LPOROr.
465 1471 488 1514 3,
507 1465 575 1516 dicas
593 1465 637 1518 Or.
673 1467 697 1518 t.
716 1465 868 1516 obscuritatis
885 1482 972 1515 ornnem
992 1466 1052 1530 (orn.
1070 1466 1154 1528 ast)L

100 1575 105 1587 .
155 1553 171 1586 u

80 1717 161 1780 rnnt,
183 1717 216 1766 ut
226 1710 257 1766 in
267 1709 366 1784 priore
377 1709 512 1784 exemplo
523 1709 604 1778 haec,
617 1727 692 1783 quae
703 1708 759 1765 toti
769 1706 881 1765 formae
897 1708 965 1766 libri
981 1719 1153 1784 repugnant.

80 1796 180 1852 locum
203 1795 310 1851 habere
327 1795 485 1869 potuerint.
518 1795 591 1852 Mox
606 1795 786 1852 Carmaniam
809 1794 896 1851 etiam
921 1793 1024 1871 Spir.[
1051 1792 1074 1871 ].

173 1881 222 1936 27.
250 1883 280 1937 id
300 1881 382 1953 efficit
403 1877 494 1958 turpe)
528 1881 602 1938 Post
629 1879 803 1936 sententiam
825 1879 978 1936 relativam
1002 1897 1039 1936 ex
1062 1880 1153 1935 ebun-

78 1965 164 2022 danti
187 1965 447 2022 demonstrativum
470 1965 574 2024 Cicero
596 1965 717 2034 addidit,
741 1973 774 2021 ut
794 1964 824 2021 in
842 1983 877 2022 eo
894 1965 986 2040 magis
1004 1973 1155 2021 notaretur

80 2050 224 2126 propositi
247 2059 276 2106 et
299 2048 420 2108 effectus
443 2051 653 2126 discrepantia,
682 2051 846 2124 quodcum
875 2061 942 2126 post
970 2050 1154 2107 substantiva

78 2136 253 2212 saepissime
275 2135 338 2194 fieri
362 2136 445 2192 multi
468 2136 634 2206 docuerint,
663 2137 744 2192 velut
766 2144 949 2193 enarratores
972 2135 1089 2192 Liriani
1116 2136 1153 2192 ad

79 2223 186 2294 XXV,
200 2223 249 2292 27,
266 2223 291 2280 1.
315 2221 502 2280 Ciceroniani
523 2221 561 2278 ad
583 2220 679 2290 0ff.1,
696 2223 765 2291 126,
782 2229 843 2278 tum
866 2221 931 2295 ipso
948 2239 1069 2295 qnoque
1087 2239 1153 2296 pro·

80 2308 200 2365 nomine
223 2307 415 2382 praecedente
438 2307 511 2377 fieri,
535 2315 657 2382 apparet
679 2325 716 2363 ex
739 2304 797 2364 Off.
810 2305 867 2376 111,
883 2307 921 2363 13
943 2305 1026 2384 (illud
1047 2307 1153 2380 qnidao

79 2394 227 2462 leonastum,
250 2394 324 2466 quod
340 2396 451 2468 propris
472 2413 583 2466 vaeque
604 2395 716 2462 dicitnr,
755 2394 785 2448 id
806 2389 885 2470 cet),
914 2393 1001 2448 I‘usc.
1023 2392 1082 2460 III,
1102 2394 1151 2462 71,

79 2478 213 2553 Philipp.
225 2478 283 2549 ΠΙ,
298 2479 325 2549 7,
337 2478 403 2534 Liv.
411 2479 594 2537 XXXVIII.
608 2479 658 2548 bl,
672 2479 707 2545 3;
719 2475 787 2554 [cfr.
799 2477 922 2534 Beierus
934 2477 971 2533 ad
983 2475 1041 2535 Off.
1053 2478 1077 2535 I.
1093 2478 1151 2534 137

79 2584 107 2638 p.
121 2559 210 2642 277}
239 2563 350 2620 Durius
368 2563 462 2620 videri
484 2571 590 2639 potest,
613 2565 732 2638 postici
753 2565 839 2638 ipsum
862 2563 1019 2637 superaddi
1041 2565 1079 2632 id,
1102 2563 1154 2620 sed

77 2649 181 2723 priora
203 2649 377 2724 pronomina
392 2648 538 2705 extollunt
550 2667 651 2706 vocem
664 2650 807 2718 honestam,
831 2648 976 2723 posterius
995 2649 1154 2706 sententias

76 2734 245 2791 contraries
266 2733 396 2810 insignit.
439 2735 544 2808 Itaque
567 2737 610 2806 td,
633 2734 711 2808 quod
734 2733 822 2790 etiam
845 2732 923 2808 Spir.
945 2730 1000 2811 [B]
1024 2735 1152 2809 praebet,

75 2820 188 2889 ascivi;
215 2837 283 2876 narn
307 2819 449 2876 editiones
472 2820 654 2876 omittebant.

167 2924 285 2978 quaram
309 2937 347 2947 -
371 2925 425 2961 naa
447 2902 533 2983 dicat)
556 2904 709 2964 Sententia
721 2904 821 2960 eadem
834 2905 970 2980 exposite
981 2913 1026 2960 est
1043 2905 1084 2974 ΙΙ,
1098 2905 1153 2972 41;

76 2990 130 3046 sed
154 2991 311 3047 haeremus
333 2990 437 3047 merito
464 2991 494 3046 in
518 2991 625 3047 duritia
654 3001 683 3046 et
710 2990 856 3065 pravitate
884 2990 970 3046 huius
998 2990 1152 3047 orationis:

76 3096 132 3132 rena
156 3095 212 3132 ras
235 3074 381 3153 (vacuitas
403 3073 526 3153 doloris)
556 3079 657 3145 dicit,
688 3079 714 3131 si
740 3078 801 3149 qais
828 3078 897 3131 malo
919 3085 1010 3132 careat
1032 3075 1076 3153 (id
1098 3084 1152 3144 est,

74 3161 192 3217 habeat
208 3161 385 3218 vacuitatem
398 3158 530 3238 doloris),
554 3166 580 3219 r'n
592 3181 693 3218 summ
704 3180 761 3217 enni
774 3163 838 3216 bono
849 3181 913 3217 esso.
944 3160 1048 3219 Cicero
1064 3160 1151 3230 enirn,

73 3247 217 3303 instituta
238 3247 294 3303 bae
316 3246 474 3320 partitione
497 3248 625 3321 (qtrarum
638 3265 690 3302 aaa
713 3279 763 3317 —,
786 3247 872 3302 altera
894 3244 977 3321 cet),
1006 3263 1071 3301 curn
1093 3263 1151 3302 non

73 3340 265 3389 succurreret
292 3332 413 3388 verbum
443 3332 545 3408 priori
561 3332 639 3407 parti
666 3339 766 3406 aptum
795 3349 848 3388 nee
875 3331 905 3387 in
933 3331 985 3387 illa
1007 3330 1152 3388 scribendi

72 3417 269 3474 festinatione
291 3426 419 3485 mutare,
453 3436 528 3492 quae
550 3417 721 3493 scripserat,
756 3426 786 3473 et
806 3418 844 3473 ab
865 3416 924 3473 alia
945 3415 1041 3473 forma
1062 3416 1152 3473 ordiri

70 3502 264 3560 commodum
287 3511 379 3572 esset,
407 3521 425 3558 a
446 3503 490 3559 rei
512 3503 631 3559 notione
654 3502 802 3559 transiluit
824 3502 861 3558 ad
884 3502 1060 3573 sententiae,
1094 3521 1152 3576 qua

72 3607 109 3644 ea
138 3606 191 3645 res
217 3588 405 3663 probaretur,
440 3589 588 3645 notionem
612 3586 678 3664 (cfr.
700 3588 741 3658 11,
768 3585 822 3666 35)
844 3597 873 3644 et
895 3587 1037 3658 auctoris,
1067 3587 1151 3661 eique

71 3672 314 3731 accommodavit
342 3675 422 3730 dicat.
465 3675 566 3748 Atque
595 3674 621 3731 is
649 3673 790 3730 transitus
816 3674 874 3730 iam
897 3682 1020 3748 apparet
1046 3673 1077 3728 in
1099 3673 1152 3729 illa

71 3758 268 3816 condicione:
290 3761 316 3814 si
335 3761 396 3833 quis
418 3768 482 3830 cet,
506 3777 581 3832 qnae
604 3777 668 3815 cum
692 3759 784 3833 ipsius
806 3759 886 3815 illius
908 3759 950 3815 rei
963 3758 1150 3834 significatio·

71 3863 142 3902 nem
167 3845 286 3915 babeat,
309 3851 370 3901 tum
394 3845 509 3900 demum
532 3844 600 3900 addi
623 3853 733 3919 potest,
757 3843 782 3901 si
804 3863 862 3900 non
886 3843 921 3900 de
943 3863 975 3900 re
997 3843 1076 3918 ipsa,
1100 3843 1151 3900 sed

71 3932 108 3987 de
133 3929 285 3988 sententia
306 3929 422 3986 dicitur.
454 3930 532 3987 Nam
555 3931 633 4004 qnod
656 3929 749 3988 Gaius
772 3937 800 3985 et
822 3928 1149 3986 recentioreseGud.2

71 4016 178 4094 (cuius
201 4014 310 4071 codicis
322 4015 359 4071 ab
371 4022 496 4089 utreque
517 4013 631 4072 familia
653 4015 841 4072 desciscentis
858 4014 939 4070 nulla
951 4013 1071 4070 minima
1082 4032 1150 4071 auc·

71 4103 185 4160 toritas
207 4095 266 4180 est)
288 4102 365 4157 dicas
387 4101 527 4171 scribunt,
551 4101 683 4158 incidunt
705 4101 734 4156 in
757 4099 882 4156 formam
905 4100 1045 4156 orationis
1067 4099 1149 4156 inex-

70 4185 263 4262 plicabilem
295 4203 364 4242 nam
392 4205 486 4260 neque
514 4207 567 4243 arra
594 4207 624 4242 re
651 4181 695 4264 (in
717 4187 773 4244 hae
795 4185 1013 4243 coniunctione:
1045 4179 1099 4242 aon
1122 4205 1151 4242 re

70 4271 179 4348 (licere)
203 4279 301 4345 potest
321 4289 399 4328 essa:
419 4283 531 4347 propter
551 4291 632 4330 unam
647 4292 711 4342 reor,
734 4289 828 4345 neque
840 4279 963 4346 propter
972 4271 1149 4328 vacuitatem

70 4357 190 4417 doloris
212 4356 285 4413 illud
308 4357 422 4414 dicitur.

911 4472 944 4528 41
