2944 5040
437 395 610 444 excursus
633 397 652 442 1.
1022 381 1085 446 795

114 570 302 630 etintendit.
319 569 408 644 prod
424 571 636 626 oratiorueetr'om
652 588 735 642 penus
747 569 843 625 bobert
858 573 980 643 fortusse
991 571 1085 628 stabula

110 657 342 726 altercaremur,
366 665 394 711 ut
416 657 441 710 in
461 663 574 726 oratore,
596 657 672 724 erile,
695 657 850 711 inusitatum
872 665 927 712 oet.
972 655 1084 734 [Incre-

108 741 195 798 dilriliter
209 739 285 816 ineptit
302 735 480 818 Ellendtius.]
525 739 712 798 Simillimum
735 741 830 796 locum
853 739 883 796 in
907 741 966 797 alia
987 741 1083 816 specie

103 845 163 900 upra
179 827 241 902 posui
258 827 279 892 u
287 829 317 896 A,
328 827 360 883 de
372 825 437 883 Fin.
449 826 474 893 I,
488 825 551 902 40).
595 825 688 882 Aliud
710 825 877 900 exemplum
901 827 1003 882 herum
1017 846 1082 902 par·

102 911 209 968 riculeum
226 911 398 968 dissolutorum
426 929 484 968 non
512 911 621 980 hebe03
655 929 722 968 nem
746 911 778 968 II
800 911 835 967 de
859 909 942 969 Oret.
961 913 1021 969 ‘284
1045 910 1086 970 vel

99 998 176 1074 (Appii)
192 1005 267 1072 potest
282 1015 332 1053 esse
344 999 411 1054 uelut
427 996 457 1054 in
470 997 606 1071 exemplo
617 994 803 1072 proferendo,
827 1004 858 1052 ut
870 997 980 1054 nullam
993 997 1083 1074 signi-

95 1083 214 1138 ficationem
235 1083 317 1139 habeat
340 1093 501 1139 ceterorum
531 1082 742 1157 exemplorum.
791 1077 958 1160 [Lucretius
986 1093 1084 1140 tamen

95 1169 173 1224 1:383
191 1167 223 1224 sic
240 1168 309 1225 dixit:
328 1171 366 1224 vel
387 1188 445 1224 cunr
467 1169 508 1224 sol
529 1177 553 1224 et
575 1187 659 1242 vapor
680 1171 764 1224 omnis
784 1169 910 1224 Omnibus
932 1173 1015 1242 epotis
1035 1170 1084 1224 lm-

89 1255 173 1310 nm'bm
190 1257 346 1328 temperarint,
369 1263 401 1310 ut
423 1253 600 1328 significaret
622 1253 746 1310 alterum
760 1253 887 1318 modum,
911 1271 968 1327 quo
986 1263 1085 1328 posset

87 1349 196 1395 cortamcn
206 1338 266 1395 liniri
276 1335 321 1420 (cel
335 1359 392 1395 curn
411 1341 452 1396 lic
464 1339 559 1395 humor
569 1342 656 1395 onrrrio
668 1337 781 1414 ciceret),
799 1339 835 1394 de
847 1357 904 1413 quo
916 1337 975 1394 alin
988 1337 1084 1396 forma

81 1425 172 1500 exponit
191 1425 269 1481 ulli
289 1421 359 1501 sqq.]

143 1511 172 1568 V.
198 1509 278 1580 Idem,
301 1510 371 1584 quod
394 1509 423 1566 in
446 1519 493 1566 ant
518 1541 554 1550 -
578 1519 627 1566 ont
648 1517 676 1564 et
699 1511 740 1566 vel
762 1544 803 1550 —
825 1511 881 1578 vel,
910 1507 1080 1568 Ciceronem

74 1595 153 1652 saltem
172 1595 246 1652 semel
265 1595 289 1652 iu
307 1599 357 1652 sire
370 1627 408 1636 -
421 1597 476 1652 sive
492 1593 548 1652 sibi
560 1593 737 1669 permisisse,
760 1612 825 1652 cum
838 1593 977 1652 dilemma
993 1614 1083 1670 pona-

72 1691 111 1745 ret,
129 1681 153 1736 in
174 1680 272 1738 Tuscul.
286 1682 307 1748 Ι,
325 1681 360 1738 97
385 1689 414 1737 et
438 1681 486 1750 98,
515 1689 547 1736 ut
569 1699 623 1754 pro
650 1680 744 1737 altero
772 1685 826 1736 eice
847 1680 936 1736 eliam
959 1679 1082 1738 formam

71 1766 180 1822 nationis
199 1785 214 1821 a
232 1769 267 1822 ein
285 1765 465 1842 incipientem
495 1765 698 1834 substitueret,
732 1775 762 1822 et
789 1763 915 1822 fortasse
942 1766 1030 1822 etiam
1053 1767 1083 1824 in

70 1851 137 1908 lcud.
152 1851 210 1920 1‚7,
231 1851 337 1927 exposui
359 1851 389 1908 in
412 1851 601 1908 annotatione
623 1850 661 1908 ad
683 1852 770 1920 1,20.
817 1847 895 1930 [Liv.
913 1851 1082 1922 XXXVII,

70 1939 99 1997 ¹4¹¹.
116 1938 138 1992 2.
168 1937 221 1995 Cic.
241 1937 272 1993 acl
291 1939 350 1994 Att.
364 1937 434 2002 VII,
449 1937 508 1996 Μ
533 1955 622 2010 prave
645 1935 701 1992 huc
723 1933 872 2013 trahitur]

125 2024 171 2079 l'l.
201 2023 343 2098 Superiora
366 2021 394 2078 in
418 2021 570 2098 particulis
592 2031 684 2078 erunt.
719 2019 850 2082 Similem
875 2021 1017 2078 rationem
1031 2023 1082 2078 ha·

70 2117 107 2164 rnt
126 2111 190 2164 tilius
209 2119 235 2164 et
254 2109 323 2178 alter,
345 2125 410 2164 cum
434 2108 464 2164 in
487 2106 640 2183 partiendo
652 2107 847 2183 geminantur,
870 2106 1034 2181 occiditque
1051 2108 1081 2165 in

69 2193 171 2250 eidem.
211 2193 273 2252 Non
293 2193 354 2250 dico
377 2211 453 2249 nunc
480 2191 753 2268 pervagatissimam
776 2192 856 2250 illam
879 2193 1083 2250 commutatio·

69 2299 106 2341 m,
127 2297 188 2334 cum
208 2297 258 2354 pro
279 2278 418 2336 vocabulo
440 2277 566 2354 repetito
588 2277 669 2334 aliud
691 2277 786 2334 simile
804 2277 998 2349 substituitur,
1022 2297 1082 2336 ser-

70 2374 95 2420 ta
116 2364 249 2420 orationis
270 2363 361 2422 forma
384 2365 446 2440 (atii
468 2395 503 2406 -
530 2363 665 2438 quidam),
688 2364 740 2420 sed
762 2383 844 2431 eum,
874 2381 940 2420 cum
969 2365 1080 2422 nullum

69 2468 109 2506 nm
132 2449 268 2506 eiusmodi
289 2449 461 2506 vocabulum
484 2448 617 2524 sequitur·
639 2457 669 2504 et
690 2449 785 2506 oratio
808 2448 837 2506 in
855 2447 1080 2507 oliamiormam

69 2535 209 2602 tremitur,
243 2546 274 2592 ut
293 2536 323 2591 in
346 2535 431 2592 huius
459 2534 494 2592 de
516 2535 623 2592 finibus
645 2535 742 2610 operis
770 2534 847 2592 libro
870 2535 964 2610 primo
987 2539 1001 2604 ξ
1026 2537 1080 2592 66:

69 2623 117 2676 'lure
145 2623 225 2694 pstor
250 2623 334 2678 modis
361 2623 436 2678 video
458 2640 514 2677 esse
546 2641 564 2676 o
586 2623 684 2678 nostris
712 2622 746 2678 dc
767 2623 884 2677 amicitia
906 2622 1080 2694 dt'oputatum.

70 2709 144 2762 'cet
189 2705 327 2780 Sequitur
348 2706 384 2762 ‹le
406 2706 452 2776 iis,
476 2705 525 2780 qui
549 2706 644 2781 primo
661 2703 749 2762 modo
761 2706 968 2780 disputassent,
992 2707 1081 2782 longa

69 2791 172 2860 ositio;
207 2800 268 2847 tum
296 2792 421 2850 alterum
450 2809 541 2866 genus
564 2795 579 2861 ξ
603 2791 641 2848 69
672 2791 861 2848 describitur:
894 2791 963 2847 Sunt
993 2802 1078 2848 nutem

69 2879 113 2931 'nm
128 2877 264 2951 Epicurei
283 2887 350 2948 cet,
373 2876 492 2933 tertium
503 2887 600 2934 autem
613 2881 627 2947 ξ
641 2879 696 2934 7οε
719 2877 789 2934 Sunt
811 2887 907 2946 auton,
926 2879 975 2950 qni
990 2879 1081 2934 (licant

98 2962 187 3034 Quod
212 2960 286 3021 Otto
310 2962 452 3020 eiusmodi
475 2963 671 3020 anacoluthon
694 2980 751 3019 non
774 2962 994 3038 neglegentiae,
1029 2962 1080 3020 sed

73 3047 219 3122 imputat,
243 3065 375 3124 agnosco
398 3046 644 3122 superstitionem.
688 3050 748 3104 Ars
777 3047 859 3104 nulla
891 3057 935 3103 est
962 3047 991 3104 in
1015 3067 1080 3106 ore-

93 3132 139 3188 ita
163 3133 322 3202 mutanda,
347 3142 393 3202 ut,
416 3132 466 3206 qui
489 3133 613 3208 primam
642 3133 809 3208 partitionis
838 3132 1080 3208 significationem

69 3237 115 3274 ms
139 3218 240 3276 lector
264 3218 519 3288 animadverterit,
542 3226 646 3294 postea
667 3237 733 3276 curn
756 3217 1080 3294 molestiadecipiotur3

68 3303 90 3360 ri
118 3303 224 3360 oratio
249 3304 412 3378 vitarique.
435 3303 459 3360 si
482 3313 580 3360 tamen
592 3304 713 3362 vitanda
726 3314 798 3372 erat,
821 3303 950 3362 eiusdem
968 3303 1080 3362 formae

68 3389 120 3446 'tio
144 3397 278 3464 poterat
303 3390 368 3447 sine
391 3389 647 3466 istiaombagibus.
682 3389 845 3448 Contentus
868 3390 958 3467 igitur·
974 3389 1080 3448 Cicero

68 3475 293 3548 {noscentium
308 3475 472 3549 aequitate,
495 3495 582 3550 quam
605 3475 690 3532 initio
713 3475 739 3532 ei
762 3474 862 3532 deberi
885 3475 1080 3545 ostendimus;

68 3581 84 3615 n
114 3559 198 3616 alibi
226 3560 345 3618 iustius
367 3561 502 3636 reperiet.
548 3559 659 3620 Similis
687 3561 754 3618 huic
783 3571 827 3618 est
849 3561 930 3618 locus
957 3561 988 3618 in
1016 3561 1082 3617 bre·

69 3646 244 3702 'orborum
260 3647 425 3722 complexu
443 3647 474 3704 11
486 3647 524 3704 N.
538 3647 575 3704 D.
592 3647 650 3703 122
663 3657 692 3702 et
708 3647 781 3704 123:
804 3647 894 3721 Atque
902 3651 981 3704 eriam
998 3649 1081 3704 alio-

68 3730 296 3809 animelium)
321 3751 354 3788 eo
376 3741 415 3788 eet
437 3734 581 3803 inutilitas,
605 3742 633 3789 ut
655 3733 740 3789 cibum
753 3743 902 3790 terrestrem
919 3736 1015 3790 roetm'e
1031 3738 1081 3809 sa-

68 3823 230 3889 crispatam
258 3827 487 3892 quarantene
509 3819 608 3874 altiora
629 3828 699 3888 euru,
721 3829 750 3874 ut
766 3837 884 3888 anseres,
907 3821 1032 3893 utcppm',
1054 3827 1082 3874 ut

68 3913 98 3958 rt
126 3905 257 3971 cameli,
286 3905 458 3960 adimantur
475 3908 636 3980 proceritate
653 3905 780 3960 collorum
787 3927 796 3970 ,·
818 3923 913 3960 omnus
925 3907 1004 3960 etiam
1015 3905 1081 3959 duta

69 4009 89 4042 0
117 3997 191 4044 cet.
235 3987 332 4045 Nam
355 3991 468 4046 aliorum
481 4008 538 4046 non
551 3989 588 4046 ad
600 3988 752 4064 superiora
774 3988 909 4058 refertur,
933 3988 1082 4062 inquibus

68 4093 72 4128 ;
87 4073 177 4129 huic
207 4073 423 4143 contrarium,
447 4074 498 4132 secl
510 4093 588 4132 nova
599 4073 719 4149 partitio
732 4074 761 4130 in
774 4075 861 4132 modo
876 4074 934 4131 cibi
947 4073 1082 4150 capiendi

68 4159 156 4214 itur.

82 4262 183 4300 voce
214 4247 308 4301 alter
332 4245 482 4321 geminato
503 4263 539 4302 ea
560 4263 648 4320 saepe
660 4244 766 4301 accidit
778 4245 879 4322 figura,
903 4255 945 4310 ut,
968 4262 1033 4301 curn
1051 4244 1081 4302 in

75 4349 96 4386 e
128 4329 247 4404 prius
279 4333 359 4386 alter
381 4331 566 4406 appositione
589 4331 790 4406 superioribus
807 4349 955 4388 annexum
978 4330 1015 4387 sit
1039 4331 1083 4388 vi·
