3034 5030
265 357 330 422 360
659 375 704 420 nn
727 375 858 424 mmnus
881 375 953 422 son.

264 544 296 608 hi
317 543 464 608 dmutem
485 543 587 624 ipsum
610 544 811 610 sustulerunt.
857 547 906 610 13.
934 545 1024 610 Istud
1047 545 1180 626 quidem,
1207 546 1346 628 inquam,

265 645 494 726 optinentes,
528 646 585 710 sed
606 663 738 728 quaero,
772 665 873 710 nonne
906 647 961 712 tibi
988 646 1163 712 laciendum
1190 648 1272 713 idern
1294 649 1345 726 sit,

264 747 340 812 nihil
363 747 475 812 dicenti
497 747 622 826 bonum,
644 749 728 830 quod
750 767 812 812 non
835 755 953 814 rectorio
971 748 1199 830 honestumque
1221 750 1271 828 sil,
1293 767 1347 814 ro-

264 850 419 930 liquerum
441 867 546 915 rerum
568 849 733 914 discrimen
755 869 845 914 omne
867 850 995 916 tollenti
1029 851 1214 933 Siquidem,
1235 852 1347 934 inquit,

117 976 125 989 ·
225 951 422 1030 btollerem;
445 952 501 1016 sed
512 951 664 1032 relinquo.
701 953 749 1016 14.
773 952 914 1029 Quonam
937 953 1052 1018 modo?
1073 953 1208 1035 inquam
1238 953 1270 1018 Si
1281 971 1346 1020 uno

338 1171 604 1241 irrumptione]
625 1172 820 1232 emeriten
840 1189 889 1224 om.
909 1173 953 1224 Or.
989 1174 1084 1237 osquam
1102 1174 1192 1224 emb
1228 1179 1348 1225 toronae

265 1241 514 1378 {sullfftzuessiepffmu
532 1241 590 1290 nuit
608 1241 668 1292 s'eleru
685 1241 757 1292 eitll
792 1248 815 1292 8.
838 1241 944 1310 [debendi
960 1241 1033 1310 Aen]
1074 1251 1098 1292 4.
1119 1240 1205 1311 [muru
1227 1259 1277 1294 orn.
1304 1243 1344 1310 Δ]

265 1529 383 1597 praeter
404 1519 450 1576 El.
475 1519 509 1588 23
531 1517 561 1574 in
584 1537 641 1596 mg.
660 1517 750 1590 Cret,
773 1518 852 1575 Etr
870 1527 908 1589 et,
932 1519 958 1576 si
979 1517 1183 1596 credipotest,
1206 1528 1349 1594 quattuor

266 1603 335 1664 Gzii
348 1613 413 1662 eret
428 1605 522 1672 buitim
545 1603 603 1662 Ox.
616 1599 632 1674 ξ
643 1605 797 1661 Ιιαίιωηιοάὶ
817 1600 869 1684 (cx
881 1603 937 1663 EU
954 1603 992 1660 ed
1005 1605 1140 1662 Lambini
1158 1605 1345 1680 scripturum,

266 1689 316 1765 qui
340 1707 442 1747 vocem
454 1689 563 1760 omisit,
585 1689 661 1747 nihil
682 1699 869 1758 annotetum3
893 1688 1042 1748 Gruterus
1068 1693 1125 1746 eine
1152 1689 1264 1768 tacite).
1308 1691 1347 1748 In

265 1775 312 1834 hie
323 1775 397 1832 nihil
409 1775 490 1832 slind
511 1775 593 1844 later,
617 1775 675 1834 nisi
686 1775 765 1850 quod
788 1795 825 1832 ex
836 1775 899 1832 Ert
912 1775 1000 1846 edidi,
1022 1793 1041 1832 e
1053 1775 1129 1834 Geio
1146 1795 1206 1833 non
1218 1795 1347 1834 comme-

266 1871 426 1932 moretum;
444 1860 595 1937 (Bromius
606 1863 633 1931 ii,
656 1861 811 1918 Ernestius
832 1862 863 1916 di
878 1881 939 1918 vero
950 1861 1039 1918 scribi
1051 1858 1214 1938 volebant).
1238 1861 1274 1937 [B
1286 1861 1345 1938 lii]

266 1945 481 2022 Corrumpendi
504 1964 593 2003 cause
615 1957 685 2004 nete
707 1965 722 2003 e
745 1945 918 2004 confusione
936 1946 1098 2004 litterarum
1111 1948 1140 2002 li
1155 1946 1347 2022 etproxinre-

265 2052 330 2090 rum
348 2031 414 2110 (ui).
454 2033 489 2090 In
513 2032 680 2089 huiusmodi
703 2031 908 2108 pronominum
933 2032 1153 2102 coniunctione,
1177 2031 1237 2100 ubi,
1260 2050 1347 2107 pree-

266 2117 388 2174 cedente
411 2116 558 2176 sententie
579 2117 720 2188 relative,
754 2127 806 2174 aut
833 2117 1013 2176 contrarium
1042 2117 1156 2192 aliquid
1183 2117 1213 2174 in
1242 2117 1346 2174 eedem

265 2221 297 2259 re
321 2213 443 2260 notetur
464 2211 516 2260 aut
537 2221 730 2278 consequens,
754 2213 833 2260 recte
856 2203 899 2260 dio
920 2203 991 2278 poni
1014 2211 1121 2278 potest,
1144 2221 1177 2260 re
1194 2215 1346 2277 tamquam

266 2288 388 2364 propius
411 2288 539 2360 admota,
562 2299 596 2346 ut
616 2288 658 2360 11,
673 2289 723 2360 91,
736 2289 774 2362 V,
788 2287 826 2345 37
851 2298 882 2345 et
904 2289 944 2346 88
967 2285 1064 2366 (quam
1084 2321 1124 2329 —
1140 2285 1224 2366 bone)
1247 2298 1277 2344 et
1289 2289 1346 2356 963

267 2373 527 2431 eandemformem
544 2393 598 2449 pro
617 2373 698 2433 Cael.
722 2375 762 2430 78
785 2375 891 2448 (quain
914 2377 1019 2430 civitate
1041 2407 1081 2414 -
1105 2376 1131 2430 in
1155 2375 1205 2432 tac
1227 2371 1347 2452 civitate)

266 2468 345 2516 recte
363 2459 593 2535 Wesenbergius
616 2478 654 2516 ex
671 2459 789 2534 optimis
812 2459 896 2516 codd.
918 2460 1035 2516 restitui
1057 2457 1161 2530 voluit,
1184 2459 1348 2534 citavitque

267 2563 305 2601 ex
328 2544 429 2601 eudem
453 2554 526 2602 oret.
550 2549 564 2614 ξ
589 2546 639 2615 70,
663 2546 749 2602 Verr.
772 2545 831 2610 111,
850 2546 900 2616 47,
923 2545 1055 2621 Philipp.
1077 2545 1118 2615 Il,
1133 2545 1182 2602 68.
1207 2543 1347 2604 ceterum

266 2631 340 2686 haec
363 2630 472 2688 oratio:
494 2633 533 2688 sic
549 2640 775 2704 eruequouerunt,
798 2641 885 2686 ut-
902 2634 940 2688 ita
959 2633 1043 2705 pario
1064 2633 1216 2699 redderent
1239 2641 1269 2687 ut
1290 2641 1347 2687 cet.
1455 2701 1458 2706 Ι

267 2733 325 2772 non
349 2725 431 2773 caret
451 2715 530 2774 iuste
551 2716 790 2791 reprehensione.
835 2713 961 2793 [Auden
984 2726 1080 2774 temen
1111 2717 1149 2774 sit
1171 2715 1300 2773 scribere
1321 2726 1349 2772 et

267 2801 324 2878 (sic
347 2801 436 2858 etiam
458 2801 499 2879 B)
522 2837 563 2844 -
586 2803 771 2858 reddiderunt.
804 2801 874 2859 Non
896 2800 1077 2876 rectepeulo
1099 2811 1167 2858 ente
1179 2801 1348 2858 Baiteruse

267 2887 332 2943 cod.
354 2884 444 2964 Glog.
467 2887 588 2944 ascivit:
610 2906 680 2962 qnae
701 2907 753 2944 sec.
776 2897 831 2944 irat.
855 2896 932 2956 sunm
965 2905 1034 2961 pers
1056 2891 1102 2943 est
1123 2886 1201 2943 enim
1223 2886 1346 2957 decreti,

267 2991 332 3030 esse
354 2972 524 3030 huiusmodi
546 2991 593 3030 res
616 2981 646 3030 et
668 2972 784 3030 delectu
807 2972 933 3046 exquiri,
957 2991 1032 3047 quoe
1055 2969 1138 3049 sint]

358 3059 404 3115 13.
427 3059 814 3132 norbertibisucr'eudumidem
831 3057 879 3133 sit)
905 3056 1254 3133 „SicpreecipuiePelL
1281 3057 1349 3114 Alii

268 3144 457 3201 consentiunt
494 3162 560 3201 cum
594 3143 693 3220 vulgg.
728 3149 851 3200 numne.“
905 3141 1008 3202 Grut.
1057 3143 1156 3200 Etiam
1184 3141 1349 3200 Lambinus

268 3249 367 3299 uererer,
391 3228 442 3286 elii
459 3239 574 3286 veteres
592 3228 697 3306 (Cret,
710 3229 799 3299 Vict,
812 3225 908 3296 Men.)
926 3247 1028 3284 nonore.
1053 3229 1139 3299 Dav„
1152 3226 1241 3297 oxx,
1254 3225 1351 3286 Gzius

268 3313 380 3392 (nonme)
403 3325 511 3388 recent.
555 3313 596 3393 [B
618 3313 725 3392 tienne]
770 3314 885 3371 Deinde
903 3313 1145 3384 incredibilem,
1169 3331 1257 3388 quern
1280 3331 1350 3389 gru·

267 3402 345 3458 viter
372 3400 498 3458 errarint
524 3401 700 3476 interpretes
727 3400 765 3457 in·
781 3409 885 3474 operte
906 3399 1053 3456 sententis
1074 3409 1105 3456 et
1131 3397 1260 3456 dilucide
1281 3418 1350 3456 orn-

267 3487 364 3544 tionc:
398 3504 522 3561 quaero,
551 3504 647 3544 nonne
675 3486 752 3544 idem
776 3485 830 3543 tibi
857 3483 1025 3542 faciendum
1053 3485 1092 3542 sit
1119 3482 1167 3563 (nt
1187 3483 1350 3541 selectione

268 3572 350 3628 mdlu
372 3571 465 3628 uteris
488 3581 517 3628 et
539 3572 582 3630 sio
604 3572 743 3629 virtutem
767 3569 914 3644 evertes),
948 3587 1014 3627 cum
1037 3569 1112 3627 nihil
1133 3569 1215 3627 dices
1238 3569 1350 3627 bonum

268 3667 338 3728 cet,
366 3657 546 3732 reliquarum
573 3677 672 3716 rerum
706 3657 862 3716 discrimen
890 3656 988 3714 tolles.
1042 3655 1244 3731 Expediveret
1269 3655 1352 3712 Met-

268 3743 384 3801 thiaeus
417 3761 478 3799 rem
513 3761 572 3800 non
601 3742 754 3819 Oedipode
787 3753 937 3820 egentem,
972 3759 1025 3798 nec
1053 3752 1152 3798 temen
1180 3751 1232 3798 eut
1253 3739 1350 3799 Gzius

267 3841 320 3886 eut
342 3827 555 3886 Remehornius
579 3825 650 3910 (Gr.
673 3831 738 3888 Lat.
761 3850 790 3906 p.
820 3829 895 3901 685)
919 3827 1138 3885 intellexerunt
1171 3827 1219 3884 De
1240 3829 1267 3884 si
1286 3829 1350 3901 qui-

268 3917 328 3972 dem
365 3913 500 3989 responsi
539 3911 765 3974 affirmationem
799 3914 1056 3974 concessionemve
1089 3911 1261 3971 condicione
1293 3912 1352 3968 irn-

266 3999 407 4075 pliootum
430 4000 566 4058 habentis
588 4001 685 4060 indice
707 4001 845 4077 exposuit
872 3998 1054 4058 Garatonius
1082 3998 1120 4056 od
1142 4006 1215 4056 oret
1243 3996 1351 4055 Milon.

272 4085 320 4156 18,
343 4085 394 4142 48.

359 4173 406 4228 14.
434 4169 557 4239 Qreonum
568 4173 664 4228 modol
685 4169 809 4250 inquam)
821 4169 1103 4246 Interpungebctur:
1126 4167 1248 4236 Quorsum
1260 4170 1350 4240 morlo,

270 4259 388 4329 linquant,
399 4259 424 4314 oi
435 4289 475 4298 -
489 4265 621 4331 sequare?
643 4257 764 4314 Rectius
775 4258 876 4332 plures
887 4267 955 4314 ente
968 4255 1143 4314 Lambinum
1157 4263 1187 4311 ct
1203 4253 1353 4311 Bremins.

268 4340 520 4401 Primum-Cicero
542 4342 705 4399 admiretur
727 4353 757 4400 et
767 4342 914 4412 universe,
937 4341 1094 4416 quomodo,
1117 4339 1197 4414 quod
1212 4337 1353 4410 audierit,
