3000 5044
329 368 395 434 570
722 387 767 432 nn
789 387 920 433 rrnrnus
942 387 1014 434 aon.

329 557 401 620 deur
424 574 480 620 nee
502 555 741 620 contemnendas
770 555 859 636 (quid
871 555 952 620 enirn
970 565 1053 620 esset
1063 556 1094 620 in
1107 555 1221 620 virtute
1237 563 1392 636 tantumn,

329 767 372 834 11,
397 767 415 821 8
439 762 537 840 extu).
582 763 640 821 Sed
663 763 736 820 illud
759 763 847 820 etiam
870 771 1007 839 apparet,
1031 764 1177 820 adieetira
1199 763 1332 822 feminini
1352 782 1394 839 ge·

329 850 408 908 neris
431 869 489 906 non
513 850 634 917 habere,
670 868 728 923 quo
756 848 930 905 referantur.
980 850 1057 906 Nam
1087 849 1195 908 Gzium
1224 849 1393 914 omittamus,

330 936 390 1014 qui,
415 935 523 992 maiore
546 935 782 1010 interpunctione
805 943 871 1010 post
890 955 973 1010 posse
995 935 1101 1011 posita,
1126 936 1167 992 sic
1188 945 1320 992 enarrat:
1341 937 1394 990 rir-

331 1033 419 1078 tutes
442 1025 467 1078 in
491 1031 589 1078 notare
611 1024 706 1076 insitas
729 1041 778 1076 non
796 1023 896 1094 sorites
918 1023 980 1076 illas
1002 1023 1109 1095 quidem
1131 1042 1188 1078 esse
1210 1033 1264 1078 cet.
1289 1021 1331 1093 (in
1344 1039 1393 1094 qno

331 1109 457 1185 primurn
478 1127 534 1162 esse
556 1106 637 1162 nullo
661 1107 747 1162 modo
770 1107 873 1162 abesse
896 1105 1036 1184 poterat).
1064 1108 1111 1163 Ita
1124 1116 1239 1164 veteres
1256 1107 1310 1179 illi,
1333 1125 1394 1180 quo·

330 1213 396 1250 runi
419 1193 594 1250 sententiam
619 1191 724 1250 Cicero
747 1192 879 1266 exponit,
904 1202 1025 1264 cavent,
1049 1211 1085 1248 ne
1108 1193 1174 1267 quis
1197 1211 1247 1249 eas
1269 1194 1393 1259 uirtutes,

330 1280 437 1361 quibus
465 1296 571 1354 magna
600 1288 629 1334 et
662 1277 795 1360 difficilia
823 1278 1009 1349 obterantur,
1044 1279 1273 1336 contemnendas
1308 1287 1394 1354 putet:

329 1385 397 1422 nam
421 1365 446 1422 si
469 1365 593 1420 virtutes
617 1371 855 1433 contemnantur,
890 1382 948 1419 non
977 1364 1100 1420 multum
1128 1363 1192 1420 fore
1221 1365 1251 1420 in
1280 1364 1394 1428 virtute,

330 1459 615 1527 postremo'autem,
639 1449 689 1522 qni
713 1449 851 1504 virtutem
874 1449 961 1524 longe
985 1449 1120 1506 omnibus
1143 1449 1231 1506 rebus
1255 1457 1393 1524 praestare

333 1547 362 1593 et
385 1537 447 1592 eius
470 1536 583 1592 lancem
608 1545 714 1590 terram
739 1535 890 1609 mariaque
913 1534 1077 1610 deprimere
1101 1536 1215 1606 docent,
1240 1554 1316 1591 nnnc
1338 1552 1395 1588 nar·

330 1633 405 1692 rant,
429 1621 459 1678 in
483 1621 641 1677 virtutibus
669 1639 727 1676 non
758 1621 884 1695 positam
913 1639 976 1676 esse
1001 1621 1158 1677 maximam
1181 1631 1297 1696 partem
1320 1620 1393 1676 beate

329 1708 458 1764 vivendi.
504 1707 652 1784 (Audisse
680 1706 767 1777 baec,
802 1706 925 1762 Polemo
954 1706 1008 1762 sub
1042 1715 1150 1763 terram
1178 1705 1313 1782 abdite?)
1355 1704 1394 1760 b'e

332 1794 508 1851 Lambinum
532 1792 649 1866 quidem
673 1811 837 1860 moremur,
872 1791 921 1864 qni
950 1791 980 1846 in
1011 1792 1131 1860 „codice
1158 1792 1247 1867 longe
1276 1790 1393 1850 omnium

329 1879 553 1953 antiquissinro“
584 1878 719 1933 lacunam
747 1878 825 1933 inter
850 1897 929 1951 posse
957 1885 986 1932 et
1017 1898 1066 1933 uon
1083 1880 1183 1951 chiles
1206 1878 1295 1950 vidit,
1323 1873 1393 1932 etin

330 1985 382 2022 ora
404 1965 501 2022 aliena
525 1983 611 2020 mann
640 1964 712 2019 haee
731 1961 883 2038 ascripta,
919 1981 993 2036 quae
1022 1963 1052 2019 in
1081 1971 1251 2020 contextum
1280 1961 1393 2036 recepit:

329 2053 505 2107 valetudinem
528 2060 625 2118 nutem,
645 2050 883 2123 palchritudinem.
907 2051 1075 2119 celeritatem,
1099 2053 1168 2105 vires
1185 2053 1314 2123 corperis,
1336 2048 1394 2102 ‹ta-t-

329 2142 382 2193 ties
405 2146 429 2192 et
452 2145 552 2192 ceteras
575 2155 618 2190 res
642 2137 720 2190 tetrius
740 2137 853 2206 pencris.
888 2134 963 2190 Illae
986 2135 1103 2208 quiden:
1126 2155 1174 2191 res
1192 2145 1290 2191 utrum
1307 2133 1394 2208 senice

331 2241 368 2278 an
393 2221 528 2278 difficiles
553 2229 659 2288 essent,
683 2239 741 2276 non
765 2221 977 2294 quaerebatur:
1012 2220 1111 2294 itaque
1139 2219 1194 2277 fuit
1218 2231 1330 2295 postea,
1351 2213 1394 2289 qui

330 2308 419 2383 paulo
443 2307 619 2363 modest-iore
642 2305 871 2380 interpolatione
894 2305 949 2361 boc
972 2324 1088 2379 quoque
1107 2306 1282 2381 corrigeret:
1305 2313 1394 2361 ceteras

330 2415 372 2451 res
395 2413 444 2449 non
462 2395 558 2466 futiles
581 2394 642 2448 r'lbrs
665 2395 772 2466 qrn'dem
795 2401 859 2455 cet,
884 2409 920 2446 ne
943 2391 967 2447 is
991 2391 1108 2464 quidem
1127 2392 1240 2458 videns,
1264 2391 1335 2448 illud
1351 2405 1394 2443 :rotz

329 2480 532 2537 contemneretur
545 2487 666 2552 propter
679 2497 722 2548 en,
736 2495 811 2550 quae
824 2477 971 2532 adduntur
981 2475 1062 2551 (quid
1068 2481 1136 2533 enin:
1148 2476 1227 2547 eet),
1240 2471 1394 2534 necessario

328 2567 366 2623 ad
388 2563 639 2620 incommodorum
662 2563 803 2638 impetum
815 2563 1059 2618 contemnendum
1072 2563 1229 2636 pertinere.
1263 2563 1338 2620 Nem
1354 2557 1394 2616 (i-

328 2670 406 2720 cero,
426 2669 489 2731 curn
504 2649 539 2705 de
551 2649 743 2705 incommodis
755 2648 886 2722 eorporis
902 2657 931 2703 et
948 2648 1079 2704 externis
1090 2649 1260 2704 obterendis
1273 2646 1393 2706 dixisset

329 2737 455 2812 primum
479 2736 514 2791 de
537 2735 596 2791 illis
619 2734 689 2792 solis
712 2734 858 2809 cogitans,
889 2733 1037 2808 adiungit,
1066 2753 1101 2789 ca
1123 2752 1180 2790 non
1204 2733 1306 2792 facilia
1327 2745 1394 2794 esse:

330 2823 434 2879 deinde
457 2829 555 2876 autem
586 2821 615 2876 in
645 2820 705 2876 illis
728 2821 841 2876 verbis:
875 2822 924 2874 sed
951 2830 979 2875 ut
1002 2821 1050 2875 boc
1073 2822 1253 2876 indiceremus
1277 2827 1343 2886 oet,
1369 2814 1394 2868 iu

329 2909 436 2983 quibus
459 2907 546 2962 etiarn
570 2906 737 2962 coniunctio
760 2906 901 2962 orationis
931 2905 1052 2961 liberior
1073 2905 1162 2979 paulo
1192 2916 1219 2961 et
1243 2899 1395 2977 inaequalis

329 3004 374 3050 est
396 2993 462 3069 (tuli
485 2991 546 3048 fere
570 2993 729 3048 sententia:
752 2991 803 3048 sed
821 2991 964 3048 eiusmodi
982 3010 1016 3047 ea
1028 3010 1092 3047 esse
1105 2991 1249 3061 habenda,
1274 3003 1306 3047 ut
1328 2981 1395 3055 eet),

329 3079 447 3137 transiit
469 3079 506 3134 eb
529 3078 622 3134 altera
645 3077 742 3151 specie
766 3077 802 3133 sd
826 3087 918 3133 totum
942 3095 1034 3151 genus
1056 3095 1154 3132 rerum
1177 3077 1206 3133 in
1231 3094 1351 3152 corpore
1372 3078 1394 3124 et

332 3175 417 3223 extra
440 3164 658 3221 commodarum
682 3173 711 3218 et
735 3163 995 3232 incommodarum,
1020 3163 1153 3235 dixitque
1166 3163 1240 3218 beate
1256 3173 1305 3218 ent
1320 3177 1393 3216 secus.
1471 3221 1472 3224 Ἴ

330 3250 506 3330 (Lambinus
529 3252 578 3305 sed
599 3252 646 3314 ite,
671 3249 722 3326 ut.)
756 3249 835 3321 Quid
857 3247 947 3321 igitur
970 3248 1115 3304 sententia
1138 3259 1167 3304 et
1190 3248 1285 3306 oratio
1309 3240 1395 3318 requi·

329 3346 416 3406 reret,
440 3337 523 3406 vidit,
548 3335 598 3408 qni
622 3335 651 3390 in
675 3334 708 3392 C.
722 3334 834 3408 Sigonii
859 3333 935 3390 libro
958 3333 1000 3390 sic
1023 3334 1156 3408 scripsit:
1180 3354 1230 3390 non
1247 3329 1381 3407 suestram
1471 3327 1472 3330 ’

329 3425 436 3497 quidem
459 3441 504 3478 nec
527 3422 729 3488 ‹torrtermrcndeq
749 3420 822 3475 vidit
846 3421 933 3476 etiem
957 3419 1154 3480 Camerarius,
1177 3429 1238 3476 turn
1252 3415 1395 3476 Ernesrius

329 3519 357 3564 et
370 3507 514 3565 Brennus.
538 3506 587 3579 qui
611 3525 653 3562 rec
675 3506 744 3562 addi
756 3506 911 3562 voluerunt
925 3506 989 3580 (non
995 3508 1095 3579 sirciles
1107 3508 1169 3561 illes
1181 3507 1287 3579 quidem
1300 3525 1341 3560 ree
1357 3515 1394 3554 nec
1471 3519 1472 3522 ¹

328 3595 545 3660 contemnendae
556 3611 628 3650 ,narn
642 3592 823 3664 interfuerim
836 3600 865 3648 et
876 3593 937 3647 illas
948 3591 1096 3666 interponi
1113 3610 1170 3648 non
1183 3589 1304 3669 potest).
1326 3581 1395 3646 Fieri

329 3687 435 3755 potest,
460 3687 492 3734 ut
515 3677 619 3735 Cicero
643 3677 808 3752 scripserit:
831 3697 881 3732 non
892 3679 978 3750 facile
990 3679 1036 3733 ille
1054 3679 1160 3750 quidem
1173 3676 1283 3754 (obteri
1295 3667 1393 3751 posse),

329 3785 375 3822 :rec
398 3765 585 3820 eontenmemlu
609 3783 679 3834 esse,
715 3764 851 3819 mendum
875 3773 972 3819 autem
996 3772 1092 3819 ortum
1116 3763 1163 3833 sit,
1187 3781 1252 3818 cum
1269 3763 1352 3835 J'crcite
1371 3763 1394 3809 et

328 3851 515 3909 contenmendu
540 3850 577 3906 ad
601 3849 723 3906 eundern
740 3849 864 3905 formum
877 3848 1016 3904 librarius
1027 3849 1160 3922 redigere
1173 3848 1271 3915 vellet,
1295 3856 1394 3903 utrum·

329 3957 386 4014 qne
409 3937 446 3992 ad
470 3936 610 3992 virtutum
634 3953 739 3991 nomen
764 3933 903 3991 referens.

415 4024 483 4096 qaid
504 4025 572 4077 enim
595 4015 675 4099 esset)
710 4020 863 4076 Ernestius
891 4020 921 4076 in
944 4019 1174 4094 interrogatione
1203 4019 1232 4075 iu
1257 4019 1394 4091 obliquant

329 4109 490 4166 orationem
515 4107 650 4163 traducta
671 4126 728 4162 esse
745 4105 930 4162 scribendum
954 4105 1087 4181 putabat,
1106 4123 1191 4178 quern
1205 4105 1295 4160 ceteri
1308 4115 1394 4176 repre·
1471 4127 1472 4180 3

329 4195 501 4262 henderunt,
525 4211 583 4249 non
606 4191 787 4260 refellerunt,
812 4191 890 4265 quod
913 4211 949 4247 ne
972 4192 1029 4266 ipsi
1042 4191 1159 4265 quidem
1177 4190 1309 4265 regulum
1326 4199 1395 4244 tene·

330 4281 409 4348 bant,
434 4299 492 4354 qua
514 4279 586 4334 haec
599 4279 806 4335 discernerent.
840 4278 1092 4351 Interrogationes
1115 4296 1174 4344 eas,
1198 4277 1394 4350 quaeinreotfl
1471 4313 1472 4328 2

328 4366 461 4421 oratione
485 4365 701 4420 coniunctivum
720 4364 871 4425 heberent,
894 4363 1006 4419 finitam
1030 4363 1112 4419 verbi
1135 4361 1259 4420 formam
1282 4361 1396 4418 retinere
1471 4363 1472 4426 j
