<?xml version="1.0" encoding="UTF-8"?>
<!DOCTYPE html PUBLIC "-//W3C//DTD XHTML 1.0 Transitional//EN"
    "http://www.w3.org/TR/xhtml1/DTD/xhtml1-transitional.dtd">
<html xmlns="http://www.w3.org/1999/xhtml" xml:lang="en" lang="en">
 <head>
  <title>
</title>
<meta http-equiv="Content-Type" content="text/html;charset=utf-8" />
  <meta name='ocr-system' content='tesseract 3.04.00' />
  <meta name='ocr-capabilities' content='ocr_page ocr_carea ocr_par ocr_line ocrx_word'/>
</head>
<body>
  <div class='ocr_page' id='page_1' title='image "./definibusbonoru04cicegoog_0768.png"; bbox 0 0 2948 5024; ppageno 0'>
   <div class='ocr_carea' id='block_1_1' title="bbox 337 413 1004 478">
    <p class='ocr_par' dir='ltr' id='par_1_1' title="bbox 337 413 1004 478">
     <span class='ocr_line' id='line_1_1' title="bbox 337 413 1004 478; baseline -0.003 -1"><span class='ocrx_word' id='word_1_1' title='bbox 337 413 399 478; x_wconf 81' lang='grc'><strong>692</strong></span> <span class='ocrx_word' id='word_1_2' title='bbox 715 430 760 476; x_wconf 84' lang='lat' dir='ltr'><strong>nu</strong></span> <span class='ocrx_word' id='word_1_3' title='bbox 781 430 911 478; x_wconf 77' lang='lat' dir='ltr'><strong>amisus</strong></span> <span class='ocrx_word' id='word_1_4' title='bbox 933 429 1004 476; x_wconf 80' lang='lat' dir='ltr'><strong>non.</strong></span> 
     </span>
    </p>
   </div>
   <div class='ocr_carea' id='block_1_2' title="bbox 272 597 1396 2214">
    <p class='ocr_par' dir='ltr' id='par_1_2' title="bbox 272 597 1396 2214">
     <span class='ocr_line' id='line_1_2' title="bbox 336 597 1395 682; baseline -0.002 -18"><span class='ocrx_word' id='word_1_5' title='bbox 336 601 421 682; x_wconf 91' lang='lat' dir='ltr'><strong>quod</strong></span> <span class='ocrx_word' id='word_1_6' title='bbox 452 599 760 664; x_wconf 86' lang='lat' dir='ltr'><strong>animadvertendum</strong></span> <span class='ocrx_word' id='word_1_7' title='bbox 792 617 860 665; x_wconf 89' lang='lat' dir='ltr'><strong>esse</strong></span> <span class='ocrx_word' id='word_1_8' title='bbox 892 597 961 680; x_wconf 88' lang='lat' dir='ltr'><strong>ipsa</strong></span> <span class='ocrx_word' id='word_1_9' title='bbox 988 607 1101 664; x_wconf 89' lang='lat' dir='ltr'><strong>natura</strong></span> <span class='ocrx_word' id='word_1_10' title='bbox 1128 599 1265 665; x_wconf 82' lang='lat' dir='ltr'><strong>iudicet?</strong></span> <span class='ocrx_word' id='word_1_11' title='bbox 1298 617 1395 680; x_wconf 89' lang='lat' dir='ltr'><strong>quem·</strong></span> 
     </span>
     <span class='ocr_line' id='line_1_3' title="bbox 335 701 1396 791; baseline -0.002 -25"><span class='ocrx_word' id='word_1_12' title='bbox 335 701 502 766; x_wconf 81' lang='lat' dir='ltr'><strong>admodum</strong></span> <span class='ocrx_word' id='word_1_13' title='bbox 524 701 593 782; x_wconf 92' lang='lat' dir='ltr'><strong>quis</strong></span> <span class='ocrx_word' id='word_1_14' title='bbox 614 701 757 782; x_wconf 84' lang='lat' dir='ltr'><strong>ambulet,</strong></span> <span class='ocrx_word' id='word_1_15' title='bbox 780 701 895 781; x_wconf 85' lang='lat' dir='ltr'><strong>sedeat,</strong></span> <span class='ocrx_word' id='word_1_16' title='bbox 918 701 973 791; x_wconf 56' lang='lat' dir='ltr'><strong>qui,</strong></span> <span class='ocrx_word' id='word_1_17' title='bbox 992 702 1103 767; x_wconf 79' lang='lat' dir='ltr'><strong>duona</strong></span> <span class='ocrx_word' id='word_1_18' title='bbox 1125 701 1203 780; x_wconf 87' lang='lat' dir='ltr'><strong>oris,</strong></span> <span class='ocrx_word' id='word_1_19' title='bbox 1225 702 1279 784; x_wconf 87' lang='lat' dir='ltr'><strong>qui</strong></span> <span class='ocrx_word' id='word_1_20' title='bbox 1300 701 1396 764; x_wconf 73' lang='lat' dir='ltr'><strong>viden</strong></span> 
     </span>
     <span class='ocr_line' id='line_1_4' title="bbox 272 803 1395 886; baseline -0.001 -18"><span class='ocrx_word' id='word_1_21' title='bbox 272 805 275 812; x_wconf 86' lang='lat'>&#39;</span> <span class='ocrx_word' id='word_1_22' title='bbox 337 803 368 868; x_wconf 93' lang='lat' dir='ltr'><strong>in</strong></span> <span class='ocrx_word' id='word_1_23' title='bbox 390 822 514 886; x_wconf 91' lang='lat' dir='ltr'><strong>quoque</strong></span> <span class='ocrx_word' id='word_1_24' title='bbox 535 803 596 868; x_wconf 79' lang='lat' dir='ltr'><strong>sit?</strong></span> <span class='ocrx_word' id='word_1_25' title='bbox 618 803 732 869; x_wconf 86' lang='lat' dir='ltr'>nihilne</span> <span class='ocrx_word' id='word_1_26' title='bbox 753 804 854 868; x_wconf 88' lang='lat' dir='ltr'><strong>estin</strong></span> <span class='ocrx_word' id='word_1_27' title='bbox 875 803 923 869; x_wconf 89' lang='lat' dir='ltr'><strong>his</strong></span> <span class='ocrx_word' id='word_1_28' title='bbox 946 804 1048 882; x_wconf 88' lang='lat' dir='ltr'><strong>rebus,</strong></span> <span class='ocrx_word' id='word_1_29' title='bbox 1070 805 1153 886; x_wconf 92' lang='lat' dir='ltr'><strong>quod</strong></span> <span class='ocrx_word' id='word_1_30' title='bbox 1165 803 1292 886; x_wconf 83' lang='lat' dir='ltr'><strong>dignum</strong></span> <span class='ocrx_word' id='word_1_31' title='bbox 1308 804 1395 868; x_wconf 87' lang='lat' dir='ltr'><strong>libero</strong></span> 
     </span>
     <span class='ocr_line' id='line_1_5' title="bbox 336 905 1394 988; baseline -0.001 -19"><span class='ocrx_word' id='word_1_32' title='bbox 336 911 391 969; x_wconf 88' lang='lat' dir='ltr'><strong>aut</strong></span> <span class='ocrx_word' id='word_1_33' title='bbox 416 905 575 988; x_wconf 82' lang='lat' dir='ltr'><strong>iudignum</strong></span> <span class='ocrx_word' id='word_1_34' title='bbox 602 923 672 972; x_wconf 82' lang='lat' dir='ltr'><strong>esse</strong></span> <span class='ocrx_word' id='word_1_35' title='bbox 698 907 868 971; x_wconf 80' lang='lat' dir='ltr'>ducamus?</span> <span class='ocrx_word' id='word_1_36' title='bbox 911 905 1022 970; x_wconf 86' lang='lat' dir='ltr'>Nonne</span> <span class='ocrx_word' id='word_1_37' title='bbox 1048 906 1119 970; x_wconf 92' lang='lat' dir='ltr'><strong>odio</strong></span> <span class='ocrx_word' id='word_1_38' title='bbox 1146 906 1260 972; x_wconf 88' lang='lat' dir='ltr'><strong>multos</strong></span> <span class='ocrx_word' id='word_1_39' title='bbox 1293 907 1394 988; x_wconf 81' lang='lat' dir='ltr'><strong>dignos</strong></span> 
     </span>
     <span class='ocr_line' id='line_1_6' title="bbox 299 1007 1394 1090; baseline -0.002 -16"><span class='ocrx_word' id='word_1_40' title='bbox 299 1012 319 1074; x_wconf 83' lang='lat'>5</span> <span class='ocrx_word' id='word_1_41' title='bbox 336 1016 492 1089; x_wconf 86' lang='lat' dir='ltr'><strong>putamus,</strong></span> <span class='ocrx_word' id='word_1_42' title='bbox 514 1008 568 1090; x_wconf 91' lang='lat' dir='ltr'><strong>qui</strong></span> <span class='ocrx_word' id='word_1_43' title='bbox 589 1009 724 1089; x_wconf 85' lang='lat' dir='ltr'><strong>q&#39;uodam</strong></span> <span class='ocrx_word' id='word_1_44' title='bbox 744 1013 831 1073; x_wconf 89' lang='lat' dir='ltr'><strong>motu</strong></span> <span class='ocrx_word' id='word_1_45' title='bbox 848 1013 902 1072; x_wconf 85' lang='lat' dir='ltr'><strong>aut</strong></span> <span class='ocrx_word' id='word_1_46' title='bbox 913 1016 998 1072; x_wconf 86' lang='lat' dir='ltr'><strong>statu</strong></span> <span class='ocrx_word' id='word_1_47' title='bbox 1009 1007 1154 1074; x_wconf 79' lang='lat' dir='ltr'><strong>videntur</strong></span> <span class='ocrx_word' id='word_1_48' title='bbox 1166 1017 1295 1074; x_wconf 89' lang='lat' dir='ltr'><strong>naturae</strong></span> <span class='ocrx_word' id='word_1_49' title='bbox 1306 1009 1394 1090; x_wconf 83' lang='lat' dir='ltr'><strong>legem</strong></span> 
     </span>
     <span class='ocr_line' id='line_1_7' title="bbox 336 1110 1395 1192; baseline 0 -18"><span class='ocrx_word' id='word_1_50' title='bbox 336 1118 368 1175; x_wconf 92' lang='lat' dir='ltr'><strong>et</strong></span> <span class='ocrx_word' id='word_1_51' title='bbox 388 1111 513 1174; x_wconf 93' lang='lat' dir='ltr'><strong>modum</strong></span> <span class='ocrx_word' id='word_1_52' title='bbox 535 1111 781 1191; x_wconf 69' lang='lat' dir='ltr'><strong>contempsisse?</strong></span> <span class='ocrx_word' id='word_1_53' title='bbox 824 1110 865 1174; x_wconf 87' lang='lat' dir='ltr'><strong>Et</strong></span> <span class='ocrx_word' id='word_1_54' title='bbox 886 1110 1030 1192; x_wconf 87' lang='lat' dir='ltr'><strong>quoniam</strong></span> <span class='ocrx_word' id='word_1_55' title='bbox 1052 1111 1129 1175; x_wconf 84' lang='lat' dir='ltr'><strong>haec</strong></span> <span class='ocrx_word' id='word_1_56' title='bbox 1149 1111 1343 1176; x_wconf 80' lang='lat' dir='ltr'><strong>deducuntiu</strong></span> <span class='ocrx_word' id='word_1_57' title='bbox 1361 1112 1395 1175; x_wconf 90' lang='lat' dir='ltr'><strong>de</strong></span> 
     </span>
     <span class='ocr_line' id='line_1_8' title="bbox 336 1211 1394 1294; baseline 0.002 -18"><span class='ocrx_word' id='word_1_58' title='bbox 336 1230 480 1294; x_wconf 83' lang='lat' dir='ltr'><strong>corpore,</strong></span> <span class='ocrx_word' id='word_1_59' title='bbox 513 1211 677 1294; x_wconf 88' lang='lat' dir='ltr'><strong>quidest,</strong></span> <span class='ocrx_word' id='word_1_60' title='bbox 710 1230 765 1277; x_wconf 88' lang='lat' dir='ltr'><strong>eur</strong></span> <span class='ocrx_word' id='word_1_61' title='bbox 792 1231 853 1277; x_wconf 93' lang='lat' dir='ltr'><strong>non</strong></span> <span class='ocrx_word' id='word_1_62' title='bbox 882 1219 966 1277; x_wconf 88' lang='lat' dir='ltr'><strong>recte</strong></span> <span class='ocrx_word' id='word_1_63' title='bbox 997 1211 1195 1294; x_wconf 69' lang='lat' dir='ltr'>pulchritudo</span> <span class='ocrx_word' id='word_1_64' title='bbox 1222 1213 1313 1278; x_wconf 91' lang='lat' dir='ltr'><strong>etiam</strong></span> <span class='ocrx_word' id='word_1_65' title='bbox 1333 1214 1394 1294; x_wconf 84' lang='lat' dir='ltr'><strong>ipsa</strong></span> 
     </span>
     <span class='ocr_line' id='line_1_9' title="bbox 335 1313 1393 1398; baseline 0 -18"><span class='ocrx_word' id='word_1_66' title='bbox 335 1321 466 1396; x_wconf 91' lang='lat' dir='ltr'><strong>propter</strong></span> <span class='ocrx_word' id='word_1_67' title='bbox 488 1332 523 1379; x_wconf 92' lang='lat' dir='ltr'><strong>se</strong></span> <span class='ocrx_word' id='word_1_68' title='bbox 544 1314 716 1396; x_wconf 87' lang='lat' dir='ltr'><strong>expetenda</strong></span> <span class='ocrx_word' id='word_1_69' title='bbox 737 1316 890 1379; x_wconf 81' lang='lat' dir='ltr'><strong>dueatur?</strong></span> <span class='ocrx_word' id='word_1_70' title='bbox 932 1313 1013 1378; x_wconf 89' lang='lat' dir='ltr'><strong>Nam</strong></span> <span class='ocrx_word' id='word_1_71' title='bbox 1040 1313 1067 1380; x_wconf 91' lang='lat' dir='ltr'><strong>si</strong></span> <span class='ocrx_word' id='word_1_72' title='bbox 1096 1315 1283 1398; x_wconf 83' lang='lat' dir='ltr'><strong>pravitatem</strong></span> <span class='ocrx_word' id='word_1_73' title='bbox 1303 1315 1393 1380; x_wconf 90' lang='lat' dir='ltr'><strong>immi·</strong></span> 
     </span>
     <span class='ocr_line' id='line_1_10' title="bbox 336 1414 1394 1499; baseline 0 -17"><span class='ocrx_word' id='word_1_74' title='bbox 336 1418 554 1498; x_wconf 83' lang='lat' dir='ltr'><strong>notionemque</strong></span> <span class='ocrx_word' id='word_1_75' title='bbox 580 1416 719 1496; x_wconf 83' lang='lat' dir='ltr'><strong>corporis</strong></span> <span class='ocrx_word' id='word_1_76' title='bbox 746 1425 875 1498; x_wconf 91' lang='lat' dir='ltr'><strong>propter</strong></span> <span class='ocrx_word' id='word_1_77' title='bbox 903 1435 937 1481; x_wconf 90' lang='lat' dir='ltr'><strong>se</strong></span> <span class='ocrx_word' id='word_1_78' title='bbox 958 1414 1134 1498; x_wconf 86' lang='lat' dir='ltr'><strong>lirgieudam</strong></span> <span class='ocrx_word' id='word_1_79' title='bbox 1156 1425 1315 1499; x_wconf 90' lang='lat' dir='ltr'><strong>putamus,</strong></span> <span class='ocrx_word' id='word_1_80' title='bbox 1346 1435 1394 1481; x_wconf 84' lang='lat' dir='ltr'><strong>nu</strong></span> 
     </span>
     <span class='ocr_line' id='line_1_11' title="bbox 278 1516 1392 1602; baseline -0.001 -17"><span class='ocrx_word' id='word_1_81' title='bbox 278 1523 319 1586; x_wconf 88' lang='lat'><strong>10</strong></span> <span class='ocrx_word' id='word_1_82' title='bbox 336 1538 397 1584; x_wconf 95' lang='lat' dir='ltr'><strong>non</strong></span> <span class='ocrx_word' id='word_1_83' title='bbox 419 1518 521 1596; x_wconf 88' lang='lat' dir='ltr'><strong>etiam,</strong></span> <span class='ocrx_word' id='word_1_84' title='bbox 542 1536 579 1582; x_wconf 89' lang='lat' dir='ltr'><strong>ae</strong></span> <span class='ocrx_word' id='word_1_85' title='bbox 600 1516 733 1583; x_wconf 86' lang='lat' dir='ltr'><strong>fortasse</strong></span> <span class='ocrx_word' id='word_1_86' title='bbox 754 1518 861 1600; x_wconf 80' lang='lat' dir='ltr'><strong>magis,</strong></span> <span class='ocrx_word' id='word_1_87' title='bbox 883 1525 1014 1600; x_wconf 89' lang='lat' dir='ltr'><strong>propter</strong></span> <span class='ocrx_word' id='word_1_88' title='bbox 1034 1537 1068 1584; x_wconf 89' lang='lat' dir='ltr'><strong>se</strong></span> <span class='ocrx_word' id='word_1_89' title='bbox 1089 1519 1207 1585; x_wconf 86' lang='lat' dir='ltr'><strong>formae</strong></span> <span class='ocrx_word' id='word_1_90' title='bbox 1221 1521 1392 1602; x_wconf 56' lang='lat' dir='ltr'><strong>dnmmten</strong></span> 
     </span>
     <span class='ocr_line' id='line_1_12' title="bbox 335 1619 1391 1702; baseline -0.003 -16"><span class='ocrx_word' id='word_1_91' title='bbox 335 1621 523 1702; x_wconf 80' lang='lat' dir='ltr'><strong>sequamur?</strong></span> <span class='ocrx_word' id='word_1_92' title='bbox 566 1619 660 1685; x_wconf 87' lang='lat' dir='ltr'><strong>Etsi</strong></span> <span class='ocrx_word' id='word_1_93' title='bbox 687 1620 909 1702; x_wconf 82' lang='lat' dir='ltr'><strong>turpitudinem</strong></span> <span class='ocrx_word' id='word_1_94' title='bbox 935 1619 1069 1702; x_wconf 76' lang='lat' dir='ltr'><strong>frigimus</strong></span> <span class='ocrx_word' id='word_1_95' title='bbox 1096 1622 1128 1686; x_wconf 90' lang='lat' dir='ltr'><strong>in</strong></span> <span class='ocrx_word' id='word_1_96' title='bbox 1155 1629 1239 1687; x_wconf 86' lang='lat' dir='ltr'><strong>statu</strong></span> <span class='ocrx_word' id='word_1_97' title='bbox 1266 1631 1297 1688; x_wconf 88' lang='lat' dir='ltr'><strong>et</strong></span> <span class='ocrx_word' id='word_1_98' title='bbox 1315 1631 1391 1686; x_wconf 88' lang='lat' dir='ltr'><strong>motu</strong></span> 
     </span>
     <span class='ocr_line' id='line_1_13' title="bbox 335 1723 1391 1805; baseline -0.004 -17"><span class='ocrx_word' id='word_1_99' title='bbox 335 1723 490 1805; x_wconf 87' lang='lat' dir='ltr'><strong>eorporis,</strong></span> <span class='ocrx_word' id='word_1_100' title='bbox 522 1723 687 1804; x_wconf 91' lang='lat' dir='ltr'><strong>quidest,</strong></span> <span class='ocrx_word' id='word_1_101' title='bbox 725 1741 781 1788; x_wconf 88' lang='lat' dir='ltr'><strong>eur</strong></span> <span class='ocrx_word' id='word_1_102' title='bbox 817 1723 1077 1805; x_wconf 84' lang='lat' dir='ltr'><strong>pulchritudinem</strong></span> <span class='ocrx_word' id='word_1_103' title='bbox 1115 1742 1177 1788; x_wconf 93' lang='lat' dir='ltr'><strong>non</strong></span> <span class='ocrx_word' id='word_1_104' title='bbox 1215 1731 1391 1805; x_wconf 72' lang='lat' dir='ltr'><strong>sequamur?</strong></span> 
     </span>
     <span class='ocr_line' id='line_1_14' title="bbox 335 1823 1390 1906; baseline -0.002 -16"><span class='ocrx_word' id='word_1_105' title='bbox 335 1823 439 1906; x_wconf 82' lang='lat' dir='ltr'><strong>Atque</strong></span> <span class='ocrx_word' id='word_1_106' title='bbox 471 1823 564 1889; x_wconf 86' lang='lat' dir='ltr'><strong>etiam</strong></span> <span class='ocrx_word' id='word_1_107' title='bbox 595 1823 813 1904; x_wconf 85' lang='lat' dir='ltr'><strong>valetudinem,</strong></span> <span class='ocrx_word' id='word_1_108' title='bbox 846 1825 942 1904; x_wconf 88' lang='lat' dir='ltr'><strong>vires,</strong></span> <span class='ocrx_word' id='word_1_109' title='bbox 975 1826 1160 1890; x_wconf 82' lang='lat' dir='ltr'><strong>vacuitatem</strong></span> <span class='ocrx_word' id='word_1_110' title='bbox 1192 1827 1307 1892; x_wconf 88' lang='lat' dir='ltr'><strong>doloris</strong></span> <span class='ocrx_word' id='word_1_111' title='bbox 1338 1843 1390 1890; x_wconf 94' lang='lat' dir='ltr'><strong>non</strong></span> 
     </span>
     <span class='ocr_line' id='line_1_15' title="bbox 334 1926 1389 2010; baseline 0 -20"><span class='ocrx_word' id='word_1_112' title='bbox 334 1933 465 2008; x_wconf 90' lang='lat' dir='ltr'><strong>propter</strong></span> <span class='ocrx_word' id='word_1_113' title='bbox 486 1926 650 1991; x_wconf 83' lang='lat' dir='ltr'><strong>utilitatem</strong></span> <span class='ocrx_word' id='word_1_114' title='bbox 672 1927 785 2004; x_wconf 89' lang='lat' dir='ltr'><strong>solum,</strong></span> <span class='ocrx_word' id='word_1_115' title='bbox 819 1928 874 1992; x_wconf 89' lang='lat' dir='ltr'><strong>sed</strong></span> <span class='ocrx_word' id='word_1_116' title='bbox 902 1927 995 1992; x_wconf 90' lang='lat' dir='ltr'><strong>etiam</strong></span> <span class='ocrx_word' id='word_1_117' title='bbox 1022 1927 1108 2008; x_wconf 87' lang='lat' dir='ltr'><strong>ipsas</strong></span> <span class='ocrx_word' id='word_1_118' title='bbox 1136 1935 1267 2010; x_wconf 88' lang='lat' dir='ltr'><strong>propter</strong></span> <span class='ocrx_word' id='word_1_119' title='bbox 1292 1948 1324 1992; x_wconf 88' lang='lat' dir='ltr'><strong>se</strong></span> <span class='ocrx_word' id='word_1_120' title='bbox 1343 1946 1389 1990; x_wconf 81' lang='lat' dir='ltr'><strong>ex·</strong></span> 
     </span>
     <span class='ocr_line' id='line_1_16' title="bbox 278 2027 1389 2113; baseline -0.002 -17"><span class='ocrx_word' id='word_1_121' title='bbox 278 2033 318 2096; x_wconf 81' lang='lat'><strong>15</strong></span> <span class='ocrx_word' id='word_1_122' title='bbox 334 2035 484 2110; x_wconf 89' lang='lat' dir='ltr'><strong>petemus.</strong></span> <span class='ocrx_word' id='word_1_123' title='bbox 519 2029 670 2106; x_wconf 83' lang='lat' dir='ltr'><strong>Quoniam</strong></span> <span class='ocrx_word' id='word_1_124' title='bbox 693 2027 773 2093; x_wconf 93' lang='lat' dir='ltr'><strong>enlm</strong></span> <span class='ocrx_word' id='word_1_125' title='bbox 795 2035 907 2094; x_wconf 89' lang='lat' dir='ltr'><strong>natura</strong></span> <span class='ocrx_word' id='word_1_126' title='bbox 933 2029 999 2094; x_wconf 90' lang='lat' dir='ltr'><strong>suis</strong></span> <span class='ocrx_word' id='word_1_127' title='bbox 1021 2029 1162 2094; x_wconf 91' lang='lat' dir='ltr'><strong>omuibus</strong></span> <span class='ocrx_word' id='word_1_128' title='bbox 1184 2031 1299 2113; x_wconf 84' lang='lat' dir='ltr'><strong>expleri</strong></span> <span class='ocrx_word' id='word_1_129' title='bbox 1325 2047 1389 2110; x_wconf 88' lang='lat' dir='ltr'><strong>par·</strong></span> 
     </span>
     <span class='ocr_line' id='line_1_17' title="bbox 335 2127 1388 2214; baseline -0.003 -19"><span class='ocrx_word' id='word_1_130' title='bbox 335 2130 417 2196; x_wconf 92' lang='lat' dir='ltr'><strong>tibus</strong></span> <span class='ocrx_word' id='word_1_131' title='bbox 438 2131 518 2208; x_wconf 76' lang='lat' dir='ltr'><strong>vui,</strong></span> <span class='ocrx_word' id='word_1_132' title='bbox 540 2127 622 2195; x_wconf 88' lang='lat' dir='ltr'><strong>huno</strong></span> <span class='ocrx_word' id='word_1_133' title='bbox 643 2138 758 2196; x_wconf 88' lang='lat' dir='ltr'><strong>statum</strong></span> <span class='ocrx_word' id='word_1_134' title='bbox 780 2132 920 2212; x_wconf 86' lang='lat' dir='ltr'><strong>eorporis</strong></span> <span class='ocrx_word' id='word_1_135' title='bbox 949 2149 1007 2213; x_wconf 91' lang='lat' dir='ltr'><strong>per</strong></span> <span class='ocrx_word' id='word_1_136' title='bbox 1023 2150 1057 2196; x_wconf 87' lang='lat' dir='ltr'><strong>se</strong></span> <span class='ocrx_word' id='word_1_137' title='bbox 1078 2132 1181 2214; x_wconf 91' lang='lat' dir='ltr'><strong>ipsum</strong></span> <span class='ocrx_word' id='word_1_138' title='bbox 1199 2135 1324 2214; x_wconf 80' lang='lat' dir='ltr'><strong>expetit,</strong></span> <span class='ocrx_word' id='word_1_139' title='bbox 1344 2129 1388 2212; x_wconf 90' lang='lat' dir='ltr'><strong>qui</strong></span> 
     </span>
    </p>
   </div>
   <div class='ocr_carea' id='block_1_3' title="bbox 406 2368 1387 2434">
    <p class='ocr_par' dir='ltr' id='par_1_3' title="bbox 406 2368 1387 2434">
     <span class='ocr_line' id='line_1_18' title="bbox 406 2368 1387 2434; baseline 0.002 -19"><span class='ocrx_word' id='word_1_140' title='bbox 406 2373 427 2417; x_wconf 91' lang='grc'><strong>1.</strong></span> <span class='ocrx_word' id='word_1_141' title='bbox 446 2368 560 2432; x_wconf 76' lang='lat' dir='ltr'><strong>qnirpro</strong></span> <span class='ocrx_word' id='word_1_142' title='bbox 579 2368 691 2433; x_wconf 67' lang='lat' dir='ltr'><strong>quodid</strong></span> <span class='ocrx_word' id='word_1_143' title='bbox 731 2369 886 2419; x_wconf 75' lang='lat' dir='ltr'><strong>maomL</strong></span> <span class='ocrx_word' id='word_1_144' title='bbox 938 2371 1122 2420; x_wconf 56' lang='lat' dir='ltr'><strong>&amp;atomis</strong></span> <span class='ocrx_word' id='word_1_145' title='bbox 1158 2371 1228 2420; x_wconf 79' lang='lat' dir='ltr'><strong>iirll</strong></span> <span class='ocrx_word' id='word_1_146' title='bbox 1278 2369 1387 2434; x_wconf 63' lang='lat' dir='ltr'><strong>edam</strong></span> 
     </span>
    </p>
   </div>
   <div class='ocr_carea' id='block_1_4' title="bbox 223 2435 1386 2579">
    <p class='ocr_par' dir='ltr' id='par_1_4' title="bbox 223 2435 1386 2579">
     <span class='ocr_line' id='line_1_19' title="bbox 335 2435 1386 2505; baseline -0.003 -19"><span class='ocrx_word' id='word_1_147' title='bbox 335 2435 417 2486; x_wconf 72' lang='lat' dir='ltr'><strong>multoe</strong></span> <span class='ocrx_word' id='word_1_148' title='bbox 435 2437 567 2498; x_wconf 64' lang='lat' dir='ltr'><strong>(Picum.</strong></span> <span class='ocrx_word' id='word_1_149' title='bbox 624 2443 661 2486; x_wconf 81' lang='lat' dir='ltr'><strong>to.</strong></span> <span class='ocrx_word' id='word_1_150' title='bbox 680 2454 725 2486; x_wconf 78' lang='lat' dir='ltr'><strong>nori</strong></span> <span class='ocrx_word' id='word_1_151' title='bbox 743 2437 791 2486; x_wconf 68' lang='lat' dir='ltr'><strong>inm</strong></span> <span class='ocrx_word' id='word_1_152' title='bbox 809 2447 831 2486; x_wconf 82' lang='lat' dir='ltr'><strong>et</strong></span> <span class='ocrx_word' id='word_1_153' title='bbox 847 2437 1069 2504; x_wconf 30' lang='lat' dir='ltr'><strong>lancUsor-tarress</strong></span> <span class='ocrx_word' id='word_1_154' title='bbox 1125 2444 1162 2488; x_wconf 91' lang='lat' dir='ltr'><strong>ll.</strong></span> <span class='ocrx_word' id='word_1_155' title='bbox 1172 2441 1295 2505; x_wconf 60' lang='lat' dir='ltr'><strong>strymona</strong></span> <span class='ocrx_word' id='word_1_156' title='bbox 1312 2451 1386 2488; x_wconf 82' lang='lat' dir='ltr'><strong>omues</strong></span> 
     </span>
     <span class='ocr_line' id='line_1_20' title="bbox 223 2505 809 2579; baseline 0.007 -27"><span class='ocrx_word' id='word_1_157' title='bbox 223 2566 226 2579; x_wconf 42' lang='grc' dir='ltr'>Ι</span> <span class='ocrx_word' id='word_1_158' title='bbox 339 2505 569 2558; x_wconf 71' lang='grc' dir='ltr'>13.αιὀηιοῐη.()</span> <span class='ocrx_word' id='word_1_159' title='bbox 610 2511 637 2554; x_wconf 84' lang='grc'><strong>14</strong></span> <span class='ocrx_word' id='word_1_160' title='bbox 663 2505 707 2556; x_wconf 81' lang='lat' dir='ltr'><strong>red</strong></span> <span class='ocrx_word' id='word_1_161' title='bbox 723 2507 809 2556; x_wconf 77' lang='lat' dir='ltr'><strong>omli</strong></span> 
     </span>
    </p>
   </div>
   <div class='ocr_carea' id='block_1_5' title="bbox 332 2747 1386 4364">
    <p class='ocr_par' dir='ltr' id='par_1_5' title="bbox 333 2747 1386 3424">
     <span class='ocr_line' id='line_1_21' title="bbox 334 2747 1385 2825; baseline -0.001 -22"><span class='ocrx_word' id='word_1_162' title='bbox 334 2747 363 2803; x_wconf 92' lang='lat' dir='ltr'><strong>in</strong></span> <span class='ocrx_word' id='word_1_163' title='bbox 387 2747 455 2804; x_wconf 80' lang='lat' dir='ltr'><strong>edit</strong></span> <span class='ocrx_word' id='word_1_164' title='bbox 478 2767 503 2804; x_wconf 84' lang='lat' dir='ltr'><strong>a.</strong></span> <span class='ocrx_word' id='word_1_165' title='bbox 531 2749 619 2806; x_wconf 82' lang='lat'>1480.</span> <span class='ocrx_word' id='word_1_166' title='bbox 669 2748 785 2805; x_wconf 86' lang='lat' dir='ltr'><strong>Deinde</strong></span> <span class='ocrx_word' id='word_1_167' title='bbox 807 2749 873 2804; x_wconf 72' lang='lat' dir='ltr'><strong>nihil</strong></span> <span class='ocrx_word' id='word_1_168' title='bbox 894 2751 960 2805; x_wconf 81' lang='lat' dir='ltr'><strong>inest</strong></span> <span class='ocrx_word' id='word_1_169' title='bbox 981 2747 1042 2805; x_wconf 88' lang='lat' dir='ltr'><strong>Erl.</strong></span> <span class='ocrx_word' id='word_1_170' title='bbox 1067 2758 1095 2804; x_wconf 89' lang='lat' dir='ltr'><strong>et</strong></span> <span class='ocrx_word' id='word_1_171' title='bbox 1121 2747 1209 2824; x_wconf 73' lang='lat' dir='ltr'><strong>Spin,</strong></span> <span class='ocrx_word' id='word_1_172' title='bbox 1232 2769 1287 2825; x_wconf 87' lang='lat' dir='ltr'><strong>mg.</strong></span> <span class='ocrx_word' id='word_1_173' title='bbox 1308 2747 1385 2806; x_wconf 86' lang='lat' dir='ltr'><strong>Crat..</strong></span> 
     </span>
     <span class='ocr_line' id='line_1_22' title="bbox 334 2831 1385 2910; baseline -0.003 -21"><span class='ocrx_word' id='word_1_174' title='bbox 334 2832 398 2889; x_wconf 89' lang='lat' dir='ltr'><strong>eod.</strong></span> <span class='ocrx_word' id='word_1_175' title='bbox 421 2833 506 2905; x_wconf 77' lang='lat' dir='ltr'><strong>Mor,</strong></span> <span class='ocrx_word' id='word_1_176' title='bbox 528 2833 605 2891; x_wconf 89' lang='lat' dir='ltr'><strong>Pall.</strong></span> <span class='ocrx_word' id='word_1_177' title='bbox 625 2835 652 2906; x_wconf 80' lang='grc'><strong>2,</strong></span> <span class='ocrx_word' id='word_1_178' title='bbox 676 2834 704 2904; x_wconf 85' lang='grc'><strong>3,</strong></span> <span class='ocrx_word' id='word_1_179' title='bbox 729 2835 757 2904; x_wconf 86' lang='grc'><strong>5,</strong></span> <span class='ocrx_word' id='word_1_180' title='bbox 777 2835 810 2904; x_wconf 86' lang='grc'><strong>6,</strong></span> <span class='ocrx_word' id='word_1_181' title='bbox 844 2833 976 2909; x_wconf 86' lang='lat' dir='ltr'><strong>plerique</strong></span> <span class='ocrx_word' id='word_1_182' title='bbox 999 2833 1090 2906; x_wconf 60' lang='lat' dir='ltr'><strong>Dav„</strong></span> <span class='ocrx_word' id='word_1_183' title='bbox 1113 2846 1172 2910; x_wconf 82' lang='grc' dir='ltr'><strong>χψ,</strong></span> <span class='ocrx_word' id='word_1_184' title='bbox 1202 2847 1331 2908; x_wconf 85' lang='lat' dir='ltr'><strong>reeteque</strong></span> <span class='ocrx_word' id='word_1_185' title='bbox 1349 2831 1385 2888; x_wconf 87' lang='lat' dir='ltr'><strong>sio</strong></span> 
     </span>
     <span class='ocr_line' id='line_1_23' title="bbox 334 2911 1383 2996; baseline 0 -20"><span class='ocrx_word' id='word_1_186' title='bbox 334 2919 423 2980; x_wconf 79' lang='lat' dir='ltr'><strong>Man..</strong></span> <span class='ocrx_word' id='word_1_187' title='bbox 436 2919 548 2990; x_wconf 83' lang='lat' dir='ltr'><strong>Lemb,</strong></span> <span class='ocrx_word' id='word_1_188' title='bbox 561 2917 668 2988; x_wconf 61' lang='lat' dir='ltr'><strong>Gaium</strong></span> <span class='ocrx_word' id='word_1_189' title='bbox 692 2919 781 2976; x_wconf 82' lang='lat' dir='ltr'><strong>ceteri</strong></span> <span class='ocrx_word' id='word_1_190' title='bbox 794 2919 876 2976; x_wconf 86' lang='lat' dir='ltr'><strong>codd.</strong></span> <span class='ocrx_word' id='word_1_191' title='bbox 888 2917 967 2996; x_wconf 88' lang='lat' dir='ltr'><strong>(Pal.</strong></span> <span class='ocrx_word' id='word_1_192' title='bbox 981 2922 1009 2989; x_wconf 82' lang='lat'><strong>4,</strong></span> <span class='ocrx_word' id='word_1_193' title='bbox 1024 2919 1108 2976; x_wconf 89' lang='lat' dir='ltr'><strong>Parr.</strong></span> <span class='ocrx_word' id='word_1_194' title='bbox 1123 2921 1149 2990; x_wconf 91' lang='grc'><strong>1,</strong></span> <span class='ocrx_word' id='word_1_195' title='bbox 1164 2920 1193 2990; x_wconf 87' lang='grc'><strong>3,</strong></span> <span class='ocrx_word' id='word_1_196' title='bbox 1218 2919 1324 2990; x_wconf 86' lang='lat' dir='ltr'><strong>Mead,</strong></span> <span class='ocrx_word' id='word_1_197' title='bbox 1340 2911 1383 2984; x_wconf 73' lang='lat' dir='ltr'><strong>Ut,</strong></span> 
     </span>
     <span class='ocr_line' id='line_1_24' title="bbox 334 3001 1384 3078; baseline -0.004 -18"><span class='ocrx_word' id='word_1_198' title='bbox 334 3011 394 3060; x_wconf 82' lang='lat' dir='ltr'><strong>tres</strong></span> <span class='ocrx_word' id='word_1_199' title='bbox 416 3001 499 3078; x_wconf 85' lang='lat' dir='ltr'><strong>Gzii)</strong></span> <span class='ocrx_word' id='word_1_200' title='bbox 521 3005 589 3062; x_wconf 70' lang='lat' dir='ltr'><strong>nihil</strong></span> <span class='ocrx_word' id='word_1_201' title='bbox 608 3025 658 3060; x_wconf 86' lang='lat' dir='ltr'><strong>non</strong></span> <span class='ocrx_word' id='word_1_202' title='bbox 681 3015 735 3066; x_wconf 75' lang='lat' dir='ltr'><strong>est.</strong></span> <span class='ocrx_word' id='word_1_203' title='bbox 763 3013 796 3060; x_wconf 91' lang='lat' dir='ltr'><strong>ut</strong></span> <span class='ocrx_word' id='word_1_204' title='bbox 819 3005 910 3060; x_wconf 88' lang='lat' dir='ltr'><strong>edidit</strong></span> <span class='ocrx_word' id='word_1_205' title='bbox 933 3004 1097 3075; x_wconf 81' lang='lat' dir='ltr'><strong>Victorius3</strong></span> <span class='ocrx_word' id='word_1_206' title='bbox 1120 3005 1146 3062; x_wconf 85' lang='lat' dir='ltr'><strong>E</strong></span> <span class='ocrx_word' id='word_1_207' title='bbox 1168 3007 1236 3062; x_wconf 73' lang='lat' dir='ltr'><strong>nildl</strong></span> <span class='ocrx_word' id='word_1_208' title='bbox 1253 3026 1301 3062; x_wconf 87' lang='lat' dir='ltr'><strong>non</strong></span> <span class='ocrx_word' id='word_1_209' title='bbox 1318 3007 1384 3064; x_wconf 75' lang='lat' dir='ltr'><strong>irent:</strong></span> 
     </span>
     <span class='ocr_line' id='line_1_25' title="bbox 334 3085 1386 3169; baseline -0.004 -23"><span class='ocrx_word' id='word_1_210' title='bbox 334 3087 375 3166; x_wconf 90' lang='lat' dir='ltr'><strong>[B</strong></span> <span class='ocrx_word' id='word_1_211' title='bbox 396 3090 478 3146; x_wconf 77' lang='lat' dir='ltr'><strong>nichil</strong></span> <span class='ocrx_word' id='word_1_212' title='bbox 493 3091 602 3148; x_wconf 86' lang='lat' dir='ltr'><strong>omisso</strong></span> <span class='ocrx_word' id='word_1_213' title='bbox 624 3085 738 3169; x_wconf 67' lang='lat' dir='ltr'><strong>verbo}</strong></span> <span class='ocrx_word' id='word_1_214' title='bbox 779 3089 932 3148; x_wconf 86' lang='lat' dir='ltr'><strong>Editiones</strong></span> <span class='ocrx_word' id='word_1_215' title='bbox 954 3088 1016 3147; x_wconf 83' lang='lat' dir='ltr'><strong>iere</strong></span> <span class='ocrx_word' id='word_1_216' title='bbox 1039 3091 1136 3151; x_wconf 74' lang='lat' dir='ltr'><strong>nihilne</strong></span> <span class='ocrx_word' id='word_1_217' title='bbox 1157 3101 1204 3148; x_wconf 78' lang='lat' dir='ltr'><strong>eal.</strong></span> <span class='ocrx_word' id='word_1_218' title='bbox 1244 3093 1315 3149; x_wconf 82' lang='lat' dir='ltr'><strong>Post</strong></span> <span class='ocrx_word' id='word_1_219' title='bbox 1331 3087 1386 3163; x_wconf 79' lang='lat' dir='ltr'><strong>qin&#39;d</strong></span> 
     </span>
     <span class='ocr_line' id='line_1_26' title="bbox 333 3175 1385 3251; baseline 0.001 -19"><span class='ocrx_word' id='word_1_220' title='bbox 333 3183 413 3232; x_wconf 89' lang='lat' dir='ltr'><strong>reeta</strong></span> <span class='ocrx_word' id='word_1_221' title='bbox 435 3175 568 3250; x_wconf 84' lang='lat' dir='ltr'><strong>sequitur</strong></span> <span class='ocrx_word' id='word_1_222' title='bbox 589 3175 620 3231; x_wconf 90' lang='lat' dir='ltr'><strong>in</strong></span> <span class='ocrx_word' id='word_1_223' title='bbox 642 3175 851 3251; x_wconf 84' lang='lat' dir='ltr'><strong>interrogando</strong></span> <span class='ocrx_word' id='word_1_224' title='bbox 874 3176 947 3246; x_wconf 74' lang='lat' dir='ltr'><strong>niihil,</strong></span> <span class='ocrx_word' id='word_1_225' title='bbox 970 3184 1105 3250; x_wconf 83' lang='lat' dir='ltr'><strong>utsupra</strong></span> <span class='ocrx_word' id='word_1_226' title='bbox 1117 3179 1131 3246; x_wconf 67' lang='grc' dir='ltr'><strong>ξ</strong></span> <span class='ocrx_word' id='word_1_227' title='bbox 1145 3177 1184 3233; x_wconf 83' lang='grc'><strong>40</strong></span> <span class='ocrx_word' id='word_1_228' title='bbox 1208 3185 1239 3234; x_wconf 87' lang='lat' dir='ltr'><strong>et</strong></span> <span class='ocrx_word' id='word_1_229' title='bbox 1250 3175 1317 3234; x_wconf 87' lang='lat' dir='ltr'><strong>alibi</strong></span> <span class='ocrx_word' id='word_1_230' title='bbox 1332 3190 1385 3233; x_wconf 78' lang='lat' dir='ltr'><strong>nou:</strong></span> 
     </span>
     <span class='ocr_line' id='line_1_27' title="bbox 334 3259 1385 3336; baseline -0.003 -19"><span class='ocrx_word' id='word_1_231' title='bbox 334 3259 438 3317; x_wconf 86' lang='lat' dir='ltr'><strong>deinde</strong></span> <span class='ocrx_word' id='word_1_232' title='bbox 460 3279 478 3316; x_wconf 92' lang='lat' dir='ltr'><strong>a</strong></span> <span class='ocrx_word' id='word_1_233' title='bbox 499 3279 577 3318; x_wconf 89' lang='lat' dir='ltr'><strong>novo</strong></span> <span class='ocrx_word' id='word_1_234' title='bbox 599 3260 683 3318; x_wconf 88' lang='lat' dir='ltr'><strong>initio</strong></span> <span class='ocrx_word' id='word_1_235' title='bbox 705 3260 777 3318; x_wconf 91' lang='lat' dir='ltr'><strong>Piso</strong></span> <span class='ocrx_word' id='word_1_236' title='bbox 799 3261 974 3336; x_wconf 77' lang='lat' dir='ltr'><strong>interrogat:</strong></span> <span class='ocrx_word' id='word_1_237' title='bbox 997 3261 1095 3318; x_wconf 79' lang='lat' dir='ltr'><strong>riililrre</strong></span> <span class='ocrx_word' id='word_1_238' title='bbox 1110 3273 1149 3318; x_wconf 83' lang='lat' dir='ltr'><strong>est</strong></span> <span class='ocrx_word' id='word_1_239' title='bbox 1165 3265 1192 3318; x_wconf 78' lang='lat' dir='ltr'><strong>in</strong></span> <span class='ocrx_word' id='word_1_240' title='bbox 1205 3263 1247 3319; x_wconf 67' lang='lat' dir='ltr'><strong>liis</strong></span> <span class='ocrx_word' id='word_1_241' title='bbox 1259 3263 1385 3318; x_wconf 69' lang='lat' dir='ltr'><strong>udisset</strong></span> 
     </span>
     <span class='ocr_line' id='line_1_28' title="bbox 333 3343 1352 3424; baseline -0.001 -21"><span class='ocrx_word' id='word_1_242' title='bbox 333 3345 411 3403; x_wconf 85' lang='lat' dir='ltr'><strong>Tum</strong></span> <span class='ocrx_word' id='word_1_243' title='bbox 433 3349 529 3403; x_wconf 84' lang='lat' dir='ltr'><strong>multos</strong></span> <span class='ocrx_word' id='word_1_244' title='bbox 550 3347 645 3420; x_wconf 77' lang='lat' dir='ltr'><strong>dipnos</strong></span> <span class='ocrx_word' id='word_1_245' title='bbox 667 3364 768 3404; x_wconf 89' lang='lat' dir='ltr'><strong>omnes</strong></span> <span class='ocrx_word' id='word_1_246' title='bbox 791 3345 859 3405; x_wconf 87' lang='lat' dir='ltr'><strong>Gzii</strong></span> <span class='ocrx_word' id='word_1_247' title='bbox 881 3346 996 3404; x_wconf 80' lang='lat' dir='ltr'><strong>codices</strong></span> <span class='ocrx_word' id='word_1_248' title='bbox 1019 3343 1090 3424; x_wconf 80' lang='lat' dir='ltr'>[B];</span> <span class='ocrx_word' id='word_1_249' title='bbox 1113 3347 1177 3403; x_wconf 91' lang='lat' dir='ltr'><strong>edd.</strong></span> <span class='ocrx_word' id='word_1_250' title='bbox 1201 3348 1352 3404; x_wconf 86' lang='lat' dir='ltr'><strong>invertunt</strong></span> 
     </span>
    </p>

    <p class='ocr_par' dir='ltr' id='par_1_6' title="bbox 333 3427 1386 3849">
     <span class='ocr_line' id='line_1_29' title="bbox 419 3427 1385 3512; baseline -0.003 -24"><span class='ocrx_word' id='word_1_251' title='bbox 419 3432 483 3488; x_wconf 77' lang='lat' dir='ltr'><strong>lineo</strong></span> <span class='ocrx_word' id='word_1_252' title='bbox 504 3433 672 3488; x_wconf 76' lang='lat' dir='ltr'><strong>deducuntur</strong></span> <span class='ocrx_word' id='word_1_253' title='bbox 694 3433 727 3488; x_wconf 79' lang='lat' dir='ltr'><strong>de</strong></span> <span class='ocrx_word' id='word_1_254' title='bbox 748 3427 872 3512; x_wconf 75' lang='lat' dir='ltr'><strong>corpore)</strong></span> <span class='ocrx_word' id='word_1_255' title='bbox 896 3431 952 3488; x_wconf 90' lang='lat' dir='ltr'><strong>hoo</strong></span> <span class='ocrx_word' id='word_1_256' title='bbox 973 3441 1027 3502; x_wconf 84' lang='lat' dir='ltr'><strong>est,</strong></span> <span class='ocrx_word' id='word_1_257' title='bbox 1051 3441 1084 3490; x_wconf 89' lang='lat' dir='ltr'><strong>ut</strong></span> <span class='ocrx_word' id='word_1_258' title='bbox 1105 3433 1260 3490; x_wconf 81' lang='lat' dir='ltr'><strong>Ernestius</strong></span> <span class='ocrx_word' id='word_1_259' title='bbox 1277 3439 1385 3490; x_wconf 83' lang='lat' dir='ltr'><strong>enarrat</strong></span> 
     </span>
     <span class='ocr_line' id='line_1_30' title="bbox 333 3515 1386 3592; baseline -0.002 -20"><span class='ocrx_word' id='word_1_260' title='bbox 333 3515 466 3574; x_wconf 85' lang='lat' dir='ltr'><strong>homines</strong></span> <span class='ocrx_word' id='word_1_261' title='bbox 493 3517 565 3573; x_wconf 88' lang='lat' dir='ltr'><strong>haec</strong></span> <span class='ocrx_word' id='word_1_262' title='bbox 598 3517 634 3574; x_wconf 91' lang='lat' dir='ltr'><strong>de</strong></span> <span class='ocrx_word' id='word_1_263' title='bbox 661 3535 784 3592; x_wconf 85' lang='lat' dir='ltr'><strong>corpore</strong></span> <span class='ocrx_word' id='word_1_264' title='bbox 811 3535 961 3574; x_wconf 86' lang='lat' dir='ltr'><strong>removere</strong></span> <span class='ocrx_word' id='word_1_265' title='bbox 990 3517 1122 3587; x_wconf 75' lang='lat' dir='ltr'><strong>student,</strong></span> <span class='ocrx_word' id='word_1_266' title='bbox 1157 3516 1386 3592; x_wconf 83' lang='lat' dir='ltr'><strong>quemadmodum</strong></span> 
     </span>
     <span class='ocr_line' id='line_1_31' title="bbox 334 3601 1386 3678; baseline -0.001 -21"><span class='ocrx_word' id='word_1_267' title='bbox 334 3601 476 3658; x_wconf 86' lang='lat' dir='ltr'><strong>Horatius</strong></span> <span class='ocrx_word' id='word_1_268' title='bbox 497 3603 591 3675; x_wconf 73' lang='lat' dir='ltr'><strong>seliros</strong></span> <span class='ocrx_word' id='word_1_269' title='bbox 612 3612 719 3676; x_wconf 75' lang='lat' dir='ltr'><strong>aeqrolo</strong></span> <span class='ocrx_word' id='word_1_270' title='bbox 740 3621 850 3678; x_wconf 78' lang='lat' dir='ltr'><strong>corpore</strong></span> <span class='ocrx_word' id='word_1_271' title='bbox 876 3605 1005 3659; x_wconf 75' lang='lat' dir='ltr'><strong>deduem</strong></span> <span class='ocrx_word' id='word_1_272' title='bbox 1027 3603 1111 3660; x_wconf 85' lang='lat' dir='ltr'><strong>dixit.</strong></span> <span class='ocrx_word' id='word_1_273' title='bbox 1161 3603 1234 3660; x_wconf 83' lang='lat' dir='ltr'><strong>Mox</strong></span> <span class='ocrx_word' id='word_1_274' title='bbox 1257 3603 1344 3663; x_wconf 78' lang='lat' dir='ltr'><strong>Gaius</strong></span> <span class='ocrx_word' id='word_1_275' title='bbox 1363 3601 1386 3656; x_wconf 91' lang='lat' dir='ltr'><strong>iu</strong></span> 
     </span>
     <span class='ocr_line' id='line_1_32' title="bbox 333 3685 1386 3767; baseline -0.001 -26"><span class='ocrx_word' id='word_1_276' title='bbox 333 3685 395 3742; x_wconf 85' lang='lat' dir='ltr'><strong>Erl.</strong></span> <span class='ocrx_word' id='word_1_277' title='bbox 418 3695 447 3743; x_wconf 89' lang='lat' dir='ltr'><strong>et</strong></span> <span class='ocrx_word' id='word_1_278' title='bbox 469 3685 547 3762; x_wconf 89' lang='lat' dir='ltr'><strong>Spir.</strong></span> <span class='ocrx_word' id='word_1_279' title='bbox 569 3688 612 3744; x_wconf 88' lang='lat' dir='ltr'><strong>ait</strong></span> <span class='ocrx_word' id='word_1_280' title='bbox 633 3706 697 3745; x_wconf 86' lang='lat' dir='ltr'><strong>esse</strong></span> <span class='ocrx_word' id='word_1_281' title='bbox 713 3689 846 3761; x_wconf 78' lang='lat' dir='ltr'><strong>sopiendo</strong></span> <span class='ocrx_word' id='word_1_282' title='bbox 865 3699 1002 3763; x_wconf 79' lang='lat' dir='ltr'><strong>putamus,</strong></span> <span class='ocrx_word' id='word_1_283' title='bbox 1026 3707 1128 3745; x_wconf 86' lang='lat' dir='ltr'><strong>errans</strong></span> <span class='ocrx_word' id='word_1_284' title='bbox 1151 3689 1186 3745; x_wconf 90' lang='lat' dir='ltr'><strong>de</strong></span> <span class='ocrx_word' id='word_1_285' title='bbox 1199 3689 1260 3746; x_wconf 77' lang='lat' dir='ltr'><strong>Eri</strong></span> <span class='ocrx_word' id='word_1_286' title='bbox 1289 3687 1386 3767; x_wconf 83' lang='lat' dir='ltr'><strong>[Etiam</strong></span> 
     </span>
     <span class='ocr_line' id='line_1_33' title="bbox 333 3769 550 3849; baseline -0.005 -20"><span class='ocrx_word' id='word_1_287' title='bbox 333 3771 360 3829; x_wconf 91' lang='lat' dir='ltr'>B</span> <span class='ocrx_word' id='word_1_288' title='bbox 381 3781 415 3828; x_wconf 90' lang='lat' dir='ltr'><strong>ut</strong></span> <span class='ocrx_word' id='word_1_289' title='bbox 436 3769 550 3849; x_wconf 82' lang='lat' dir='ltr'><strong>ceteri]</strong></span> 
     </span>
    </p>

    <p class='ocr_par' dir='ltr' id='par_1_7' title="bbox 332 3855 1385 4364">
     <span class='ocr_line' id='line_1_34' title="bbox 419 3855 1385 3934; baseline -0.002 -20"><span class='ocrx_word' id='word_1_290' title='bbox 419 3860 445 3914; x_wconf 82' lang='lat' dir='ltr'><strong>si</strong></span> <span class='ocrx_word' id='word_1_291' title='bbox 465 3859 655 3934; x_wconf 63' lang='lat' dir='ltr'><strong>turpitudinem</strong></span> <span class='ocrx_word' id='word_1_292' title='bbox 670 3855 809 3934; x_wconf 76' lang='lat' dir='ltr'><strong>sapimus)</strong></span> <span class='ocrx_word' id='word_1_293' title='bbox 833 3856 882 3917; x_wconf 81' lang='lat' dir='ltr'><strong>sic</strong></span> <span class='ocrx_word' id='word_1_294' title='bbox 894 3857 1055 3915; x_wconf 87' lang='lat' dir='ltr'><strong>Lambinus</strong></span> <span class='ocrx_word' id='word_1_295' title='bbox 1078 3877 1094 3914; x_wconf 91' lang='lat' dir='ltr'><strong>e</strong></span> <span class='ocrx_word' id='word_1_296' title='bbox 1117 3859 1244 3916; x_wconf 88' lang='lat' dir='ltr'><strong>Manutii</strong></span> <span class='ocrx_word' id='word_1_297' title='bbox 1266 3856 1385 3916; x_wconf 85' lang='lat' dir='ltr'><strong>emenda-</strong></span> 
     </span>
     <span class='ocr_line' id='line_1_35' title="bbox 332 3941 1384 4018; baseline -0.005 -18"><span class='ocrx_word' id='word_1_298' title='bbox 332 3941 421 4014; x_wconf 90' lang='lat' dir='ltr'><strong>tione,</strong></span> <span class='ocrx_word' id='word_1_299' title='bbox 434 3943 596 4014; x_wconf 86' lang='lat' dir='ltr'><strong>Ernestius,</strong></span> <span class='ocrx_word' id='word_1_300' title='bbox 610 3942 791 4014; x_wconf 84' lang='lat' dir='ltr'><strong>Schuetzius,</strong></span> <span class='ocrx_word' id='word_1_301' title='bbox 804 3943 947 4013; x_wconf 82' lang='lat' dir='ltr'><strong>Orellins3</strong></span> <span class='ocrx_word' id='word_1_302' title='bbox 970 3943 1052 4000; x_wconf 85' lang='lat' dir='ltr'><strong>eodd.</strong></span> <span class='ocrx_word' id='word_1_303' title='bbox 1069 3946 1221 4017; x_wconf 73' lang='lat' dir='ltr'><strong>sirpiomos,</strong></span> <span class='ocrx_word' id='word_1_304' title='bbox 1243 3943 1318 4018; x_wconf 89' lang='lat' dir='ltr'><strong>quod</strong></span> <span class='ocrx_word' id='word_1_305' title='bbox 1338 3957 1384 3998; x_wconf 88' lang='lat' dir='ltr'><strong>non</strong></span> 
     </span>
     <span class='ocr_line' id='line_1_36' title="bbox 332 4027 1382 4105; baseline 0 -21"><span class='ocrx_word' id='word_1_306' title='bbox 332 4028 427 4086; x_wconf 91' lang='lat' dir='ltr'><strong>solnm</strong></span> <span class='ocrx_word' id='word_1_307' title='bbox 443 4027 510 4085; x_wconf 90' lang='lat' dir='ltr'><strong>ideo</strong></span> <span class='ocrx_word' id='word_1_308' title='bbox 532 4027 604 4086; x_wconf 87' lang='lat' dir='ltr'><strong>ferri</strong></span> <span class='ocrx_word' id='word_1_309' title='bbox 615 4047 673 4085; x_wconf 90' lang='lat' dir='ltr'><strong>non</strong></span> <span class='ocrx_word' id='word_1_310' title='bbox 685 4036 790 4104; x_wconf 83' lang='lat' dir='ltr'><strong>potest,</strong></span> <span class='ocrx_word' id='word_1_311' title='bbox 814 4029 892 4103; x_wconf 92' lang='lat' dir='ltr'><strong>quod</strong></span> <span class='ocrx_word' id='word_1_312' title='bbox 903 4029 958 4085; x_wconf 87' lang='lat' dir='ltr'><strong>hoe</strong></span> <span class='ocrx_word' id='word_1_313' title='bbox 969 4029 1128 4104; x_wconf 87' lang='lat' dir='ltr'><strong>respondet</strong></span> <span class='ocrx_word' id='word_1_314' title='bbox 1139 4029 1296 4105; x_wconf 88' lang='lat' dir='ltr'><strong>superiori:</strong></span> <span class='ocrx_word' id='word_1_315' title='bbox 1317 4031 1339 4084; x_wconf 80' lang='lat' dir='ltr'><strong>oi</strong></span> <span class='ocrx_word' id='word_1_316' title='bbox 1351 4057 1382 4068; x_wconf 54' lang='grc' dir='ltr'>ν</span> 
     </span>
     <span class='ocr_line' id='line_1_37' title="bbox 333 4113 1383 4191; baseline -0.001 -23"><span class='ocrx_word' id='word_1_317' title='bbox 333 4115 632 4189; x_wconf 70' lang='lat' dir='ltr'><strong>iuqimdampummuo,</strong></span> <span class='ocrx_word' id='word_1_318' title='bbox 654 4113 707 4171; x_wconf 90' lang='lat' dir='ltr'><strong>sed</strong></span> <span class='ocrx_word' id='word_1_319' title='bbox 717 4113 805 4188; x_wconf 91' lang='lat' dir='ltr'><strong>quod,</strong></span> <span class='ocrx_word' id='word_1_320' title='bbox 828 4113 853 4171; x_wconf 91' lang='lat' dir='ltr'><strong>si</strong></span> <span class='ocrx_word' id='word_1_321' title='bbox 876 4113 946 4172; x_wconf 90' lang='lat' dir='ltr'><strong>Piso</strong></span> <span class='ocrx_word' id='word_1_322' title='bbox 956 4116 1098 4188; x_wconf 72' lang='lat' dir='ltr'><strong>sopiamus</strong></span> <span class='ocrx_word' id='word_1_323' title='bbox 1114 4115 1234 4186; x_wconf 85' lang='lat' dir='ltr'><strong>diceret,</strong></span> <span class='ocrx_word' id='word_1_324' title='bbox 1257 4113 1383 4191; x_wconf 85' lang='lat' dir='ltr'><strong>signifiea-</strong></span> 
     </span>
     <span class='ocr_line' id='line_1_38' title="bbox 333 4193 1382 4275; baseline -0.002 -21"><span class='ocrx_word' id='word_1_325' title='bbox 333 4207 387 4269; x_wconf 82' lang='lat' dir='ltr'><strong>ret,</strong></span> <span class='ocrx_word' id='word_1_326' title='bbox 410 4218 546 4258; x_wconf 83' lang='lat' dir='ltr'><strong>noanon</strong></span> <span class='ocrx_word' id='word_1_327' title='bbox 567 4197 683 4275; x_wconf 84' lang='lat' dir='ltr'><strong>fugare,</strong></span> <span class='ocrx_word' id='word_1_328' title='bbox 713 4209 939 4274; x_wconf 79' lang='lat' dir='ltr'><strong>quaereretque,</strong></span> <span class='ocrx_word' id='word_1_329' title='bbox 967 4199 1039 4274; x_wconf 91' lang='lat' dir='ltr'><strong>quid</strong></span> <span class='ocrx_word' id='word_1_330' title='bbox 1061 4203 1233 4258; x_wconf 81' lang='lat' dir='ltr'><strong>eventurum</strong></span> <span class='ocrx_word' id='word_1_331' title='bbox 1256 4209 1340 4268; x_wconf 82' lang='lat' dir='ltr'><strong>esset,</strong></span> <span class='ocrx_word' id='word_1_332' title='bbox 1363 4193 1382 4252; x_wconf 88' lang='lat' dir='ltr'><strong>si</strong></span> 
     </span>
     <span class='ocr_line' id='line_1_39' title="bbox 332 4281 1293 4364; baseline 0.002 -24"><span class='ocrx_word' id='word_1_333' title='bbox 332 4281 509 4360; x_wconf 81' lang='lat' dir='ltr'><strong>fugeremus.</strong></span> <span class='ocrx_word' id='word_1_334' title='bbox 552 4285 640 4342; x_wconf 88' lang='lat' dir='ltr'><strong>Nune</strong></span> <span class='ocrx_word' id='word_1_335' title='bbox 660 4285 808 4343; x_wconf 82' lang='lat' dir='ltr'><strong>concludit</strong></span> <span class='ocrx_word' id='word_1_336' title='bbox 829 4304 867 4342; x_wconf 86' lang='lat' dir='ltr'><strong>ex</strong></span> <span class='ocrx_word' id='word_1_337' title='bbox 889 4304 934 4358; x_wconf 88' lang='lat' dir='ltr'><strong>eo,</strong></span> <span class='ocrx_word' id='word_1_338' title='bbox 956 4284 1036 4359; x_wconf 88' lang='lat' dir='ltr'><strong>quod</strong></span> <span class='ocrx_word' id='word_1_339' title='bbox 1057 4285 1120 4343; x_wconf 85' lang='lat' dir='ltr'><strong>fieri</strong></span> <span class='ocrx_word' id='word_1_340' title='bbox 1142 4286 1293 4364; x_wconf 77' lang='lat' dir='ltr'><strong>signifieat</strong></span> 
     </span>
    </p>
   </div>
   <div class='ocr_carea' id='block_1_6' title="bbox 0 0 1478 5024">
    <p class='ocr_par' dir='ltr' id='par_1_8' title="bbox 0 0 1478 5024">
     <span class='ocr_line' id='line_1_40' title="bbox 0 0 1478 5024; baseline 0 4"><span class='ocrx_word' id='word_1_341' title='bbox 0 0 1478 5024; x_wconf 95' lang='lat' dir='ltr'><strong> </strong></span> 
     </span>
    </p>
   </div>
  </div>
 </body>
</html>
