2948 5024
332 350 396 416 684
719 368 764 413 on
786 367 917 414 nmmos
938 367 1010 413 nor.

334 537 408 602 nihil
431 538 602 618 putandum
625 547 682 602 est.
726 539 778 602 43.
806 537 863 601 Est
885 537 966 601 enim
988 547 1099 600 natura
1120 536 1165 600 sic
1185 549 1336 616 gurm
1352 535 1388 596 ris

333 639 476 716 hominia,
498 649 533 704 ut
554 640 595 704 ad
617 657 739 704 omnem
760 639 907 704 virtutem
918 637 1390 720 perdpiendamfictarideatm.

333 741 372 808 ob
395 759 524 822 eamque
545 759 672 806 (ausam
693 742 782 822 parvi
805 742 952 806 virorum
974 740 1154 807 simulacra
1175 759 1312 821 qmrum
1325 741 1390 802 inse

333 843 449 908 babent
474 843 607 922 semina,
640 843 707 908 sine
728 844 870 910 doctrina
891 853 1067 920 mouentum
1099 851 1172 906 sunt
1198 842 1282 905 carim
1302 842 1390 922 prinu

294 945 484 1013 celenenta
504 955 651 1026 naariae,
679 946 790 1026 qmbus
812 945 913 1010 ancus
935 945 1057 1009 virmtis
1078 944 1167 1026 qnasi
1187 961 1316 1024 gamen
1336 941 1391 1006 dir

332 1048 420 1112 otuu.
474 1045 555 1112 Nam
581 1047 722 1112 comita
754 1049 819 1113 nati
851 1046 985 1128 factique
1016 1047 1127 1124 amns,
1164 1057 1258 1109 met
1291 1043 1392 1126 agmd

331 1149 448 1232 aliquid
480 1157 511 1214 et
543 1149 688 1231 diligendi
715 1149 837 1231 aliquos
871 1157 904 1214 et
936 1147 1129 1213 liberalitatis
1158 1159 1191 1212 ct
1221 1147 1392 1212 mendac

331 1251 452 1334 gratiae
473 1251 626 1332 principia
647 1251 678 1316 in
701 1251 790 1317 nobis
812 1251 1039 1316 contineremus
1060 1258 1154 1331 atque
1174 1250 1216 1314 ad
1236 1249 1392 1312 edentium

332 1353 543 1435 prudentiam,
576 1353 788 1418 fortitudinem
815 1361 907 1434 aptos
934 1351 1054 1416 animos
1081 1351 1261 1416 habemns
1288 1371 1310 1414 a
1330 1369 1391 1414 toa

406 1528 425 1572 l.
441 1523 503 1586 fieri
523 1534 617 1590 tronep.
637 1535 695 1588 port
715 1524 845 1588 pmmrdum
864 1523 937 1572 cell}
963 1522 1032 1588 [μὰ
1060 1522 1177 1572 librariae
1199 1535 1257 1572 aare
1278 1521 1338 1570 dn*
1355 1535 1392 1585 po·

332 1593 442 1640 nendum
460 1605 514 1640 aare
532 1591 698 1654 eignificaric‘
719 1593 768 1659 ldh]
805 1599 828 1644 ³.
846 1591 960 1657 parabi.
996 1596 1019 1639 5.
1037 1591 1165 1640 ΜΕ
1199 1608 1294 1640 mea
1308 1603 1390 1640 onnes»

333 1659 376 1712 Or.
413 1665 435 1710 9.
445 1659 658 1726 fortitudinemque
674 1661 765 1713 LPCR

419 1850 469 1907 43.
492 1861 591 1908 natura
613 1857 652 1908 aie
671 1863 799 1926 generata
823 1858 863 1908 uia
886 1848 1014 1928 hominia)
1050 1851 1107 1908 lim
1128 1857 1249 1926 corporis
1268 1857 1390 1922 mamma(

333 1935 404 1994 dicit
426 1938 510 2006 §44;
533 1937 569 1994 dc
586 1936 675 1994 N.D.
699 1939 740 2008 ΙΙ,
765 1939 804 1994 30
827 1957 926 1994 omnem
957 1942 1019 1993 vim
1045 1937 1140 1993 mundi
1165 1947 1288 1992 aalma
1311 1937 1388 1993 ditm

332 2025 461 2080 comeum
481 2022 592 2080 scribit.
620 2022 688 2079 Non
706 2021 805 2080 differt
826 2022 981 2092 sententia,
1004 2021 1082 2096 quod
1104 2027 1119 2092 §
1138 2023 1177 2079 66
1201 2022 1322 2099 legitur:
1341 2039 1388 2076 om

332 2112 372 2165 cic
393 2107 506 2164 domino
527 2118 626 2164 notura
645 2119 773 2180 generato
795 2113 838 2166 rit.
878 2109 942 2166 Nec
963 2117 1062 2165 tamen
1084 2106 1227 2165 hocloco
1249 2125 1346 2164 rocem
1357 2111 1390 2160 cir

332 2192 491 2250 tollendam
515 2211 588 2262 esee,
611 2193 675 2268 ipse
698 2195 770 2252 ordo
792 2194 963 2264 verborum,
996 2193 1048 2268 qui
1075 2211 1110 2250 ea
1131 2193 1248 2250 sublata
1268 2191 1387 2250 effidtm.

333 2277 490 2336 admonere
513 2278 681 2337 dubitantes
703 2280 838 2337 debebat.

311 2387 317 2397 ·
419 2368 524 2421 virtutis
546 2369 627 2438 quari
645 2384 752 2439 genneo
773 2363 902 2441 efficitur)
925 2363 1091 2442 [Edebatur
1101 2361 1233 2442 acrorem]
1255 2365 1327 2421 Mire
1342 2361 1387 2417 boc

334 2447 443 2506 dicitur
464 2467 519 2506 nec
540 2447 657 2507 facilem
681 2451 907 2526 explicationem
931 2449 1028 2506 habet.
1061 2449 1216 2506 Ernestine
1232 2459 1386 2507 concentum

332 2533 451 2592 virtutis
472 2534 696 2611 interpretatum
719 2537 863 2594 elementa
886 2554 949 2593 esse
972 2534 1318 2611 quasiaingulosversue.
1339 2531 1386 2586 vir·

334 2627 426 2677 tutem
450 2628 597 2696 tamquam
621 2639 738 2678 carmen
761 2641 799 2679 cx
826 2621 863 2679 iis
891 2621 1094 2697 compositum.
1139 2619 1198 2680 Sed
1226 2639 1317 2696 neque
1336 2635 1387 2673 car·

332 2723 399 2762 men
410 2705 453 2762 rei
465 2725 518 2782 pro
530 2715 674 2764 concentu
685 2706 744 2764 dici
754 2726 842 2782 posse
853 2707 978 2778 videtur,
1000 2724 1095 2781 neque
1106 2704 1253 2764 elementa
1268 2719 1386 2762 ramnum

332 2789 491 2867 imaginem
513 2791 637 2864 habere,
671 2811 765 2867 neque
793 2793 930 2850 carminis
953 2811 991 2850 ex
1013 2791 1148 2849 versibus
1169 2790 1337 2868 compositio
1356 2786 1387 2842 si·

333 2875 412 2934 milis
440 2895 504 2934 esee
532 2876 743 2935 elementorum
771 2877 1000 2956 augescentium.
1049 2877 1113 2934 Nec
1140 2877 1235 2954 magio
1262 2871 1387 2933 satisfacit

333 2959 436 3032 Gaius,
458 2961 509 3037 qui
531 2981 637 3021 carruca
659 2963 724 3021 vult
752 2982 816 3022 ease
837 2967 996 3039 famulum.
1038 2961 1133 3037 Atqui
1160 2963 1313 3021 verborum
1337 2957 1386 3016 ior-

333 3047 413 3105 mnla
435 3065 551 3105 carmen
574 3058 629 3121 est,
652 3067 711 3106 non
733 3067 845 3123 rerum,
874 3049 985 3121 idest,
1013 3049 1062 3105 lex
1084 3056 1115 3104 et
1136 3065 1255 3119 norma,
1288 3065 1320 3104 nc
1339 3041 1387 3100 alia

331 3151 499 3209 persequar.
543 3134 626 3192 Mihi·
640 3144 720 3192 recte
742 3135 872 3194 iudicare
894 3135 1040 3205 videntur,
1063 3133 1115 3208 qui
1136 3133 1217 3190 aliud
1233 3133 1386 3194 aCiccronc

331 3217 459 3294 positum
482 3229 597 3295 putant,
620 3220 763 3278 correctio
785 3231 883 3279 autem
905 3221 969 3278 veri
990 3219 1140 3278 simillima
1150 3220 1174 3277 I.
1192 3219 1226 3276 F.
1250 3212 1386 3279 Gronorii

332 3303 382 3379 qui
402 3323 508 3377 pomeri
530 3305 619 3363 scribi
641 3306 713 3378 vult,
741 3306 772 3363 in
794 3325 852 3382 quo
874 3316 944 3383 apta
966 3315 1011 3362 est
1032 3305 1129 3381 imago
1150 3305 1271 3362 virtutis
1292 3321 1318 3362 se
1337 3301 1385 3356 iam

332 3407 351 3446 a
377 3389 477 3448 radice
505 3390 636 3448 tollentis
664 3401 694 3448 et
721 3409 804 3449 suam
831 3391 1039 3468 propriamque
1065 3389 1190 3449 formam
1214 3383 1386 3448 ostendentia

332 3471 421 3554 [Eam
444 3493 521 3533 nunc
543 3477 642 3552 recepi
669 3494 734 3534 cum
756 3472 901 3556 Baitero]
946 3477 995 3554 (In
1017 3476 1228 3534 clementorum
1251 3493 1318 3534 voce
1332 3467 1385 3526 nul·

332 3560 391 3618 lam
413 3578 478 3618 esse
501 3560 743 3638 significationem
766 3562 945 3634 litterarum,
974 3581 1047 3637 quas
1073 3561 1125 3618 vix
1146 3560 1252 3621 Cicero
1275 3551 1384 3620 Lucretii

333 3645 469 3721 exemplo
492 3646 529 3722 (I.
551 3648 619 3716 197,
639 3648 710 3720 824,
729 3646 805 3726 913)
833 3649 910 3706 nude
932 3648 1077 3706 elementa
1087 3648 1274 3723 appellasset,
1296 3638 1385 3703 vixd-

333 3749 438 3802 cemm,
462 3731 599 3806 quoniam
622 3733 833 3792 absurdissima
854 3734 922 3791 inde
933 3733 1031 3810 imago
1053 3733 1192 3804 nascitur,
1215 3733 1271 3790 nisi
1287 3728 1384 3788 venisse

332 3817 507 3893 quibusdam
531 3817 560 3874 in
584 3829 709 3876 mentam
733 3818 888 3896 viderem.)
933 3819 1005 3878 Cod.
1023 3819 1099 3876 Mor.
1121 3819 1218 3892 quidue
1239 3823 1310 3875 actia

413 3905 601 3978 prudentium,
618 3902 820 3981 fortitudinem)
859 3904 911 3964 Sic
943 3903 1036 3963 Gaius
1066 3923 1103 3961 ex
1131 3904 1208 3976 ml,
1237 3903 1310 3979 Spir.
1329 3892 1381 3976 [Bb

333 3987 411 4047 Gud.
420 3989 448 4059 2,
461 3989 530 4046 Bas.
552 3990 652 4047 Antea
663 3993 979 4066 eratfortitudinmeque.
1002 3990 1191 4048 Parumscite
1203 3981 1382 4046 concludendo

332 4072 394 4131 iere
416 4073 447 4131 id
469 4075 565 4151 ipsum
588 4075 715 4134 efficitur
736 4075 802 4156 (non
823 4083 881 4134 eine
902 4097 986 4134 cauea
1009 4109 1049 4118 —-
1062 4073 1205 4156 videaur),
1228 4065 1381 4149 quodinitio

332 4159 460 4235 positum
482 4170 546 4218 erat
568 4169 656 4218 etex
679 4180 737 4236 quo
759 4162 833 4220 illud
862 4162 929 4240 (noa
957 4163 999 4220 ita
1025 4169 1110 4218 natos
1138 4160 1216 4236 cose)
1243 4159 1334 4232 aliqua
1352 4167 1380 4206 0¹

332 4255 415 4322 parte
437 4245 618 4304 intellectum
647 4256 700 4304 eet.
745 4244 898 4327 [Sm'ntillae
926 4248 1015 4306 etiam
1043 4247 1084 4319 Β,
1118 4265 1172 4304 nec
1198 4245 1269 4304 alibi
1294 4241 1381 4301 Cicero

332 4331 513 4390 deminutivo
535 4329 652 4412 mitum]
