2948 5024
331 361 395 428 630
721 381 766 426 nn
788 380 919 428 eminus
941 381 1013 427 nou.

332 549 489 614 mentibus
511 548 622 614 ceteris
644 548 833 629 differamus,
854 549 1068 632 tumneeseqni
1079 550 1248 632 incipimus,
1272 551 1390 630 adqnne

402 741 423 786 1.
443 735 568 801 incepimus
586 736 605 786 E

330 927 478 984 actionum
501 935 634 1002 tempore
646 926 838 1004 distinguunt,
860 945 914 984 nos
932 926 1004 1000 fere,
1026 937 1175 1002 tamquam
1186 929 1317 986 eiusdem
1328 935 1390 983 tem·

329 1011 410 1088 poris
432 1021 587 1087 utrumque
610 1012 657 1083 sit,
681 1012 726 1069 bis
748 1013 896 1088 praesenti
918 1021 1049 1089 tempore
1060 1013 1179 1084 utimur,
1201 1013 1280 1088 quod
1298 1009 1390 1070 Livius

330 1098 419 1155 etiem
431 1115 518 1180 saepe
529 1095 625 1174 fecit),
637 1097 679 1155 ibi
691 1097 790 1155 Latini
802 1097 845 1155 sic
855 1098 1029 1172 loquuntur:
1050 1099 1116 1156 Cum
1127 1097 1172 1177 (id
1183 1107 1236 1169 est,
1248 1095 1390 1174 quotiens)

331 1183 382 1242 luc
404 1186 475 1252 veni,
499 1184 547 1241 loc
569 1187 666 1258 iprum,
695 1184 762 1240 nihil
787 1203 867 1258 apere
893 1203 934 1240 me
955 1185 1066 1242 delectat
1087 1183 1137 1262 (de
1160 1181 1241 1242 Oret.
1263 1184 1306 1252 Π,
1330 1179 1389 1260 24);

329 1287 389 1326 cum
410 1287 505 1326 senene
526 1273 639 1326 accessit
659 1270 843 1341 admaturari,
866 1279 954 1326 metiar
967 1269 1155 1349 illum(suprn
1164 1270 1219 1340 IV,
1232 1269 1288 1339 38;
1310 1267 1390 1344 signi·

318 1348 434 1412 'ficetur
456 1353 533 1412 enim
556 1373 591 1410 ee
613 1353 812 1430 praegressio,
834 1372 923 1429 quem
945 1353 975 1412 in
998 1355 1133 1412 omnibus
1154 1353 1260 1412 lactem
1283 1373 1346 1411 esse
1365 1361 1390 1408 et

329 1439 393 1496 fieri
415 1439 510 1497 solere
532 1437 735 1519 intellegitur).
765 1435 834 1520 [Gr.
845 1441 910 1498 Lat.
928 1444 943 1510 ξ
962 1439 1022 1497 335
1041 1449 1102 1497 not.
1122 1436 1162 1520 1.]
1205 1439 1389 1499 coniunctim

330 1524 416 1582 modo
439 1525 536 1582 nullus
559 1525 640 1582 loeus
662 1524 759 1582 estin
781 1526 836 1582 hee
854 1525 980 1601 simplici
992 1526 1132 1601 temporis
1144 1525 1293 1583 notatione
1303 1541 1388 1598 neque

330 1610 423 1686 magis
449 1609 550 1668 futuro
578 1619 697 1682 exacto,
732 1610 870 1684 quoniam
898 1610 980 1668 nulls
1000 1611 1120 1669 omnino
1147 1610 1238 1668 futuri
1258 1608 1388 1686 temporis

329 1695 505 1773 significatio
527 1705 581 1754 est
625 1695 752 1753 Libras-ii
775 1705 883 1766 tomen,
903 1696 1011 1771 quibus
1032 1705 1100 1772 post
1121 1716 1180 1754 eum
1196 1695 1387 1754 coniunctium

329 1781 434 1839 modus
456 1781 549 1858 mngis
570 1781 715 1858 placebat,
738 1799 797 1839 non
818 1800 885 1839 nero
908 1790 960 1839 eut
981 1801 999 1839 u
1020 1781 1148 1840 litteram
1170 1782 1200 1839 in
1220 1786 1231 1838 i
1251 1787 1387 1838 mutarunt

329 1875 381 1925 out
402 1875 501 1924 notem
522 1855 614 1938 illam,
637 1885 696 1942 que
717 1887 750 1924 er
768 1865 958 1944 significetur,
981 1867 1165 1939 addiderunt,
1188 1877 1220 1925 ut
1237 1865 1386 1941 hicinple·

329 1950 429 2027 risque
451 1952 601 2010 codicibus
630 1955 804 2027 (coeperimus
825 1971 880 2029 pro
908 1955 1056 2028 coeps‘vnum
1080 1952 1142 2024 cfr„
1165 1971 1240 2028 quae
1261 1952 1298 2008 ed
1317 1949 1385 2026 1,·23

330 2035 420 2114 dixi),
454 2038 640 2114 editoresque
668 2038 835 2096 habuerunt
861 2038 1070 2113 obsequentem
1103 2035 1177 2119 [cum
1197 2040 1304 2114 depexi,
1333 2055 1383 2094 mnu

328 2125 460 2198 aspexisti
480 2142 539 2181 non
560 2121 623 2181 fere
645 2118 866 2202 corrumpitur}
909 2123 1002 2182 Recte
1024 2124 1162 2181 scribitur
1182 2124 1239 2181 hoe
1260 2123 1331 2180 libro
1351 2121 1385 2177 et

330 2205 403 2287 (cum
420 2211 552 2284 processit
569 2241 610 2250 -—
627 2215 760 2284 occoepit,
782 2207 898 2288 inomni),
921 2210 1009 2266 Tnec.
1021 2209 1063 2280 Π,
1077 2211 1116 2266 27
1140 2209 1213 2286 (cum
1224 2217 1383 2266 accesserunt

329 2291 458 2372 elidunt),
481 2295 539 2366 ΠΙ,
563 2293 581 2351 3
604 2294 678 2372 (cum
699 2297 824 2365 tulerunt,
846 2297 1008 2364 andrentium
1031 2303 1145 2352 veteres
1167 2305 1264 2352 tannen
1285 2293 1384 2366 aliquot

330 2378 395 2436 edd.
419 2381 540 2449 ιαίενίοιις
563 2379 588 2437 si
616 2398 705 2438 cause
722 2379 951 2460 significaretur,
979 2380 1165 2438 scribendum
1194 2389 1257 2436 eret
1278 2375 1383 2454 sumt),

330 2464 433 2521 eodem
445 2464 521 2523 libro
536 2465 575 2522 33
588 2462 661 2548 (cum
678 2468 769 2523 cecinit
780 2468 904 2541 receptio,
927 2461 1059 2547 irmeltit),
1082 2466 1138 2538 IV,
1157 2467 1197 2522 54
1209 2455 1281 2543 (cum
1291 2465 1383 2522 domim

329 2551 417 2621 rediit,
440 2553 531 2626 puels'r
552 2549 622 2628 enti)
645 2553 683 2622 V,
697 2552 735 2609 77
760 2551 833 2629 (cum
854 2553 894 2608 ad
907 2553 1048 2626 flammam
1069 2571 1098 2608 ce
1118 2553 1328 2626 upphcavmmc
1348 2547 1384 2603 uit

330 2635 461 2706 codices;
482 2635 627 2694 editiones
638 2636 782 2711 quaedem
793 2634 1010 2716 suffocaverint),
1026 2637 1084 2694 102
1108 2633 1220 2716 (miloni,
1241 2638 1383 2694 nminem

330 2717 559 2800 cumvenemmt),
583 2721 727 2781 canulas
740 2723 777 2779 51
803 2719 879 2801 (eum
901 2741 987 2780 eernen
1009 2725 1119 2798 acepit,
1137 2725 1257 2798 primum
1277 2723 1306 2779 id
1323 2719 1383 2776 coli·

329 2807 385 2876 bet;
407 2806 460 2864 sed
481 2807 569 2882 paulo
592 2815 660 2883 post
680 2826 734 2883 pro
756 2808 826 2865 hoc:
848 2827 908 2866 cum
930 2811 1043 2880 emersit,
1060 2809 1157 2882 fundit
1171 2811 1297 2882 frnpem,
1316 2801 1383 2878 quod

329 2891 434 2967 optimi
456 2892 572 2950 codices
595 2893 713 2964 hebent,
736 2892 897 2950 deteriores
908 2892 1022 2968 aliquot
1032 2892 1248 2951 substituerunt
1258 2891 1383 2954 enacmin

328 2985 359 3034 et
386 2977 479 3035 secuti
507 2986 575 3036 sunt
602 2977 701 3049 multi,
735 2978 823 3036 etiem
840 2978 1009 3048 Ernestius3
1042 2978 1130 3036 etism
1153 2979 1193 3037 76
1216 2979 1326 3053 eliqnot
1342 2975 1384 3030 de
1431 2979 1433 2986 '

328 3061 465 3120 teniores:
487 3081 547 3121 eum
568 3061 704 3140 evenerit),
726 3064 763 3121 de
785 3061 844 3122 Off.
865 3064 908 3136 Π,
924 3064 960 3121 19
985 3063 1125 3142 (reflectit),
1148 3064 1184 3121 de
1206 3065 1242 3122 R.
1260 3064 1293 3121 P.
1312 3062 1336 3130 1,
1351 3058 1383 3116 63

329 3143 405 3226 (cum
426 3167 500 3206 mare
520 3152 605 3224 coepit
626 3150 785 3220 humescere,
808 3151 887 3207 unice
908 3168 982 3225 opem
1003 3146 1151 3228 sopierat),
1174 3169 1229 3226 pro
1247 3143 1382 3223 Quincti

328 3231 455 3313 (rectula),
467 3233 555 3294 Catil.
563 3235 618 3306 IV,
636 3236 673 3292 12
692 3233 861 3312 (proposui),
874 3253 927 3311 pro
940 3235 1039 3293 Deiot
1052 3238 1070 3292 1
1083 3230 1258 3316 (recapitent),
1270 3231 1382 3306 Philipp·

327 3319 369 3390 11,
384 3321 422 3378 68
440 3318 607 3399 (epoto).
640 3321 764 3377 Erratur
784 3319 815 3377 in
838 3321 894 3378 hoe
915 3319 981 3397 ipso
1002 3320 1079 3378 libro
1101 3321 1169 3391 §55
1194 3318 1269 3401 (enm
1285 3319 1383 3396 paulum

326 3408 519 3481 processerint,
547 3403 725 3484 delectonmr)
747 3414 778 3462 et
800 3407 838 3464 61
862 3405 1022 3483 (effmnmr
1043 3409 1157 3478 metina,
1180 3425 1241 3464 cum
1261 3399 1382 3474 metullt

328 3500 484 3566 utrumque
507 3491 633 3563 correxi,
655 3491 737 3567 prius
761 3509 777 3548 e
799 3491 913 3561 Nonio;
936 3491 1025 3549 Tuse.
1042 3493 1081 3561 V,
1100 3492 1139 3549 85
1163 3491 1260 3568 (quam
1280 3509 1334 3548 mm
1351 3484 1383 3540 ud

328 3579 430 3634 eaelum
452 3579 654 3643 extulerint,
678 3579 783 3650 reliqua
805 3597 838 3634 en
859 3579 998 3634 collatione
1013 3579 1099 3652 facile
1120 3587 1160 3634 est
1180 3573 1334 3650 enumerem
1353 3570 1382 3626 de

328 3661 535 3732 Divin.11‚56
559 3661 775 3740 (aniliacam,
798 3665 851 3720 nisi
870 3681 930 3720 cum
952 3665 1110 3734 vicerint,
1132 3661 1383 3720 canerenoueolmt?

329 3746 445 3804 codices
466 3747 537 3806 boni
558 3751 691 3817 mnemon
714 3747 844 3806 eiusdem
866 3747 964 3823 operis
985 3748 1028 3818 Π,
1049 3748 1104 3818 31,
1128 3746 1180 3805 ubi
1201 3768 1257 3824 pro
1276 3765 1331 3805 cum
1349 3771 1382 3784 -·

321 3835 417 3908 finctus
444 3842 484 3890 eet
512 3833 701 3892 substitutum
725 3842 770 3891 est
784 3836 880 3908 secute
902 3843 978 3905 esset,
1002 3833 1268 3910 elibiemendevi);
1289 3829 1383 3914 [Ml

328 3927 359 3975 et
373 3919 430 3976 145
443 3927 511 3994 poet
533 3937 629 3976 meam
651 3917 881 3976 admonitionem
909 3938 925 3976 e
948 3919 1031 3976 codd.
1054 3927 1133 3977 recte
1161 3919 1301 3996 scriptum
1321 3908 1384 3989 estc]

328 4003 364 4060 de
386 4003 463 4061 R.P.
475 4004 500 4074 Ι,
515 4005 553 4062 66
577 4003 683 4062 mirum
706 4013 758 4071 est
781 4023 840 4062 non
862 4004 993 4062 haesisse
1009 4005 1137 4062 editores
1153 4004 1183 4061 in
1196 4005 1252 4062 hee
1263 4002 1384 4062 coniunc-

327 4087 421 4146 tione:
443 4108 503 4147 cum
519 4093 617 4165 populi
630 4093 729 4165 fauces
751 4101 963 4148 emeruerunt
985 4091 1113 4148 libertatis
1129 4093 1176 4147 niti
1189 4093 1317 4165 malisque
1330 4103 1384 4144 netu

328 4175 371 4231 ille
393 4177 521 4232 minietm'n
543 4178 621 4233 nimie
642 4195 776 4233 meracam
799 4177 944 4233 libertatem
965 4179 1056 4233 cittene
1078 4177 1243 4237 hauserit.
1266 4187 1317 4232 tum
1336 4191 1383 4227 ηια-

324 4261 457 4330 pietratue
474 4270 499 4318 et
515 4263 654 4336 princepe
676 4264 838 4336 insequitur3
861 4269 1010 4332 ettamen,
1034 4260 1112 4336 qnod
1134 4260 1224 4337 paulo
1246 4269 1310 4318 ente
1326 4255 1381 4328 §65

329 4343 470 4420 seriptum
493 4355 569 4403 eret:
591 4365 651 4404 crem
675 4367 722 4404 res
739 4349 852 4404 iniustus
863 4365 920 4404 esce
931 4351 1052 4422 coeperet,
1060 4349 1134 4422 perd
1145 4349 1214 4405 illud
1229 4349 1295 4405 illico
1303 4359 1381 4418 pennis,
