<?xml version="1.0" encoding="UTF-8"?>
<!DOCTYPE html PUBLIC "-//W3C//DTD XHTML 1.0 Transitional//EN"
    "http://www.w3.org/TR/xhtml1/DTD/xhtml1-transitional.dtd">
<html xmlns="http://www.w3.org/1999/xhtml" xml:lang="en" lang="en">
 <head>
  <title>
</title>
<meta http-equiv="Content-Type" content="text/html;charset=utf-8" />
  <meta name='ocr-system' content='tesseract 3.04.00' />
  <meta name='ocr-capabilities' content='ocr_page ocr_carea ocr_par ocr_line ocrx_word'/>
</head>
<body>
  <div class='ocr_page' id='page_1' title='image "./definibusbonoru04cicegoog_0532.png"; bbox 0 0 3018 5052; ppageno 0'>
   <div class='ocr_carea' id='block_1_1' title="bbox 292 366 977 436">
    <p class='ocr_par' dir='ltr' id='par_1_1' title="bbox 292 366 977 436">
     <span class='ocr_line' id='line_1_1' title="bbox 292 366 977 436; baseline 0.006 -6"><span class='ocrx_word' id='word_1_1' title='bbox 292 366 357 431; x_wconf 85' lang='grc'>456</span> <span class='ocrx_word' id='word_1_2' title='bbox 686 385 730 433; x_wconf 84' lang='lat' dir='ltr'>nn</span> <span class='ocrx_word' id='word_1_3' title='bbox 753 386 883 436; x_wconf 83' lang='lat' dir='ltr'>nmmus</span> <span class='ocrx_word' id='word_1_4' title='bbox 905 387 977 434; x_wconf 87' lang='lat' dir='ltr'>aon.</span> 
     </span>
    </p>
   </div>
   <div class='ocr_carea' id='block_1_2' title="bbox 235 555 1374 2174">
    <p class='ocr_par' dir='ltr' id='par_1_2' title="bbox 235 555 1374 2174">
     <span class='ocr_line' id='line_1_2' title="bbox 294 555 1373 636; baseline 0.003 -17"><span class='ocrx_word' id='word_1_5' title='bbox 294 571 485 620; x_wconf 87' lang='lat' dir='ltr'>communem</span> <span class='ocrx_word' id='word_1_6' title='bbox 519 555 627 620; x_wconf 90' lang='lat' dir='ltr'>urbem</span> <span class='ocrx_word' id='word_1_7' title='bbox 660 563 692 621; x_wconf 87' lang='lat' dir='ltr'>et</span> <span class='ocrx_word' id='word_1_8' title='bbox 724 555 878 622; x_wconf 85' lang='lat' dir='ltr'>civitatem</span> <span class='ocrx_word' id='word_1_9' title='bbox 911 557 1068 622; x_wconf 91' lang='lat' dir='ltr'>hominnm</span> <span class='ocrx_word' id='word_1_10' title='bbox 1101 564 1133 623; x_wconf 91' lang='lat' dir='ltr'>et</span> <span class='ocrx_word' id='word_1_11' title='bbox 1159 559 1303 636; x_wconf 81' lang='lat' dir='ltr'>deorum,</span> <span class='ocrx_word' id='word_1_12' title='bbox 1337 565 1373 622; x_wconf 89' lang='lat' dir='ltr'>et</span> 
     </span>
     <span class='ocr_line' id='line_1_3' title="bbox 294 659 1372 742; baseline 0.002 -20"><span class='ocrx_word' id='word_1_13' title='bbox 294 675 544 740; x_wconf 85' lang='lat' dir='ltr'>unumquemque</span> <span class='ocrx_word' id='word_1_14' title='bbox 570 664 712 723; x_wconf 89' lang='lat' dir='ltr'>nostrum</span> <span class='ocrx_word' id='word_1_15' title='bbox 739 659 806 723; x_wconf 87' lang='lat' dir='ltr'>eius</span> <span class='ocrx_word' id='word_1_16' title='bbox 834 659 940 724; x_wconf 93' lang='lat' dir='ltr'>mundi</span> <span class='ocrx_word' id='word_1_17' title='bbox 968 679 1038 725; x_wconf 88' lang='lat' dir='ltr'>esse</span> <span class='ocrx_word' id='word_1_18' title='bbox 1064 667 1201 742; x_wconf 86' lang='lat' dir='ltr'>partem,</span> <span class='ocrx_word' id='word_1_19' title='bbox 1240 679 1278 724; x_wconf 85' lang='lat' dir='ltr'>er</span> <span class='ocrx_word' id='word_1_20' title='bbox 1306 679 1372 741; x_wconf 93' lang='lat' dir='ltr'>quo</span> 
     </span>
     <span class='ocr_line' id='line_1_4' title="bbox 293 759 1371 842; baseline 0.003 -18"><span class='ocrx_word' id='word_1_21' title='bbox 293 759 370 825; x_wconf 89' lang='lat' dir='ltr'>illud</span> <span class='ocrx_word' id='word_1_22' title='bbox 392 767 504 826; x_wconf 81' lang='lat' dir='ltr'>namra</span> <span class='ocrx_word' id='word_1_23' title='bbox 526 760 682 842; x_wconf 84' lang='lat' dir='ltr'>consequi,</span> <span class='ocrx_word' id='word_1_24' title='bbox 706 766 741 826; x_wconf 88' lang='lat' dir='ltr'>ut</span> <span class='ocrx_word' id='word_1_25' title='bbox 763 779 956 827; x_wconf 88' lang='lat' dir='ltr'>communem</span> <span class='ocrx_word' id='word_1_26' title='bbox 966 762 1130 827; x_wconf 85' lang='lat' dir='ltr'>utilitatem</span> <span class='ocrx_word' id='word_1_27' title='bbox 1142 770 1269 828; x_wconf 84' lang='lat' dir='ltr'>nostrae</span> <span class='ocrx_word' id='word_1_28' title='bbox 1279 771 1371 827; x_wconf 83' lang='lat' dir='ltr'>ante-</span> 
     </span>
     <span class='ocr_line' id='line_1_5' title="bbox 293 863 1372 947; baseline 0.002 -21"><span class='ocrx_word' id='word_1_29' title='bbox 293 880 456 943; x_wconf 86' lang='lat' dir='ltr'>ponamus.</span> <span class='ocrx_word' id='word_1_30' title='bbox 501 863 545 930; x_wconf 93' lang='lat' dir='ltr'>Ut</span> <span class='ocrx_word' id='word_1_31' title='bbox 565 863 648 928; x_wconf 91' lang='lat' dir='ltr'>enim</span> <span class='ocrx_word' id='word_1_32' title='bbox 673 863 758 945; x_wconf 81' lang='lat' dir='ltr'>leges</span> <span class='ocrx_word' id='word_1_33' title='bbox 786 865 922 929; x_wconf 91' lang='lat' dir='ltr'>omnium</span> <span class='ocrx_word' id='word_1_34' title='bbox 950 864 1082 930; x_wconf 86' lang='lat' dir='ltr'>salutem</span> <span class='ocrx_word' id='word_1_35' title='bbox 1104 865 1294 947; x_wconf 84' lang='lat' dir='ltr'>singulmum</span> <span class='ocrx_word' id='word_1_36' title='bbox 1317 883 1372 928; x_wconf 88' lang='lat' dir='ltr'>sa-</span> 
     </span>
     <span class='ocr_line' id='line_1_6' title="bbox 255 963 1372 1049; baseline 0.004 -21"><span class='ocrx_word' id='word_1_37' title='bbox 255 963 351 1028; x_wconf 74' lang='lat' dir='ltr'>dluti</span> <span class='ocrx_word' id='word_1_38' title='bbox 373 971 574 1046; x_wconf 78' lang='lat' dir='ltr'>anteponunt,</span> <span class='ocrx_word' id='word_1_39' title='bbox 596 965 641 1030; x_wconf 88' lang='lat' dir='ltr'>sio</span> <span class='ocrx_word' id='word_1_40' title='bbox 662 965 710 1029; x_wconf 90' lang='lat' dir='ltr'>vir</span> <span class='ocrx_word' id='word_1_41' title='bbox 731 966 830 1031; x_wconf 87' lang='lat' dir='ltr'>bonus</span> <span class='ocrx_word' id='word_1_42' title='bbox 853 973 885 1032; x_wconf 88' lang='lat' dir='ltr'>et</span> <span class='ocrx_word' id='word_1_43' title='bbox 906 967 1031 1049; x_wconf 84' lang='lat' dir='ltr'>sapiens</span> <span class='ocrx_word' id='word_1_44' title='bbox 1060 973 1092 1032; x_wconf 88' lang='lat' dir='ltr'>et</span> <span class='ocrx_word' id='word_1_45' title='bbox 1112 967 1231 1048; x_wconf 85' lang='lat' dir='ltr'>legibus</span> <span class='ocrx_word' id='word_1_46' title='bbox 1253 985 1372 1049; x_wconf 85' lang='lat' dir='ltr'>parens</span> 
     </span>
     <span class='ocr_line' id='line_1_7' title="bbox 293 1065 1373 1152; baseline 0.003 -21"><span class='ocrx_word' id='word_1_47' title='bbox 293 1077 325 1131; x_wconf 90' lang='lat' dir='ltr'>et</span> <span class='ocrx_word' id='word_1_48' title='bbox 346 1066 443 1132; x_wconf 89' lang='lat' dir='ltr'>eivilis</span> <span class='ocrx_word' id='word_1_49' title='bbox 465 1065 557 1134; x_wconf 84' lang='lat' dir='ltr'>officii</span> <span class='ocrx_word' id='word_1_50' title='bbox 579 1087 641 1132; x_wconf 93' lang='lat' dir='ltr'>non</span> <span class='ocrx_word' id='word_1_51' title='bbox 662 1068 789 1150; x_wconf 45' lang='lat' dir='ltr'>&amp;nurus</span> <span class='ocrx_word' id='word_1_52' title='bbox 801 1069 927 1134; x_wconf 87' lang='lat' dir='ltr'>utilitati</span> <span class='ocrx_word' id='word_1_53' title='bbox 938 1069 1073 1134; x_wconf 91' lang='lat' dir='ltr'>omnium</span> <span class='ocrx_word' id='word_1_54' title='bbox 1089 1069 1160 1152; x_wconf 89' lang='lat' dir='ltr'>plus</span> <span class='ocrx_word' id='word_1_55' title='bbox 1171 1088 1264 1151; x_wconf 87' lang='lat' dir='ltr'>quam</span> <span class='ocrx_word' id='word_1_56' title='bbox 1275 1070 1373 1134; x_wconf 87' lang='lat' dir='ltr'>unius</span> 
     </span>
     <span class='ocr_line' id='line_1_8' title="bbox 294 1169 1373 1254; baseline 0.003 -21"><span class='ocrx_word' id='word_1_57' title='bbox 294 1169 424 1234; x_wconf 78' lang='lat' dir='ltr'>diodus</span> <span class='ocrx_word' id='word_1_58' title='bbox 451 1177 507 1235; x_wconf 89' lang='lat' dir='ltr'>ant</span> <span class='ocrx_word' id='word_1_59' title='bbox 533 1189 609 1235; x_wconf 89' lang='lat' dir='ltr'>suae</span> <span class='ocrx_word' id='word_1_60' title='bbox 636 1171 777 1235; x_wconf 86' lang='lat' dir='ltr'>consulit</span> <span class='ocrx_word' id='word_1_61' title='bbox 832 1171 899 1236; x_wconf 86' lang='lat' dir='ltr'>Nee</span> <span class='ocrx_word' id='word_1_62' title='bbox 930 1171 1030 1254; x_wconf 84' lang='lat' dir='ltr'>magis</span> <span class='ocrx_word' id='word_1_63' title='bbox 1063 1178 1112 1237; x_wconf 74' lang='lat' dir='ltr'>est</span> <span class='ocrx_word' id='word_1_64' title='bbox 1143 1172 1373 1253; x_wconf 80' lang='lat' dir='ltr'><strong>vituperandus</strong></span> 
     </span>
     <span class='ocr_line' id='line_1_9' title="bbox 293 1272 1372 1355; baseline 0.001 -20"><span class='ocrx_word' id='word_1_65' title='bbox 293 1272 436 1354; x_wconf 78' lang='lat' dir='ltr'>proditor</span> <span class='ocrx_word' id='word_1_66' title='bbox 457 1273 579 1355; x_wconf 85' lang='lat' dir='ltr'>patriae</span> <span class='ocrx_word' id='word_1_67' title='bbox 605 1291 698 1354; x_wconf 84' lang='lat' dir='ltr'>quarn</span> <span class='ocrx_word' id='word_1_68' title='bbox 726 1273 896 1338; x_wconf 88' lang='lat' dir='ltr'>communis</span> <span class='ocrx_word' id='word_1_69' title='bbox 924 1274 1066 1339; x_wconf 79' lang='lat' dir='ltr'>utilitatis</span> <span class='ocrx_word' id='word_1_70' title='bbox 1093 1281 1148 1338; x_wconf 83' lang='lat' dir='ltr'>aut</span> <span class='ocrx_word' id='word_1_71' title='bbox 1175 1273 1285 1338; x_wconf 84' lang='lat' dir='ltr'>salutis</span> <span class='ocrx_word' id='word_1_72' title='bbox 1313 1273 1372 1337; x_wconf 87' lang='lat' dir='ltr'>de-</span> 
     </span>
     <span class='ocr_line' id='line_1_10' title="bbox 294 1373 1373 1457; baseline -0.001 -17"><span class='ocrx_word' id='word_1_73' title='bbox 294 1381 397 1440; x_wconf 82' lang='lat' dir='ltr'>sertor</span> <span class='ocrx_word' id='word_1_74' title='bbox 424 1381 555 1457; x_wconf 90' lang='lat' dir='ltr'>propter</span> <span class='ocrx_word' id='word_1_75' title='bbox 583 1393 671 1439; x_wconf 88' lang='lat' dir='ltr'>suam</span> <span class='ocrx_word' id='word_1_76' title='bbox 698 1374 862 1440; x_wconf 80' lang='lat' dir='ltr'>utilitatem</span> <span class='ocrx_word' id='word_1_77' title='bbox 889 1383 944 1440; x_wconf 89' lang='lat' dir='ltr'>aut</span> <span class='ocrx_word' id='word_1_78' title='bbox 971 1377 1112 1442; x_wconf 88' lang='lat' dir='ltr'>salutem.</span> <span class='ocrx_word' id='word_1_79' title='bbox 1161 1376 1208 1440; x_wconf 87' lang='lat' dir='ltr'>Er</span> <span class='ocrx_word' id='word_1_80' title='bbox 1235 1393 1297 1457; x_wconf 90' lang='lat' dir='ltr'>quo</span> <span class='ocrx_word' id='word_1_81' title='bbox 1325 1373 1373 1452; x_wconf 75' lang='lat' dir='ltr'>fit,</span> 
     </span>
     <span class='ocr_line' id='line_1_11' title="bbox 235 1476 1371 1560; baseline 0.001 -20"><span class='ocrx_word' id='word_1_82' title='bbox 235 1477 278 1540; x_wconf 88' lang='lat'>10</span> <span class='ocrx_word' id='word_1_83' title='bbox 295 1483 329 1540; x_wconf 89' lang='lat' dir='ltr'>ut</span> <span class='ocrx_word' id='word_1_84' title='bbox 349 1476 526 1542; x_wconf 83' lang='lat' dir='ltr'>laudandus</span> <span class='ocrx_word' id='word_1_85' title='bbox 553 1477 580 1542; x_wconf 88' lang='lat' dir='ltr'>is</span> <span class='ocrx_word' id='word_1_86' title='bbox 603 1477 657 1556; x_wconf 89' lang='lat' dir='ltr'>sit,</span> <span class='ocrx_word' id='word_1_87' title='bbox 690 1477 744 1558; x_wconf 92' lang='lat' dir='ltr'>qui</span> <span class='ocrx_word' id='word_1_88' title='bbox 771 1487 902 1543; x_wconf 87' lang='lat' dir='ltr'>mortem</span> <span class='ocrx_word' id='word_1_89' title='bbox 929 1485 1061 1560; x_wconf 87' lang='lat' dir='ltr'>oppetat</span> <span class='ocrx_word' id='word_1_90' title='bbox 1086 1498 1145 1560; x_wconf 90' lang='lat' dir='ltr'>pro</span> <span class='ocrx_word' id='word_1_91' title='bbox 1173 1497 1208 1543; x_wconf 92' lang='lat' dir='ltr'>re</span> <span class='ocrx_word' id='word_1_92' title='bbox 1235 1477 1371 1558; x_wconf 84' lang='lat' dir='ltr'>publica,</span> 
     </span>
     <span class='ocr_line' id='line_1_12' title="bbox 294 1579 1371 1664; baseline 0 -20"><span class='ocrx_word' id='word_1_93' title='bbox 294 1579 377 1660; x_wconf 88' lang='lat' dir='ltr'>quod</span> <span class='ocrx_word' id='word_1_94' title='bbox 398 1580 508 1644; x_wconf 84' lang='lat' dir='ltr'>deoeat</span> <span class='ocrx_word' id='word_1_95' title='bbox 529 1579 680 1645; x_wconf 83' lang='lat' dir='ltr'>cariorem</span> <span class='ocrx_word' id='word_1_96' title='bbox 702 1579 791 1645; x_wconf 91' lang='lat' dir='ltr'>nobis</span> <span class='ocrx_word' id='word_1_97' title='bbox 814 1599 884 1646; x_wconf 90' lang='lat' dir='ltr'>esse</span> <span class='ocrx_word' id='word_1_98' title='bbox 904 1581 1040 1662; x_wconf 87' lang='lat' dir='ltr'>patriam</span> <span class='ocrx_word' id='word_1_99' title='bbox 1061 1599 1156 1664; x_wconf 89' lang='lat' dir='ltr'>quam</span> <span class='ocrx_word' id='word_1_100' title='bbox 1178 1589 1299 1646; x_wconf 90' lang='lat' dir='ltr'>nosmet</span> <span class='ocrx_word' id='word_1_101' title='bbox 1321 1580 1371 1660; x_wconf 93' lang='lat' dir='ltr'>ip-</span> 
     </span>
     <span class='ocr_line' id='line_1_13' title="bbox 294 1681 1374 1764; baseline 0 -18"><span class='ocrx_word' id='word_1_102' title='bbox 294 1699 355 1746; x_wconf 85' lang='lat' dir='ltr'>sos.</span> <span class='ocrx_word' id='word_1_103' title='bbox 400 1681 615 1764; x_wconf 84' lang='lat' dir='ltr'>Quoniamque</span> <span class='ocrx_word' id='word_1_104' title='bbox 641 1681 694 1747; x_wconf 91' lang='lat' dir='ltr'>illa</span> <span class='ocrx_word' id='word_1_105' title='bbox 725 1701 786 1748; x_wconf 85' lang='lat' dir='ltr'>vox</span> <span class='ocrx_word' id='word_1_106' title='bbox 816 1683 985 1750; x_wconf 83' lang='lat' dir='ltr'>inhumana</span> <span class='ocrx_word' id='word_1_107' title='bbox 1015 1691 1046 1749; x_wconf 90' lang='lat' dir='ltr'>et</span> <span class='ocrx_word' id='word_1_108' title='bbox 1073 1683 1225 1749; x_wconf 84' lang='lat' dir='ltr'>scelerata</span> <span class='ocrx_word' id='word_1_109' title='bbox 1246 1682 1374 1748; x_wconf 76' lang='lat' dir='ltr'>ducitur</span> 
     </span>
     <span class='ocr_line' id='line_1_14' title="bbox 294 1784 1372 1868; baseline 0 -18"><span class='ocrx_word' id='word_1_110' title='bbox 294 1803 411 1864; x_wconf 89' lang='lat' dir='ltr'>eorum,</span> <span class='ocrx_word' id='word_1_111' title='bbox 433 1784 487 1866; x_wconf 90' lang='lat' dir='ltr'>qui</span> <span class='ocrx_word' id='word_1_112' title='bbox 509 1793 624 1866; x_wconf 81' lang='lat' dir='ltr'>negant</span> <span class='ocrx_word' id='word_1_113' title='bbox 646 1803 862 1865; x_wconf 70' lang='lat' dir='ltr'>seracusam,</span> <span class='ocrx_word' id='word_1_114' title='bbox 895 1805 957 1868; x_wconf 89' lang='lat' dir='ltr'>quo</span> <span class='ocrx_word' id='word_1_115' title='bbox 985 1787 1100 1865; x_wconf 81' lang='lat' dir='ltr'>minus,</span> <span class='ocrx_word' id='word_1_116' title='bbox 1122 1786 1200 1867; x_wconf 88' lang='lat' dir='ltr'>ipsis</span> <span class='ocrx_word' id='word_1_117' title='bbox 1228 1785 1372 1862; x_wconf 83' lang='lat' dir='ltr'>mortuis,</span> 
     </span>
     <span class='ocr_line' id='line_1_15' title="bbox 294 1885 1373 1970; baseline -0.002 -18"><span class='ocrx_word' id='word_1_118' title='bbox 294 1893 449 1952; x_wconf 86' lang='lat' dir='ltr'>terrarum</span> <span class='ocrx_word' id='word_1_119' title='bbox 482 1886 618 1951; x_wconf 90' lang='lat' dir='ltr'>omnium</span> <span class='ocrx_word' id='word_1_120' title='bbox 656 1885 839 1969; x_wconf 82' lang='lat' dir='ltr'>deflagratio</span> <span class='ocrx_word' id='word_1_121' title='bbox 877 1895 1085 1970; x_wconf 86' lang='lat' dir='ltr'>consequatur</span> <span class='ocrx_word' id='word_1_122' title='bbox 1118 1889 1216 1970; x_wconf 88' lang='lat' dir='ltr'>(quod</span> <span class='ocrx_word' id='word_1_123' title='bbox 1250 1887 1373 1968; x_wconf 83' lang='lat' dir='ltr'>vulgari</span> 
     </span>
     <span class='ocr_line' id='line_1_16' title="bbox 235 1988 1372 2072; baseline 0.001 -20"><span class='ocrx_word' id='word_1_124' title='bbox 235 1989 276 2052; x_wconf 83' lang='lat'>15</span> <span class='ocrx_word' id='word_1_125' title='bbox 294 1990 427 2070; x_wconf 89' lang='lat' dir='ltr'>quodam</span> <span class='ocrx_word' id='word_1_126' title='bbox 450 2007 545 2053; x_wconf 87' lang='lat' dir='ltr'>versu</span> <span class='ocrx_word' id='word_1_127' title='bbox 567 1988 688 2054; x_wconf 79' lang='lat' dir='ltr'>Graeco</span> <span class='ocrx_word' id='word_1_128' title='bbox 711 1989 907 2072; x_wconf 85' lang='lat' dir='ltr'>pronuntiari</span> <span class='ocrx_word' id='word_1_129' title='bbox 930 1990 1037 2072; x_wconf 84' lang='lat' dir='ltr'>solet),</span> <span class='ocrx_word' id='word_1_130' title='bbox 1071 1997 1155 2055; x_wconf 90' lang='lat' dir='ltr'>certe</span> <span class='ocrx_word' id='word_1_131' title='bbox 1177 2008 1285 2054; x_wconf 91' lang='lat' dir='ltr'>verum</span> <span class='ocrx_word' id='word_1_132' title='bbox 1312 1995 1372 2068; x_wconf 69' lang='lat' dir='ltr'>est,</span> 
     </span>
     <span class='ocr_line' id='line_1_17' title="bbox 294 2090 1372 2174; baseline -0.001 -18"><span class='ocrx_word' id='word_1_133' title='bbox 294 2091 386 2156; x_wconf 87' lang='lat' dir='ltr'>etiam</span> <span class='ocrx_word' id='word_1_134' title='bbox 408 2091 455 2172; x_wconf 84' lang='lat' dir='ltr'>iia,</span> <span class='ocrx_word' id='word_1_135' title='bbox 477 2091 531 2173; x_wconf 91' lang='lat' dir='ltr'>qui</span> <span class='ocrx_word' id='word_1_136' title='bbox 553 2091 720 2173; x_wconf 87' lang='lat' dir='ltr'>aliquando</span> <span class='ocrx_word' id='word_1_137' title='bbox 742 2090 839 2157; x_wconf 89' lang='lat' dir='ltr'>luturi</span> <span class='ocrx_word' id='word_1_138' title='bbox 861 2093 932 2172; x_wconf 74' lang='lat' dir='ltr'>sint</span> <span class='ocrx_word' id='word_1_139' title='bbox 954 2111 1023 2158; x_wconf 89' lang='lat' dir='ltr'>esse</span> <span class='ocrx_word' id='word_1_140' title='bbox 1045 2098 1176 2174; x_wconf 89' lang='lat' dir='ltr'>propter</span> <span class='ocrx_word' id='word_1_141' title='bbox 1196 2092 1372 2173; x_wconf 85' lang='lat' dir='ltr'>ipsoseon·</span> 
     </span>
    </p>
   </div>
   <div class='ocr_carea' id='block_1_3' title="bbox 293 2329 1373 2587">
    <p class='ocr_par' dir='ltr' id='par_1_3' title="bbox 293 2329 1373 2587">
     <span class='ocr_line' id='line_1_18' title="bbox 365 2329 1370 2399; baseline -0.001 -20"><span class='ocrx_word' id='word_1_142' title='bbox 365 2335 386 2380; x_wconf 93' lang='lat' dir='ltr'>l.</span> <span class='ocrx_word' id='word_1_143' title='bbox 406 2330 475 2380; x_wconf 64' lang='lat' dir='ltr'>etrum</span> <span class='ocrx_word' id='word_1_144' title='bbox 494 2335 550 2397; x_wconf 87' lang='lat' dir='ltr'>(pro</span> <span class='ocrx_word' id='word_1_145' title='bbox 568 2333 600 2392; x_wconf 80' lang='lat' dir='ltr'>et)</span> <span class='ocrx_word' id='word_1_146' title='bbox 619 2329 640 2381; x_wconf 83' lang='lat' dir='ltr'>C</span> <span class='ocrx_word' id='word_1_147' title='bbox 658 2341 696 2380; x_wconf 84' lang='lat' dir='ltr'>ter</span> <span class='ocrx_word' id='word_1_148' title='bbox 764 2330 796 2399; x_wconf 77' lang='lat' dir='ltr'>[et</span> <span class='ocrx_word' id='word_1_149' title='bbox 814 2331 939 2382; x_wconf 71' lang='lat' dir='ltr'>desonam</span> <span class='ocrx_word' id='word_1_150' title='bbox 958 2331 992 2399; x_wconf 77' lang='lat' dir='ltr'>A]</span> <span class='ocrx_word' id='word_1_151' title='bbox 1056 2337 1080 2381; x_wconf 76' lang='lat'>³.</span> <span class='ocrx_word' id='word_1_152' title='bbox 1104 2331 1291 2395; x_wconf 75' lang='lat' dir='ltr'>consepudarC</span> <span class='ocrx_word' id='word_1_153' title='bbox 1347 2335 1370 2379; x_wconf 75' lang='grc'>6.</span> 
     </span>
     <span class='ocr_line' id='line_1_19' title="bbox 294 2397 1373 2466; baseline 0.001 -18"><span class='ocrx_word' id='word_1_154' title='bbox 294 2397 408 2464; x_wconf 58' lang='lat' dir='ltr'>wana</span> <span class='ocrx_word' id='word_1_155' title='bbox 427 2399 448 2452; x_wconf 85' lang='lat' dir='ltr'>G</span> <span class='ocrx_word' id='word_1_156' title='bbox 482 2399 598 2450; x_wconf 79' lang='lat' dir='ltr'>lominum</span> <span class='ocrx_word' id='word_1_157' title='bbox 616 2399 714 2451; x_wconf 79' lang='lat' dir='ltr'>LMCR</span> <span class='ocrx_word' id='word_1_158' title='bbox 769 2405 790 2450; x_wconf 83' lang='grc'>7.</span> <span class='ocrx_word' id='word_1_159' title='bbox 809 2400 979 2464; x_wconf 78' lang='lat' dir='ltr'>vituperandae</span> <span class='ocrx_word' id='word_1_160' title='bbox 998 2409 1033 2450; x_wconf 80' lang='lat' dir='ltr'>ert</span> <span class='ocrx_word' id='word_1_161' title='bbox 1050 2400 1213 2452; x_wconf 66' lang='lat' dir='ltr'>nemesus.</span> <span class='ocrx_word' id='word_1_162' title='bbox 1263 2405 1301 2448; x_wconf 87' lang='lat' dir='ltr'>to.</span> <span class='ocrx_word' id='word_1_163' title='bbox 1324 2397 1373 2466; x_wconf 71' lang='lat' dir='ltr'>[tle</span> 
     </span>
     <span class='ocr_line' id='line_1_20' title="bbox 293 2466 1373 2587; baseline 0.001 -70"><span class='ocrx_word' id='word_1_164' title='bbox 293 2467 325 2517; x_wconf 80' lang='lat' dir='ltr'>rit</span> <span class='ocrx_word' id='word_1_165' title='bbox 342 2466 377 2534; x_wconf 76' lang='lat' dir='ltr'>A]</span> <span class='ocrx_word' id='word_1_166' title='bbox 398 2468 430 2517; x_wconf 79' lang='lat' dir='ltr'>rit</span> <span class='ocrx_word' id='word_1_167' title='bbox 446 2468 467 2517; x_wconf 79' lang='lat' dir='ltr'>ie</span> <span class='ocrx_word' id='word_1_168' title='bbox 485 2467 649 2520; x_wconf 69' lang='lat' dir='ltr'>tencatur.</span> <span class='ocrx_word' id='word_1_169' title='bbox 723 2468 844 2536; x_wconf 80' lang='lat' dir='ltr'>[oppetunt</span> <span class='ocrx_word' id='word_1_170' title='bbox 861 2468 910 2587; x_wconf 46' lang='lat' dir='ltr'>Ep}</span> <span class='ocrx_word' id='word_1_171' title='bbox 931 2477 1029 2534; x_wconf 78' lang='lat' dir='ltr'>oppetat</span> <span class='ocrx_word' id='word_1_172' title='bbox 1048 2469 1093 2520; x_wconf 82' lang='lat' dir='ltr'>CR</span> <span class='ocrx_word' id='word_1_173' title='bbox 1164 2472 1202 2518; x_wconf 89' lang='grc'>11.</span> <span class='ocrx_word' id='word_1_174' title='bbox 1229 2467 1317 2536; x_wconf 69' lang='lat' dir='ltr'>[dicut</span> <span class='ocrx_word' id='word_1_175' title='bbox 1337 2471 1373 2527; x_wconf 79' lang='lat' dir='ltr'>A,</span> 
     </span>
    </p>
   </div>
   <div class='ocr_carea' id='block_1_4' title="bbox 282 2535 1375 2674">
    <p class='ocr_par' dir='ltr' id='par_1_4' title="bbox 282 2535 1375 2674">
     <span class='ocr_line' id='line_1_21' title="bbox 294 2535 1375 2606; baseline -0.001 -20"><span class='ocrx_word' id='word_1_176' title='bbox 294 2551 357 2586; x_wconf 87' lang='lat' dir='ltr'>corr.</span> <span class='ocrx_word' id='word_1_177' title='bbox 377 2538 432 2586; x_wconf 83' lang='lat' dir='ltr'>ead.</span> <span class='ocrx_word' id='word_1_178' title='bbox 450 2552 528 2588; x_wconf 81' lang='lat' dir='ltr'>mann</span> <span class='ocrx_word' id='word_1_179' title='bbox 546 2535 639 2605; x_wconf 79' lang='lat' dir='ltr'>doceat]</span> <span class='ocrx_word' id='word_1_180' title='bbox 664 2537 749 2588; x_wconf 82' lang='lat' dir='ltr'>doceat</span> <span class='ocrx_word' id='word_1_181' title='bbox 773 2537 880 2606; x_wconf 80' lang='lat' dir='ltr'><strong>[Eh]LP</strong></span> <span class='ocrx_word' id='word_1_182' title='bbox 932 2537 1044 2588; x_wconf 79' lang='lat' dir='ltr'>docetR</span> <span class='ocrx_word' id='word_1_183' title='bbox 1104 2554 1155 2588; x_wconf 77' lang='lat' dir='ltr'>me</span> <span class='ocrx_word' id='word_1_184' title='bbox 1174 2537 1281 2602; x_wconf 79' lang='lat' dir='ltr'>patriam</span> <span class='ocrx_word' id='word_1_185' title='bbox 1304 2537 1375 2586; x_wconf 74' lang='lat' dir='ltr'>nobie</span> 
     </span>
     <span class='ocr_line' id='line_1_22' title="bbox 282 2604 1267 2674; baseline 0 -20"><span class='ocrx_word' id='word_1_186' title='bbox 282 2604 458 2657; x_wconf 72' lang='lat' dir='ltr'>&#39;LPMCROe</span> <span class='ocrx_word' id='word_1_187' title='bbox 499 2611 537 2659; x_wconf 71' lang='grc'>11.</span> <span class='ocrx_word' id='word_1_188' title='bbox 558 2605 684 2656; x_wconf 77' lang='lat' dir='ltr'>dim&#39;turR</span> <span class='ocrx_word' id='word_1_189' title='bbox 723 2613 759 2657; x_wconf 74' lang='lat' dir='ltr'>ld.</span> <span class='ocrx_word' id='word_1_190' title='bbox 779 2615 850 2658; x_wconf 82' lang='lat' dir='ltr'>terret</span> <span class='ocrx_word' id='word_1_191' title='bbox 867 2606 1007 2656; x_wconf 76' lang='lat' dir='ltr'>omniomlt</span> <span class='ocrx_word' id='word_1_192' title='bbox 1054 2611 1091 2656; x_wconf 76' lang='lat'>15.</span> <span class='ocrx_word' id='word_1_193' title='bbox 1114 2604 1215 2674; x_wconf 73' lang='lat' dir='ltr'>[Gracia</span> <span class='ocrx_word' id='word_1_194' title='bbox 1234 2605 1267 2674; x_wconf 76' lang='lat' dir='ltr'>A]</span> 
     </span>
    </p>
   </div>
   <div class='ocr_carea' id='block_1_5' title="bbox 291 2809 1377 4430">
    <p class='ocr_par' dir='ltr' id='par_1_5' title="bbox 293 2809 1377 3319">
     <span class='ocr_line' id='line_1_23' title="bbox 379 2809 1376 2894; baseline 0.002 -24"><span class='ocrx_word' id='word_1_195' title='bbox 379 2815 454 2889; x_wconf 82' lang='lat' dir='ltr'>quod</span> <span class='ocrx_word' id='word_1_196' title='bbox 474 2809 581 2894; x_wconf 73' lang='lat' dir='ltr'>timeat)</span> <span class='ocrx_word' id='word_1_197' title='bbox 605 2815 671 2872; x_wconf 88' lang='lat' dir='ltr'>Hoo</span> <span class='ocrx_word' id='word_1_198' title='bbox 693 2833 730 2871; x_wconf 90' lang='lat' dir='ltr'>ex</span> <span class='ocrx_word' id='word_1_199' title='bbox 753 2815 798 2872; x_wconf 89' lang='lat' dir='ltr'>ed.</span> <span class='ocrx_word' id='word_1_200' title='bbox 820 2835 865 2890; x_wconf 86' lang='lat' dir='ltr'>pr.</span> <span class='ocrx_word' id='word_1_201' title='bbox 887 2815 1017 2874; x_wconf 85' lang='lat' dir='ltr'>restitnit</span> <span class='ocrx_word' id='word_1_202' title='bbox 1038 2815 1207 2885; x_wconf 76' lang='lat' dir='ltr'>Ernestius3</span> <span class='ocrx_word' id='word_1_203' title='bbox 1236 2813 1331 2873; x_wconf 86' lang='lat' dir='ltr'>Gzius</span> <span class='ocrx_word' id='word_1_204' title='bbox 1356 2834 1376 2872; x_wconf 87' lang='lat' dir='ltr'>a</span> 
     </span>
     <span class='ocr_line' id='line_1_24' title="bbox 294 2897 1376 2976; baseline 0.001 -20"><span class='ocrx_word' id='word_1_205' title='bbox 294 2899 363 2956; x_wconf 85' lang='lat' dir='ltr'>Bas.</span> <span class='ocrx_word' id='word_1_206' title='bbox 386 2909 416 2956; x_wconf 91' lang='lat' dir='ltr'>et</span> <span class='ocrx_word' id='word_1_207' title='bbox 438 2897 517 2958; x_wconf 87' lang='lat' dir='ltr'>Gud.</span> <span class='ocrx_word' id='word_1_208' title='bbox 541 2900 559 2956; x_wconf 82' lang='lat'>2</span> <span class='ocrx_word' id='word_1_209' title='bbox 582 2899 694 2958; x_wconf 84' lang='lat' dir='ltr'>firmari</span> <span class='ocrx_word' id='word_1_210' title='bbox 716 2900 800 2970; x_wconf 82' lang='lat' dir='ltr'>dioit3</span> <span class='ocrx_word' id='word_1_211' title='bbox 823 2903 916 2958; x_wconf 76' lang='lat' dir='ltr'>docear</span> <span class='ocrx_word' id='word_1_212' title='bbox 938 2900 1096 2976; x_wconf 75' lang='lat' dir='ltr'>pleraeque</span> <span class='ocrx_word' id='word_1_213' title='bbox 1113 2901 1178 2958; x_wconf 90' lang='lat' dir='ltr'>edd.</span> <span class='ocrx_word' id='word_1_214' title='bbox 1194 2909 1265 2958; x_wconf 83' lang='lat' dir='ltr'>vett</span> <span class='ocrx_word' id='word_1_215' title='bbox 1304 2899 1376 2957; x_wconf 85' lang='lat' dir='ltr'>Ma·</span> 
     </span>
     <span class='ocr_line' id='line_1_25' title="bbox 293 2983 1377 3067; baseline 0.002 -26"><span class='ocrx_word' id='word_1_216' title='bbox 293 2985 394 3042; x_wconf 74' lang='lat' dir='ltr'>nudus</span> <span class='ocrx_word' id='word_1_217' title='bbox 422 2993 452 3041; x_wconf 91' lang='lat' dir='ltr'>et</span> <span class='ocrx_word' id='word_1_218' title='bbox 473 2984 649 3043; x_wconf 77' lang='lat' dir='ltr'>Lambinus:</span> <span class='ocrx_word' id='word_1_219' title='bbox 682 2988 731 3060; x_wconf 79' lang='lat' dir='ltr'>qai</span> <span class='ocrx_word' id='word_1_220' title='bbox 756 2989 857 3043; x_wconf 83' lang='lat' dir='ltr'>doceat.</span> <span class='ocrx_word' id='word_1_221' title='bbox 890 2983 981 3067; x_wconf 84' lang='lat' dir='ltr'>(sibi,</span> <span class='ocrx_word' id='word_1_222' title='bbox 1015 3004 1073 3044; x_wconf 91' lang='lat' dir='ltr'>non</span> <span class='ocrx_word' id='word_1_223' title='bbox 1107 2987 1247 3044; x_wconf 82' lang='lat' dir='ltr'>continuo</span> <span class='ocrx_word' id='word_1_224' title='bbox 1279 2985 1377 3043; x_wconf 84' lang='lat' dir='ltr'>etiam</span> 
     </span>
     <span class='ocr_line' id='line_1_26' title="bbox 293 3070 1375 3147; baseline 0 -19"><span class='ocrx_word' id='word_1_225' title='bbox 293 3071 409 3142; x_wconf 83' lang='lat' dir='ltr'>ueteris,</span> <span class='ocrx_word' id='word_1_226' title='bbox 432 3070 559 3146; x_wconf 88' lang='lat' dir='ltr'>patriam</span> <span class='ocrx_word' id='word_1_227' title='bbox 581 3070 725 3128; x_wconf 79' lang='lat' dir='ltr'>cariorem</span> <span class='ocrx_word' id='word_1_228' title='bbox 747 3089 821 3140; x_wconf 82' lang='lat' dir='ltr'>esse,</span> <span class='ocrx_word' id='word_1_229' title='bbox 844 3072 913 3129; x_wconf 82' lang='lat' dir='ltr'>talis</span> <span class='ocrx_word' id='word_1_230' title='bbox 935 3073 981 3130; x_wconf 89' lang='lat' dir='ltr'>vir</span> <span class='ocrx_word' id='word_1_231' title='bbox 1003 3072 1148 3143; x_wconf 84' lang='lat' dir='ltr'>declarat,</span> <span class='ocrx_word' id='word_1_232' title='bbox 1178 3090 1235 3130; x_wconf 91' lang='lat' dir='ltr'>non</span> <span class='ocrx_word' id='word_1_233' title='bbox 1259 3071 1375 3147; x_wconf 79' lang='lat' dir='ltr'>docet.)</span> 
     </span>
     <span class='ocr_line' id='line_1_27' title="bbox 294 3155 1376 3232; baseline -0.001 -20"><span class='ocrx_word' id='word_1_234' title='bbox 294 3155 379 3214; x_wconf 78' lang='lat' dir='ltr'>Nobis</span> <span class='ocrx_word' id='word_1_235' title='bbox 401 3175 458 3214; x_wconf 76' lang='lat' dir='ltr'>esse</span> <span class='ocrx_word' id='word_1_236' title='bbox 475 3159 598 3232; x_wconf 67' lang='lat' dir='ltr'>patrnam</span> <span class='ocrx_word' id='word_1_237' title='bbox 620 3156 678 3214; x_wconf 87' lang='lat' dir='ltr'>iam</span> <span class='ocrx_word' id='word_1_238' title='bbox 696 3155 761 3212; x_wconf 87' lang='lat' dir='ltr'>edd.</span> <span class='ocrx_word' id='word_1_239' title='bbox 774 3155 854 3216; x_wconf 88' lang='lat' dir='ltr'>Crat.</span> <span class='ocrx_word' id='word_1_240' title='bbox 877 3157 1008 3224; x_wconf 72' lang='lat' dir='ltr'>otidum,</span> <span class='ocrx_word' id='word_1_241' title='bbox 1031 3157 1131 3215; x_wconf 87' lang='lat' dir='ltr'>neseio</span> <span class='ocrx_word' id='word_1_242' title='bbox 1148 3157 1240 3226; x_wconf 87' lang='lat' dir='ltr'>unde;</span> <span class='ocrx_word' id='word_1_243' title='bbox 1263 3155 1376 3213; x_wconf 81' lang='lat' dir='ltr'>confir-</span> 
     </span>
     <span class='ocr_line' id='line_1_28' title="bbox 293 3238 1112 3319; baseline 0 -21"><span class='ocrx_word' id='word_1_244' title='bbox 293 3250 355 3300; x_wconf 87' lang='lat' dir='ltr'>mat</span> <span class='ocrx_word' id='word_1_245' title='bbox 376 3241 438 3299; x_wconf 86' lang='lat' dir='ltr'>Eri.</span> <span class='ocrx_word' id='word_1_246' title='bbox 502 3238 526 3319; x_wconf 91' lang='lat'>].</span> <span class='ocrx_word' id='word_1_247' title='bbox 1103 3263 1112 3274; x_wconf 89' lang='grc'><em>·</em></span> 
     </span>
    </p>

    <p class='ocr_par' dir='ltr' id='par_1_6' title="bbox 291 3239 1377 4430">
     <span class='ocr_line' id='line_1_29' title="bbox 379 3239 1375 3404; baseline -0.003 -20"><span class='ocrx_word' id='word_1_248' title='bbox 379 3329 427 3386; x_wconf 75' lang='lat' dir='ltr'>ido</span> <span class='ocrx_word' id='word_1_249' title='bbox 448 3239 502 3384; x_wconf 55' lang='lat' dir='ltr'>effi</span> <span class='ocrx_word' id='word_1_250' title='bbox 521 3361 563 3369; x_wconf 81' lang='lat'><em>-</em></span> <span class='ocrx_word' id='word_1_251' title='bbox 584 3346 683 3398; x_wconf 72' lang='lat' dir='ltr'>eorum,</span> <span class='ocrx_word' id='word_1_252' title='bbox 706 3326 767 3403; x_wconf 78' lang='lat' dir='ltr'>qm)</span> <span class='ocrx_word' id='word_1_253' title='bbox 790 3325 865 3386; x_wconf 86' lang='lat' dir='ltr'>Cum</span> <span class='ocrx_word' id='word_1_254' title='bbox 888 3329 930 3384; x_wconf 88' lang='lat' dir='ltr'>ita</span> <span class='ocrx_word' id='word_1_255' title='bbox 952 3327 1099 3404; x_wconf 84' lang='lat' dir='ltr'>posuisset</span> <span class='ocrx_word' id='word_1_256' title='bbox 1117 3329 1174 3398; x_wconf 76' lang='lat' dir='ltr'>illa,</span> <span class='ocrx_word' id='word_1_257' title='bbox 1197 3325 1375 3402; x_wconf 79' lang='lat' dir='ltr'>quasin-ela·</span> 
     </span>
     <span class='ocr_line' id='line_1_30' title="bbox 293 3411 1377 3488; baseline -0.001 -17"><span class='ocrx_word' id='word_1_258' title='bbox 293 3413 385 3471; x_wconf 86' lang='lat' dir='ltr'>tivum</span> <span class='ocrx_word' id='word_1_259' title='bbox 409 3431 571 3488; x_wconf 89' lang='lat' dir='ltr'>pronomen</span> <span class='ocrx_word' id='word_1_260' title='bbox 593 3412 663 3470; x_wconf 84' lang='lat' dir='ltr'>huie</span> <span class='ocrx_word' id='word_1_261' title='bbox 685 3411 916 3471; x_wconf 83' lang='lat' dir='ltr'>demonstrativo</span> <span class='ocrx_word' id='word_1_262' title='bbox 933 3413 1125 3471; x_wconf 82' lang='lat' dir='ltr'>adiuncturus</span> <span class='ocrx_word' id='word_1_263' title='bbox 1148 3421 1234 3484; x_wconf 67' lang='lat' dir='ltr'>esset</span> <span class='ocrx_word' id='word_1_264' title='bbox 1257 3411 1377 3470; x_wconf 86' lang='lat' dir='ltr'>addidit</span> 
     </span>
     <span class='ocr_line' id='line_1_31' title="bbox 293 3496 1374 3574; baseline -0.003 -18"><span class='ocrx_word' id='word_1_265' title='bbox 293 3517 383 3556; x_wconf 78' lang='lat' dir='ltr'>eonon</span> <span class='ocrx_word' id='word_1_266' title='bbox 394 3508 425 3556; x_wconf 87' lang='lat' dir='ltr'>et</span> <span class='ocrx_word' id='word_1_267' title='bbox 435 3498 491 3555; x_wconf 85' lang='lat' dir='ltr'>hoc</span> <span class='ocrx_word' id='word_1_268' title='bbox 503 3498 637 3555; x_wconf 85' lang='lat' dir='ltr'>definivit</span> <span class='ocrx_word' id='word_1_269' title='bbox 653 3497 769 3556; x_wconf 82' lang='lat' dir='ltr'>relativi</span> <span class='ocrx_word' id='word_1_270' title='bbox 786 3499 960 3571; x_wconf 82' lang='lat' dir='ltr'>adiectione,</span> <span class='ocrx_word' id='word_1_271' title='bbox 979 3499 1049 3574; x_wconf 88' lang='lat' dir='ltr'>quia</span> <span class='ocrx_word' id='word_1_272' title='bbox 1066 3499 1104 3555; x_wconf 86' lang='lat' dir='ltr'>ad</span> <span class='ocrx_word' id='word_1_273' title='bbox 1125 3499 1201 3556; x_wconf 86' lang='lat' dir='ltr'>hane</span> <span class='ocrx_word' id='word_1_274' title='bbox 1219 3496 1374 3556; x_wconf 89' lang='lat' dir='ltr'>hominum</span> 
     </span>
     <span class='ocr_line' id='line_1_32' title="bbox 293 3583 1375 3661; baseline -0.002 -19"><span class='ocrx_word' id='word_1_275' title='bbox 293 3583 537 3661; x_wconf 83' lang='lat' dir='ltr'>significationem</span> <span class='ocrx_word' id='word_1_276' title='bbox 559 3583 677 3641; x_wconf 83' lang='lat' dir='ltr'>facilius</span> <span class='ocrx_word' id='word_1_277' title='bbox 699 3585 914 3642; x_wconf 81' lang='lat' dir='ltr'>accommodari</span> <span class='ocrx_word' id='word_1_278' title='bbox 936 3593 1083 3661; x_wconf 72' lang='lat' dir='ltr'>poterant,</span> <span class='ocrx_word' id='word_1_279' title='bbox 1105 3602 1182 3658; x_wconf 85' lang='lat' dir='ltr'>quae</span> <span class='ocrx_word' id='word_1_280' title='bbox 1199 3583 1375 3641; x_wconf 82' lang='lat' dir='ltr'>subicienda</span> 
     </span>
     <span class='ocr_line' id='line_1_33' title="bbox 293 3667 1375 3748; baseline 0 -22"><span class='ocrx_word' id='word_1_281' title='bbox 293 3678 379 3727; x_wconf 88' lang='lat' dir='ltr'>erant</span> <span class='ocrx_word' id='word_1_282' title='bbox 406 3667 448 3748; x_wconf 84' lang='lat' dir='ltr'>(ee</span> <span class='ocrx_word' id='word_1_283' title='bbox 475 3687 600 3726; x_wconf 66' lang='lat' dir='ltr'>remisere</span> <span class='ocrx_word' id='word_1_284' title='bbox 627 3701 667 3712; x_wconf 91' lang='lat'>—</span> <span class='ocrx_word' id='word_1_285' title='bbox 696 3673 763 3745; x_wconf 76' lang='lat' dir='ltr'>epeia</span> <span class='ocrx_word' id='word_1_286' title='bbox 790 3669 924 3745; x_wconf 77' lang='lat' dir='ltr'>mortuis).</span> <span class='ocrx_word' id='word_1_287' title='bbox 972 3672 1021 3728; x_wconf 79' lang='lat' dir='ltr'>Ita</span> <span class='ocrx_word' id='word_1_288' title='bbox 1053 3669 1185 3727; x_wconf 80' lang='lat' dir='ltr'>abundat</span> <span class='ocrx_word' id='word_1_289' title='bbox 1217 3671 1276 3738; x_wconf 72' lang='lat' dir='ltr'>illo,</span> <span class='ocrx_word' id='word_1_290' title='bbox 1311 3667 1375 3726; x_wconf 91' lang='lat' dir='ltr'>nisi</span> 
     </span>
     <span class='ocr_line' id='line_1_34' title="bbox 294 3753 1375 3831; baseline 0 -19"><span class='ocrx_word' id='word_1_291' title='bbox 294 3755 373 3830; x_wconf 88' lang='lat' dir='ltr'>qnod</span> <span class='ocrx_word' id='word_1_292' title='bbox 395 3764 495 3812; x_wconf 84' lang='lat' dir='ltr'>notam</span> <span class='ocrx_word' id='word_1_293' title='bbox 517 3772 620 3812; x_wconf 83' lang='lat' dir='ltr'>vocem</span> <span class='ocrx_word' id='word_1_294' title='bbox 642 3754 832 3813; x_wconf 88' lang='lat' dir='ltr'>demonstrat.</span> <span class='ocrx_word' id='word_1_295' title='bbox 877 3755 1099 3814; x_wconf 87' lang='lat' dir='ltr'>Eiusdemmodi</span> <span class='ocrx_word' id='word_1_296' title='bbox 1121 3755 1256 3830; x_wconf 81' lang='lat' dir='ltr'>exempla</span> <span class='ocrx_word' id='word_1_297' title='bbox 1283 3753 1375 3831; x_wconf 87' lang='lat' dir='ltr'>posui</span> 
     </span>
     <span class='ocr_line' id='line_1_35' title="bbox 292 3838 1373 3920; baseline -0.003 -22"><span class='ocrx_word' id='word_1_298' title='bbox 292 3840 323 3898; x_wconf 92' lang='lat' dir='ltr'>in</span> <span class='ocrx_word' id='word_1_299' title='bbox 346 3839 474 3916; x_wconf 85' lang='lat' dir='ltr'>epistula</span> <span class='ocrx_word' id='word_1_300' title='bbox 484 3840 522 3896; x_wconf 85' lang='lat' dir='ltr'>ad</span> <span class='ocrx_word' id='word_1_301' title='bbox 534 3839 626 3899; x_wconf 88' lang='lat' dir='ltr'>Orell.</span> <span class='ocrx_word' id='word_1_302' title='bbox 648 3859 677 3916; x_wconf 92' lang='lat' dir='ltr'>p.</span> <span class='ocrx_word' id='word_1_303' title='bbox 690 3841 729 3898; x_wconf 82' lang='lat'>79</span> <span class='ocrx_word' id='word_1_304' title='bbox 753 3839 805 3920; x_wconf 86' lang='lat' dir='ltr'>(ex</span> <span class='ocrx_word' id='word_1_305' title='bbox 827 3843 883 3899; x_wconf 84' lang='lat' dir='ltr'>hoo</span> <span class='ocrx_word' id='word_1_306' title='bbox 905 3860 994 3918; x_wconf 88' lang='lat' dir='ltr'>opere</span> <span class='ocrx_word' id='word_1_307' title='bbox 1006 3843 1061 3912; x_wconf 88' lang='lat' dir='ltr'>1v‚</span> <span class='ocrx_word' id='word_1_308' title='bbox 1075 3841 1125 3912; x_wconf 82' lang='grc'>36,</span> <span class='ocrx_word' id='word_1_309' title='bbox 1138 3841 1175 3897; x_wconf 88' lang='lat' dir='ltr'>de</span> <span class='ocrx_word' id='word_1_310' title='bbox 1187 3838 1245 3900; x_wconf 81' lang='lat' dir='ltr'>Off.</span> <span class='ocrx_word' id='word_1_311' title='bbox 1257 3842 1282 3912; x_wconf 94' lang='grc' dir='ltr'>Ι,</span> <span class='ocrx_word' id='word_1_312' title='bbox 1299 3839 1373 3910; x_wconf 88' lang='grc'>119,</span> 
     </span>
     <span class='ocr_line' id='line_1_36' title="bbox 292 3924 1374 4002; baseline -0.004 -18"><span class='ocrx_word' id='word_1_313' title='bbox 292 3927 380 3984; x_wconf 88' lang='lat' dir='ltr'>Verr.</span> <span class='ocrx_word' id='word_1_314' title='bbox 403 3927 441 3995; x_wconf 74' lang='lat' dir='ltr'>V,</span> <span class='ocrx_word' id='word_1_315' title='bbox 468 3927 542 3997; x_wconf 79' lang='grc'>156,</span> <span class='ocrx_word' id='word_1_316' title='bbox 571 3925 695 4000; x_wconf 80' lang='lat' dir='ltr'>Quintil.</span> <span class='ocrx_word' id='word_1_317' title='bbox 717 3927 792 3998; x_wconf 87' lang='grc' dir='ltr'>ΧΠ,</span> <span class='ocrx_word' id='word_1_318' title='bbox 817 3929 846 3998; x_wconf 90' lang='grc'>8,</span> <span class='ocrx_word' id='word_1_319' title='bbox 870 3930 905 3998; x_wconf 89' lang='grc'>4,</span> <span class='ocrx_word' id='word_1_320' title='bbox 940 3926 1042 3986; x_wconf 87' lang='lat' dir='ltr'>Senec.</span> <span class='ocrx_word' id='word_1_321' title='bbox 1066 3926 1102 3984; x_wconf 92' lang='lat' dir='ltr'>de</span> <span class='ocrx_word' id='word_1_322' title='bbox 1125 3925 1227 3984; x_wconf 76' lang='lat' dir='ltr'>consa</span> <span class='ocrx_word' id='word_1_323' title='bbox 1245 3925 1315 4002; x_wconf 89' lang='lat' dir='ltr'>Sap.</span> <span class='ocrx_word' id='word_1_324' title='bbox 1339 3924 1374 3996; x_wconf 89' lang='grc'>9,</span> 
     </span>
     <span class='ocr_line' id='line_1_37' title="bbox 291 4007 1374 4091; baseline -0.003 -21"><span class='ocrx_word' id='word_1_325' title='bbox 291 4010 337 4090; x_wconf 81' lang='grc' dir='ltr'>Ι5).</span> <span class='ocrx_word' id='word_1_326' title='bbox 366 4007 417 4091; x_wconf 82' lang='lat' dir='ltr'>[Q.</span> <span class='ocrx_word' id='word_1_327' title='bbox 429 4011 499 4069; x_wconf 84' lang='lat' dir='ltr'>Nat.</span> <span class='ocrx_word' id='word_1_328' title='bbox 511 4011 554 4082; x_wconf 92' lang='grc' dir='ltr'>Π,</span> <span class='ocrx_word' id='word_1_329' title='bbox 568 4011 617 4082; x_wconf 84' lang='grc'>35,</span> <span class='ocrx_word' id='word_1_330' title='bbox 633 4009 674 4089; x_wconf 94' lang='grc'>1.]</span> <span class='ocrx_word' id='word_1_331' title='bbox 704 4012 827 4070; x_wconf 73' lang='lat' dir='ltr'>oronim</span> <span class='ocrx_word' id='word_1_332' title='bbox 855 4021 923 4090; x_wconf 86' lang='lat' dir='ltr'>post</span> <span class='ocrx_word' id='word_1_333' title='bbox 945 4023 1078 4070; x_wconf 71' lang='lat' dir='ltr'>terrarum</span> <span class='ocrx_word' id='word_1_334' title='bbox 1100 4011 1212 4070; x_wconf 79' lang='lat' dir='ltr'>excidit</span> <span class='ocrx_word' id='word_1_335' title='bbox 1238 4013 1268 4069; x_wconf 90' lang='lat' dir='ltr'>in</span> <span class='ocrx_word' id='word_1_336' title='bbox 1289 4011 1374 4082; x_wconf 72' lang='lat' dir='ltr'>aaa,</span> 
     </span>
     <span class='ocr_line' id='line_1_38' title="bbox 294 4081 1374 4176; baseline -0.006 -20"><span class='ocrx_word' id='word_1_337' title='bbox 294 4095 373 4156; x_wconf 85' lang='lat' dir='ltr'>Gud.</span> <span class='ocrx_word' id='word_1_338' title='bbox 400 4100 425 4153; x_wconf 94' lang='lat'>1.</span> <span class='ocrx_word' id='word_1_339' title='bbox 460 4097 648 4154; x_wconf 81' lang='lat' dir='ltr'>versiculum</span> <span class='ocrx_word' id='word_1_340' title='bbox 671 4095 819 4157; x_wconf 82' lang='lat' dir='ltr'>Graecum</span> <span class='ocrx_word' id='word_1_341' title='bbox 843 4091 957 4176; x_wconf 84' lang='grc' dir='ltr'>(Ἐμοῦ</span> <span class='ocrx_word' id='word_1_342' title='bbox 979 4081 1130 4162; x_wconf 73' lang='grc' dir='ltr'>θανόντος</span> <span class='ocrx_word' id='word_1_343' title='bbox 1146 4099 1218 4173; x_wconf 77' lang='grc' dir='ltr'>γαῖα</span> <span class='ocrx_word' id='word_1_344' title='bbox 1234 4083 1374 4172; x_wconf 60' lang='lat' dir='ltr'>papirium</span> 
     </span>
     <span class='ocr_line' id='line_1_39' title="bbox 292 4175 1374 4261; baseline -0.001 -23"><span class='ocrx_word' id='word_1_345' title='bbox 292 4175 382 4258; x_wconf 75' lang='grc' dir='ltr'>πυρί)</span> <span class='ocrx_word' id='word_1_346' title='bbox 415 4181 584 4240; x_wconf 86' lang='lat' dir='ltr'>nobilitavit</span> <span class='ocrx_word' id='word_1_347' title='bbox 611 4183 726 4242; x_wconf 78' lang='lat' dir='ltr'>Tiberii</span> <span class='ocrx_word' id='word_1_348' title='bbox 753 4201 823 4241; x_wconf 89' lang='lat' dir='ltr'>usus</span> <span class='ocrx_word' id='word_1_349' title='bbox 851 4193 882 4242; x_wconf 92' lang='lat' dir='ltr'>et</span> <span class='ocrx_word' id='word_1_350' title='bbox 907 4183 1036 4242; x_wconf 82' lang='lat' dir='ltr'>Neronis</span> <span class='ocrx_word' id='word_1_351' title='bbox 1064 4183 1187 4240; x_wconf 89' lang='lat' dir='ltr'>mutatio</span> <span class='ocrx_word' id='word_1_352' title='bbox 1214 4180 1288 4261; x_wconf 84' lang='lat' dir='ltr'>(vid.</span> <span class='ocrx_word' id='word_1_353' title='bbox 1310 4180 1374 4238; x_wconf 89' lang='lat' dir='ltr'>Dio</span> 
     </span>
     <span class='ocr_line' id='line_1_40' title="bbox 294 4265 1373 4352; baseline -0.003 -27"><span class='ocrx_word' id='word_1_354' title='bbox 294 4265 376 4325; x_wconf 86' lang='lat' dir='ltr'>Cass.</span> <span class='ocrx_word' id='word_1_355' title='bbox 399 4267 513 4340; x_wconf 85' lang='lat' dir='ltr'>LVIII,</span> <span class='ocrx_word' id='word_1_356' title='bbox 538 4268 595 4340; x_wconf 78' lang='lat'>23,</span> <span class='ocrx_word' id='word_1_357' title='bbox 625 4268 706 4329; x_wconf 71' lang='lat' dir='ltr'>Svet.</span> <span class='ocrx_word' id='word_1_358' title='bbox 729 4269 800 4326; x_wconf 90' lang='lat' dir='ltr'>Ner.</span> <span class='ocrx_word' id='word_1_359' title='bbox 830 4265 894 4352; x_wconf 85' lang='lat'><strong>38).</strong></span> <span class='ocrx_word' id='word_1_360' title='bbox 943 4269 1080 4326; x_wconf 86' lang='lat' dir='ltr'>Alterum</span> <span class='ocrx_word' id='word_1_361' title='bbox 1114 4267 1197 4325; x_wconf 85' lang='lat' dir='ltr'>addit</span> <span class='ocrx_word' id='word_1_362' title='bbox 1224 4266 1373 4328; x_wconf 84' lang='lat' dir='ltr'>Stobeens</span> 
     </span>
     <span class='ocr_line' id='line_1_41' title="bbox 292 4343 1371 4430; baseline 0.001 -20"><span class='ocrx_word' id='word_1_363' title='bbox 292 4351 357 4410; x_wconf 78' lang='lat' dir='ltr'>Ecl.</span> <span class='ocrx_word' id='word_1_364' title='bbox 380 4352 448 4410; x_wconf 86' lang='lat' dir='ltr'>Eth.</span> <span class='ocrx_word' id='word_1_365' title='bbox 471 4373 500 4430; x_wconf 92' lang='lat' dir='ltr'>p.</span> <span class='ocrx_word' id='word_1_366' title='bbox 513 4354 574 4412; x_wconf 81' lang='lat'>254</span> <span class='ocrx_word' id='word_1_367' title='bbox 587 4355 676 4412; x_wconf 89' lang='lat' dir='ltr'>Heer.</span> <span class='ocrx_word' id='word_1_368' title='bbox 703 4343 796 4412; x_wconf 73' lang='lat' dir='ltr'>odolo</span> <span class='ocrx_word' id='word_1_369' title='bbox 813 4346 893 4430; x_wconf 77' lang='grc' dir='ltr'><em>μέλει</em></span> <span class='ocrx_word' id='word_1_370' title='bbox 909 4370 969 4428; x_wconf 83' lang='grc' dir='ltr'>μοι,</span> <span class='ocrx_word' id='word_1_371' title='bbox 992 4345 1030 4410; x_wconf 76' lang='grc' dir='ltr'>τὰ</span> <span class='ocrx_word' id='word_1_372' title='bbox 1045 4343 1097 4425; x_wconf 73' lang='lat' dir='ltr'>’pri</span> <span class='ocrx_word' id='word_1_373' title='bbox 1114 4343 1170 4430; x_wconf 69' lang='grc' dir='ltr'>γὰρ</span> <span class='ocrx_word' id='word_1_374' title='bbox 1187 4349 1284 4417; x_wconf 77' lang='grc' dir='ltr'><strong><em>καλῶς</em></strong></span> <span class='ocrx_word' id='word_1_375' title='bbox 1300 4345 1371 4427; x_wconf 77' lang='grc' dir='ltr'>ἔχει.</span> 
     </span>
    </p>
   </div>
   <div class='ocr_carea' id='block_1_6' title="bbox 0 0 1517 5044">
    <p class='ocr_par' dir='ltr' id='par_1_7' title="bbox 0 0 1517 5044">
     <span class='ocr_line' id='line_1_42' title="bbox 0 0 1517 5044; baseline 0 0"><span class='ocrx_word' id='word_1_376' title='bbox 0 0 1517 5044; x_wconf 95' lang='lat' dir='ltr'> </span> 
     </span>
    </p>
   </div>
  </div>
 </body>
</html>
