2998 5020
419 421 461 466 nn
485 421 650 468 usmete.
677 421 696 466 v
719 421 792 467 cnr.
813 425 852 468 lt.
1095 404 1158 468 663

91 587 224 669 pagabat
245 593 347 652 tamen
369 587 465 652 vitam
486 589 632 670 aucupi03
654 588 879 671 configebat
899 591 1036 654 tardus
1063 589 1158 655 ccle-

91 709 165 768 res,
195 697 302 754 stans
325 690 521 768 volantcS,
544 699 578 756 ut
599 692 683 772 apud
706 691 823 756 Attium
841 697 903 767 est,
926 709 1160 773 pennarumque

90 801 234 856 contextu
255 791 378 872 corpori
400 799 578 874 tegumenta
605 793 741 858 iaciebat
785 795 836 857 33.
860 793 906 857 Dc
928 792 1085 858 hominum
1106 813 1159 874 ge·

90 913 161 960 nere
190 903 245 958 aut
272 893 395 958 omnino
422 895 461 960 de
490 895 665 960 animalium
694 894 820 976 loquor,
859 913 928 958 cnm
956 895 1101 960 orborum
1130 903 1161 960 et

89 995 233 1076 stirpium
254 997 362 1060 eadem
383 1015 481 1077 paene
503 1005 615 1062 natura
634 997 696 1062 sit?
729 997 800 1062 Sive
812 996 901 1075 emm,
924 997 1159 1062 uttloetissimis
1177 999 1198 1065 5

89 1097 163 1162 viris
187 1097 286 1162 visum
308 1105 364 1175 est,
386 1098 486 1162 maior
507 1099 610 1181 aliqua
632 1117 726 1164 causa
747 1105 842 1180 atque
853 1099 986 1164 divinior
1007 1098 1087 1164 hanc
1097 1100 1160 1164 vim

87 1199 239 1280 ingenuit,
268 1200 333 1264 sive
354 1200 413 1265 hoc
434 1201 477 1266 ita
498 1199 534 1264 fit
555 1201 697 1279 fortium,
724 1202 863 1266 videmus
886 1221 937 1279 ca,
971 1219 1051 1283 quse
1073 1209 1161 1266 terra

141 1409 161 1454 l.
182 1403 244 1454 Post
252 1405 353 1468 oncupio
362 1405 421 1454 add.
430 1405 570 1470 scottorum
585 1405 718 1456 LPCROr.
754 1406 838 1456 tardus
853 1405 996 1470 secluseras
1014 1405 1120 1456 volantes
1138 1405 1160 1454 1.

88 1477 101 1520 2
128 1471 198 1537 opud
214 1476 299 1526 cml.
337 1473 508 1538 pinnas-umque
526 1473 568 1523 Or.
609 1481 633 1524 ³.
652 1475 795 1538 corpor-iac
831 1483 854 1527 4.
874 1485 916 1524 aut
934 1491 974 1525 om
998 1475 1021 1523 F.
1057 1481 1079 1523 5.
1100 1473 1160 1524 araim

86 1557 132 1590 om.
153 1541 244 1590 eron
279 1547 301 1589 6,
321 1541 378 1592 viris
396 1544 483 1592 omi.
520 1547 543 1595 7.
562 1543 675 1594 scacis
706 1545 805 1604 sonaito
820 1544 907 1598 ELOr.
943 1543 1159 1594 videamusomnes

170 1733 316 1806 configebat
338 1735 550 1802 turditaceleres,
573 1745 649 1792 atone
671 1734 802 1811 eotenus)
824 1735 907 1792 Haec
919 1734 974 1792 etsi
985 1734 1062 1791 Attii
1082 1743 1159 1804 sunt,

84 1829 183 1874 tamen
207 1817 339 1874 nonnihil
362 1837 425 1875 esse
449 1819 563 1877 deflexa
584 1838 602 1876 a
624 1818 781 1890 Cicerone,
810 1829 927 1896 praeter
955 1819 1158 1895 imperfectum

85 1904 168 1960 verbi
193 1911 307 1978 tempus
330 1904 458 1962 ostendit
479 1905 631 1981 proximus
644 1906 721 1963 Attii
733 1925 845 1976 versus,
868 1906 918 1980 qui
941 1906 971 1962 in
993 1904 1159 1982 fragmento

84 1989 196 2046 veteris
217 1989 400 2064 grammatici
424 1999 491 2064 post
513 1991 707 2050 Censorinum
731 2011 755 2048 c.
772 1994 807 2048 14
831 1999 965 2048 servatus
987 2001 1046 2050 est.
1069 2009 1087 2048 a
1109 1989 1159 2050 Oi-

86 2093 194 2130 cerone
217 2074 386 2130 immutatus
409 2076 477 2150 (pro
499 2087 568 2133 veste
586 2080 678 2151 piranis
689 2078 806 2134 membro
819 2081 896 2133 tentis
907 2075 1043 2151 contegit).
1072 2076 1159 2148 Quod

82 2169 182 2216 autern
208 2158 340 2234 Scaliger
361 2160 399 2216 ab
421 2161 508 2218 Attio
530 2157 671 2237 semotum
694 2163 831 2238 putabat:
859 2165 958 2236 confige
980 2163 1076 2218 tardus
1094 2163 1158 2218 cele·

83 2265 142 2316 res,
176 2255 253 2301 stone
287 2247 418 2314 colomeo,
452 2265 546 2321 neque
568 2251 696 2316 volatiles,
720 2248 798 2322 quod
820 2266 878 2304 non
901 2247 1072 2308 inusitatum
1095 2255 1160 2303 erat

82 2330 271 2400 vocabulum,
294 2330 398 2389 Cicero
421 2341 571 2402 mutasset,
595 2341 625 2388 et
646 2333 738 2392 multo
761 2334 875 2390 acutius
897 2343 927 2389 et
949 2333 1057 2390 rectius
1069 2333 1158 2390 stanti

81 2417 221 2473 volantes
244 2417 384 2473 contrarii
406 2428 473 2474 sunt
495 2437 583 2492 quam
605 2419 749 2476 volatiles.

170 2501 221 2558 33.
244 2502 430 2558 oecononum
445 2523 539 2576 oenone
556 2537 597 2544 -
614 2513 712 2560 natura
724 2499 791 2583 ortt)
814 2503 905 2560 Recte
917 2502 1053 2571 Manutii,
1067 2501 1158 2558 Davi·

80 2588 153 2654 sius,
177 2587 308 2644 Orellius
331 2584 399 2668 [etsi
412 2589 585 2646 ised'lusc.
602 2590 657 2658 1v,
677 2591 715 2647 69
733 2610 762 2666 p.
782 2590 841 2646 346
866 2589 1041 2646 sententiani
1064 2597 1158 2644 muta·

80 2669 140 2752 vit]
159 2673 418 2748 interrogationem
436 2684 621 2731 notaverunt.
650 2675 770 2732 Leniter
786 2675 863 2732 enim
881 2675 985 2732 Cicero
1003 2673 1087 2748 quasi
1105 2673 1158 2730 mi·

78 2759 176 2815 raudo
199 2777 230 2814 se
253 2759 387 2834 corrigit3
415 2769 503 2834 atque
525 2770 646 2836 propter
673 2761 840 2838 negativam
868 2761 949 2817 illam
969 2759 1158 2836 significatio·

79 2863 160 2914 nem,
185 2862 260 2918 quae
282 2844 312 2899 in
336 2843 502 2902 huiusmodi
523 2845 753 2922 interrogatione
776 2855 806 2902 et
817 2846 846 2902 in
863 2845 959 2902 ironia
970 2845 1055 2905 inest.
1078 2852 1158 2901 recte

78 2931 153 3004 poni
178 2939 277 3004 potest
298 2939 346 2985 out
367 2934 483 2996 omnr'no.
512 2932 755 3005 quemadmodum
779 2932 820 3000 ΙΙ,
840 2933 878 2988 55
902 2941 932 2988 et
953 2931 969 2987 I
992 2930 1082 3006 Legg.
1107 2930 1156 3000 36,

78 3035 157 3089 qnos
180 3015 262 3072 locos
284 3014 419 3072 Handius
441 3016 528 3072 Turs.
551 3018 606 3093 Ip.
620 3018 680 3074 539
704 3036 769 3074 cum
781 3017 847 3074 aliis
860 3035 917 3073 non
930 3014 1075 3073 similibus
1088 3034 1156 3072 eon-

78 3101 180 3157 iunxit
204 3100 240 3156 ad
253 3101 430 3176 singularem
443 3102 686 3177 significationem
697 3121 801 3178 parurn
814 3111 893 3159 recte
905 3101 1155 3170 constituendam

77 3187 153 3260 quid
178 3185 256 3242 enim
279 3186 374 3242 simile
396 3186 486 3244 habet
507 3188 580 3244 illud
603 3207 641 3244 ex
664 3187 955 3263 hocopereIV,15:
978 3187 1157 3242 omnibusaat

77 3272 117 3346 (si
142 3271 361 3342 nonomnibus‚
384 3273 502 3348 saltem)
525 3277 649 3330 mammio
670 3283 722 3329 aut
744 3273 831 3343 illud,
856 3291 914 3346 quo
936 3271 962 3328 is
983 3272 1086 3340 utitur,
1108 3281 1156 3327 out

72 3354 192 3433 potius?
216 3357 261 3414 De
284 3357 373 3433 Legg.
388 3359 411 3426 Ι,
425 3359 465 3414 40
488 3377 546 3416 non
569 3358 726 3434 corrigitur
748 3359 892 3433 superius,
916 3357 982 3425 sed,
1006 3356 1084 3431 quod
1107 3375 1157 3412 ne-

76 3444 181 3517 gando
203 3443 313 3498 dictum
336 3453 408 3503 erat.
432 3445 597 3518 explicatur
619 3442 807 3514 affirmand03
830 3444 940 3518 itaque,
964 3453 996 3499 ut
1012 3442 1081 3499 olim
1106 3441 1157 3498 do-

75 3529 136 3600 cui,
163 3528 331 3584 necessario
353 3528 537 3589 scribendum
561 3538 606 3586 est
627 3539 715 3603 atque.
759 3530 825 3586 Hoc
853 3540 949 3586 temen
978 3528 1043 3586 loco
1066 3527 1157 3603 parti-

75 3615 181 3670 culam
203 3623 262 3670 tres
286 3611 354 3670 Gaii
377 3613 492 3672 codices
505 3615 644 3672 omittunt
657 3613 754 3691 (puto,
768 3615 838 3683 nrt,
852 3615 929 3690 Spir.
943 3610 1007 3693 [131.
1021 3613 1100 3672 Gud.
1114 3613 1157 3688 2),

76 3711 109 3756 nt.
133 3699 232 3774 possit
255 3699 363 3772 aliquis
390 3700 488 3775 legere
517 3704 667 3756 eromuino
694 3709 723 3756 et
752 3691 962 3773 ἀποφαντικοῖς
985 3700 1057 3755 haec
1080 3699 1159 3755 dicta

75 3795 202 3860 putare3
226 3803 327 3841 verum
351 3793 412 3841 turn
435 3785 539 3844 Cicero
561 3785 613 3842 vix
636 3785 691 3842 hac
712 3784 807 3842 forma
830 3803 900 3842 usus
922 3794 1013 3842 esset:
1035 3805 1094 3841 eron
1111 3805 1157 3840 ar·

76 3872 175 3927 borram
189 3881 253 3939 cet,
278 3870 330 3926 sed
348 3870 416 3926 hac:
434 3873 519 3945 qaid?
540 3873 667 3928 orborum
678 3891 813 3927 nonne-
832 3878 890 3926 est?
913 3868 987 3949 (utI
1005 3871 1043 3927 N.
1056 3871 1093 3926 D.
1107 3870 1156 3940 98,

74 3957 172 4014 Tusc.
195 3957 219 4016 I.
239 3951 294 4030 34)
317 3965 368 4012 aut
390 3956 458 4012 hae:
492 3959 541 4013 sed
561 3957 687 4014 oritorum
710 3965 764 4013 cet.
813 3956 885 4012 Mox
914 3959 980 4012 enim
1009 3965 1078 4030 post
1104 3957 1158 4012 sine

75 4043 159 4098 Dav.
184 4041 297 4098 addidit
320 4059 357 4098 ex
379 4041 440 4110 El.;
464 4043 636 4099 confirmant
658 4043 746 4098 etiarn
759 4041 836 4117 Spir.
849 4039 905 4118 [B]
928 4050 957 4098 et
979 4041 1042 4099 cod.
1060 4041 1135 4106 Mor.

162 4130 199 4201 fit
215 4127 345 4204 fortuito)
369 4128 494 4184 Fortuita
507 4126 600 4186 Gaius
622 4128 738 4184 etiame
761 4127 838 4202 Spir.
854 4123 923 4206 [B];
947 4127 998 4184 sed
1020 4135 1098 4183 recte
1121 4125 1158 4182 de

74 4215 135 4270 hac
161 4231 234 4270 voce
257 4213 393 4270 Handius
416 4213 578 4288 disputavit
600 4214 687 4270 Turs.
704 4214 736 4270 11
754 4233 783 4288 p.
802 4215 879 4280 743,
911 4213 994 4270 cuius
1016 4211 1157 4269 iudicium

73 4297 281 4373 antiquissimi
304 4297 420 4355 codices
436 4299 736 4370 confirmant,.Paris.
755 4299 842 4355 Tusc.
856 4300 893 4374 (Ι,
908 4295 971 4372 99).
994 4297 1158 4356 Vaticanus

74 4384 225 4460 Philipp..
250 4382 385 4440 meliores
407 4383 549 4441 librorum
572 4384 607 4442 de
630 4383 745 4442 officiis.
789 4384 850 4441 Erl.
874 4384 937 4442 cod.
960 4384 1076 4442 bonitas
1099 4403 1158 4442 non
