3018 5052
293 415 357 480 446
683 431 728 476 ns
750 429 881 476 ursinus
903 429 974 475 aon.

294 621 355 666 non
377 601 504 666 dubium
525 607 583 678 est,
606 599 680 682 quin
702 599 804 677 iniis,
826 617 906 680 quae
928 598 1030 664 media
1052 597 1198 676 dieamus,
1222 599 1263 663 sit
1285 599 1373 666 aliud

294 704 490 782 sumendum,
523 701 607 767 aliud
633 701 837 780 reiciendum,
870 699 1022 782 quidquid
1049 701 1093 765 ita
1114 699 1150 764 fit
1171 711 1227 766 aut
1248 701 1373 780 dicitur,

296 823 386 871 onina
408 803 509 870 officio
531 803 713 870 continetur.
757 803 803 867 Ex
835 821 896 884 quo
924 801 1127 885 intellegitur,
1161 803 1306 884 quoniam
1336 821 1373 867 se

293 907 355 989 ipsi
377 925 483 973 omnes
506 913 619 971 natura
640 905 779 987 diligant,
801 911 866 970 tam
878 904 1074 985 insipientem
1091 923 1183 986 quam
1195 905 1371 986 sapientem

372 1094 492 1150 ‚mom
502 1092 564 1173 lili]¹
594 1090 806 1172 talllJLstcor
829 1091 927 1142 (limmat
941 1090 1127 1170 nurucaor.
1161 1091 1242 1159 Mod
1250 1090 1311 1142 illud
1323 1107 1373 1157 pro

294 1163 401 1214 oliadA
458 1169 480 1214 ³.
500 1162 564 1212 omni
580 1178 665 1212 omnen
683 1177 796 1212 wantum
793 1159 857 1211 '.Or
903 1167 926 1212 4.
946 1159 1009 1226 ipsos
1029 1159 1196 1230 [AJLPMCR
1230 1160 1373 1262 delipantc

379 1339 453 1378 omnic
474 1321 560 1395 officio
582 1315 741 1392 continetur)
762 1318 799 1375 In
820 1334 997 1392 unaquaque
1020 1317 1073 1374 tali
1095 1318 1210 1376 actione
1227 1318 1311 1375 adest
1329 1318 1372 1389 id,

294 1407 372 1482 qnod
383 1406 551 1482 quaerimus
562 1414 592 1462 et
602 1422 668 1461 esse
679 1404 922 1474 demonstramus,
931 1399 1070 1461 orfidum.
1088 1403 1180 1462 Codd.
1190 1403 1279 1462 etiam
1290 1415 1374 1461 cete-

292 1495 482 1562 rorum-omni,
505 1491 584 1566 quod
606 1499 701 1548 ortum
725 1507 788 1546 esse
811 1507 849 1546 ex
871 1487 1056 1546 substantivo
1078 1488 1212 1564 sequenti
1244 1498 1376 1566 apparet

294 1577 404 1656 (Pale
423 1577 631 1647 omittitomne,
653 1575 718 1634 Pal.
743 1575 761 1632 3
783 1593 838 1650 pro
861 1573 997 1631 eohabet
1010 1577 1046 1646 in,
1069 1575 1146 1632 Mor.
1158 1573 1297 1653 occatam).
1334 1576 1374 1633 In

292 1681 394 1720 verum
415 1662 520 1720 incidit
541 1660 697 1720 Gruterus.
731 1657 829 1718 Ceteri
852 1670 950 1716 tamen
972 1660 1184 1734 praetulerunt,
1207 1660 1286 1736 quod
1301 1661 1374 1718 Ma-

292 1748 392 1806 nutius
414 1747 526 1824 primns
554 1765 611 1804 non
640 1744 767 1803 feliciter
793 1745 899 1816 edidit,
932 1749 1064 1802 ornamenti
1083 1748 1180 1820 officio.
1222 1745 1373 1819 Primum,

292 1833 322 1890 in
356 1852 415 1908 quo
443 1849 544 1890 omnes
572 1831 659 1888 etiam
689 1831 831 1888 librorum
859 1830 895 1888 de
917 1827 1023 1888 officiis
1051 1841 1236 1889 enarratores
1258 1841 1373 1904 errant,

294 1938 429 1977 cornnncne
450 1919 567 1993 officinm
589 1935 748 1992 numquam
771 1916 800 1974 in
824 1925 887 1974 arte
909 1935 963 1992 pro
986 1918 1071 1974 nmdio
1094 1917 1203 1974 dictum
1227 1927 1271 1974 est
1293 1927 1374 1975 tanr-

292 2023 380 2102 qnam
402 2004 554 2080 proprium
577 2021 693 2072 nomen,
717 2001 865 2077 quomodo
888 2002 936 2058 hie
954 2011 1121 2078 poneretur,
1144 2021 1239 2078 neque
1251 2001 1374 2062 Graece

292 2079 389 2145 κοινὸν
416 2085 549 2164 καθῆκον
575 2105 714 2162 umquam
742 2087 873 2145 anditum
902 2097 955 2144 est
998 2088 1035 2145 In
1062 2087 1177 2146 libroI
1205 2087 1242 2145 de
1264 2085 1323 2148 off
1351 2090 1373 2148 8

291 2175 322 2231 in
345 2173 489 2232 divisione
512 2172 616 2232 Cicero
638 2173 722 2249 ponit
743 2175 865 2236 mediam
887 2191 947 2230 non
969 2193 1112 2244 commune,
1136 2174 1188 2232 sed
1203 2174 1282 2248 quod
1298 2183 1373 2232 ante

293 2259 423 2330 dixerat,
457 2259 625 2316 huiusmodi
659 2257 757 2316 officia
789 2259 826 2315 ad
860 2258 1075 2318 institutionem
1102 2259 1182 2316 vitae
1204 2261 1374 2318 eommunis

292 2355 426 2420 spectare
454 2352 485 2401 et
506 2343 542 2401 de
565 2344 601 2402 iis
630 2363 661 2402 se
683 2355 815 2401 acturum
839 2342 902 2422 (7),
936 2364 990 2420 pro
1018 2345 1140 2421 propria
1167 2344 1372 2421 appellatione

292 2429 444 2488 substituit
477 2429 524 2486 dcc
551 2449 699 2500 commane,
733 2430 770 2486 ad
798 2430 950 2506 superiora
981 2430 1034 2488 illa
1060 2430 1230 2507 respiciens.
1278 2429 1372 2503 Quod

292 2523 389 2572 autem
412 2515 469 2572 hoc
490 2515 555 2590 ipso
578 2515 643 2573 loco
665 2515 787 2586 dicitnr,
816 2533 950 2572 coonrnnne
970 2517 1083 2591 nliqrcod
1104 2517 1219 2592 officinm
1241 2533 1299 2572 esse
1318 2535 1370 2572 aa·

287 2603 387 2676 picatis
414 2611 439 2657 et
466 2603 627 2677 insipientes,
661 2601 691 2658 id
724 2600 798 2658 nihil
830 2601 939 2658 habere
971 2601 1109 2679 propriae
1148 2600 1370 2677 appellationis,

292 2684 479 2744 manifestum
507 2696 561 2744 est.
604 2686 720 2744 Deinde
748 2687 797 2743 hie
823 2705 860 2743 ne
892 2689 972 2744 medii
998 2687 1115 2762 quidem
1144 2687 1255 2744 nomini
1281 2685 1371 2745 locus

292 2780 345 2844 est,
369 2772 438 2846 quia
461 2770 575 2842 Cicero,
597 2781 631 2829 ut
652 2772 729 2845 dixi,
751 2771 800 2828 hic
823 2790 938 2848 semper
959 2771 1104 2843 officium,
1137 2771 1220 2828 nulla
1248 2770 1370 2830 adiecta

291 2865 371 2928 nota,
393 2856 521 2914 medium
543 2857 702 2933 intellegit,
726 2857 810 2932 qnasi
838 2875 928 2915 unum
951 2858 1003 2930 sit,
1025 2866 1060 2915 nt
1078 2857 1108 2914 in
1126 2857 1192 2933 ipss
1214 2857 1370 2933 superiore

291 2941 422 3018 periodo,
446 2960 511 2999 curn
534 2941 697 3019 perfectum
720 2941 848 3001 officinm
871 2943 1065 3015 nominasset,
1099 2953 1196 3000 tamen
1225 2943 1370 3000 subiecit:

290 3031 317 3085 in
340 3029 435 3102 osficri's
458 3038 579 3104 ponatur
605 3027 677 3106 (non
705 3031 732 3084 in
754 3031 848 3085 prediis
869 3025 978 3110 officiis)
1006 3038 1049 3086 et:
1083 3031 1109 3086 in
1137 3031 1223 3103 officio
1246 3031 1370 3104 pmtitrcr.

290 3111 401 3192 [Paulo
423 3121 491 3170 ante
513 3115 635 3171 dicamas
657 3131 722 3171 curn
745 3113 866 3172 Baitero
889 3133 927 3172 ex
948 3115 979 3171 A
1001 3114 1102 3190 posui,
1124 3123 1158 3172 ut
1174 3115 1274 3190 paucis
1297 3133 1369 3170 ver-

292 3198 372 3256 sibus
394 3208 463 3275 post
479 3199 631 3256 scribitur:
653 3201 962 3274 qnoemedindicomus.
990 3199 1049 3260 Sed
1063 3205 1076 3270 ς
1091 3202 1129 3257 61
1153 3219 1244 3257 enntm
1265 3219 1369 3272 renen,

293 3303 363 3359 quas
386 3317 427 3326 —
450 3282 587 3362 dicimus]

376 3371 426 3426 Er
447 3389 501 3444 quo
522 3367 693 3445 intellepitnr)
716 3369 783 3428 Hoc
805 3369 922 3445 quidem
933 3387 992 3427 non
1015 3371 1084 3428 hinc
1100 3369 1289 3447 intellegitur,
1313 3371 1370 3428 sed

290 3455 367 3512 inest
387 3455 417 3512 in
441 3473 491 3524 eo,
514 3456 594 3530 quod
614 3455 700 3513 initio
722 3457 850 3532 positum
873 3465 950 3527 erat,
973 3456 1068 3527 aliud,
1092 3455 1237 3513 communi
1260 3452 1371 3513 natura

290 3540 418 3598 iubente.
442 3541 624 3612 sumendum,
647 3541 727 3599 alind
739 3541 918 3600 reiciendum
941 3559 1014 3599 esse.
1047 3541 1144 3599 Nimis
1161 3542 1248 3598 etiam
1267 3541 1370 3599 exitus

290 3626 377 3684 huius
399 3627 564 3703 argumenti
586 3623 633 3708 (er
655 3629 843 3702 qnoefficr'tnr,
866 3631 971 3685 cesari
992 3631 1018 3683 in
1041 3631 1087 3692 iis,
1122 3645 1192 3702 qraoe
1214 3628 1301 3684 medic
1323 3627 1369 3682 di-

291 3708 399 3791 cnnncs)
433 3711 557 3770 incurrit
578 3713 608 3770 in
631 3711 723 3782 idem,
752 3731 850 3787 aquo
873 3731 957 3771 orsus
980 3711 1055 3772 Cato
1078 3723 1142 3769 erat
1164 3709 1370 3786 (Qrmninmqae

290 3817 341 3854 iton
363 3798 473 3855 dubiam
494 3808 542 3869 est,
565 3801 630 3873 quin
653 3801 679 3855 in
702 3801 743 3870 iia,
771 3817 841 3873 qnae
863 3801 949 3856 media
972 3797 1194 3875 diremerat).
1237 3797 1281 3858 Ut
1302 3797 1370 3855 dixi

290 3882 357 3954 iam,
381 3901 440 3940 non
463 3883 534 3940 satis
556 3883 755 3960 distingvitur,
779 3893 876 3942 utrum
899 3884 930 3941 id
951 3883 1210 3942 demonstrandum
1229 3884 1275 3954 sit,
1299 3881 1369 3940 oili·

290 3968 368 4026 cinm
391 3967 498 4046 (quod,
522 3968 547 4026 si
570 3969 623 4040 sit,
648 3987 702 4026 sua
722 3979 828 4026 natura
854 3967 885 4026 in
909 3968 1012 4028 mediis
1040 3988 1104 4027 esse
1132 3966 1260 4048 constet)
1288 3987 1367 4041 esse,¹

289 4072 326 4110 an
348 4054 414 4124 hoe,
437 4052 576 4124 officium,
600 4055 680 4129 quod
702 4073 766 4112 esse
788 4055 974 4126 concedatur,
997 4056 1028 4112 in
1045 4054 1287 4124 mediisversari3
1311 4072 1370 4111 nee

290 4139 407 4207 dubito,
442 4140 513 4215 quin
536 4140 609 4197 haec
631 4140 749 4215 quidem
772 4140 859 4198 nimis
881 4149 985 4216 aperta
1006 4140 1084 4198 initii
1106 4149 1136 4198 et
1157 4141 1224 4198 finis
1246 4139 1369 4197 conclu-

290 4225 381 4283 sionis
414 4223 548 4284 coninsic
576 4244 592 4283 e
621 4225 810 4283 festinatione
840 4225 992 4285 Ciceronis
1022 4235 1053 4282 et
1081 4226 1196 4284 incuria
1223 4233 1288 4284 orta
1311 4226 1369 4298 sit3

293 4309 345 4367 cir.
368 4310 406 4367 ad
430 4311 479 4382 28,
503 4311 588 4382 adI,
614 4313 662 4383 19,
686 4312 727 4380 11,
753 4311 801 4368 35.

375 4399 500 4470 quoniam
522 4416 550 4454 se
571 4393 639 4475 ipss)
671 4399 732 4474 Ipsi
758 4396 846 4454 etiam
874 4417 890 4455 e
914 4395 992 4473 Spin.
1021 4392 1076 4477 [B]
1103 4396 1233 4455 restituit
1254 4393 1370 4468 Gaius3
