2956 5028
401 441 445 486 er
469 439 671 486 nnuman
694 439 766 486 cnr.
786 443 827 487 ar.
1099 422 1160 488 311

97 610 216 674 honesta
237 617 269 674 et
290 615 376 674 recto
398 609 469 686 siut,
491 607 561 689 ipsa
583 625 653 674 esse
675 607 825 688 optabilia
846 627 904 689 per
925 625 1004 687 sese,
1026 626 1096 674 cum
1117 609 1162 673 vi-

97 713 215 776 deamus
236 717 326 776 tanta
348 708 450 776 officia
472 709 655 774 morientis?
685 711 755 774 100.
779 708 841 776 Sed
863 709 1074 790 utepisbdam
1095 711 1162 776 lau-

97 813 220 878 dandam
253 813 391 878 arbitror
423 829 506 890 eam,
545 828 639 892 quam
672 811 764 876 modo
798 811 927 876 totidem
960 809 1026 878 lere
1059 813 1161 878 verbis

96 915 310 996 interpretatus
332 932 410 992 sum,
433 931 620 995 quamquam
643 931 681 978 ee
702 932 772 979 cum
794 931 914 978 summa
935 913 1002 979 eius
1024 914 1161 995 philoso-

97 1017 162 1096 phia
182 1017 264 1082 nullo
285 1017 378 1081 modo
400 1013 604 1098 congruebat,
632 1013 676 1080 sle
698 1015 837 1080 eiusdem
859 1021 1078 1080 testamentum
1100 1018 1201 1083 noub

97 1117 185 1182 solum
207 1139 229 1180 a
249 1116 428 1199 philosophi
449 1115 614 1198 gravitate,
636 1116 693 1182 sed
716 1116 809 1182 etiam
831 1116 870 1182 ab
891 1116 992 1198 ipsius
1010 1117 1163 1184 sententia

96 1217 186 1284 iudico
212 1219 402 1301 discrepare.
446 1217 579 1299 Scripsit
605 1217 689 1282 enim
711 1227 744 1282 et
764 1218 869 1283 multis
891 1237 985 1300 saepe
1007 1219 1110 1284 verbis
1132 1226 1163 1286 et

97 1319 222 1386 breviter
240 1328 410 1402 aperteque
425 1320 506 1386 ineo
527 1319 620 1398 libro,
643 1339 735 1402 quem
757 1320 849 1385 modo
871 1319 1041 1398 nominavi,
1068 1338 1162 1385 mor·
1242 1377 1245 1382 .

97 1432 160 1486 tem
179 1422 275 1488 nihil
297 1424 344 1488 ad
365 1441 433 1487 nos
455 1421 668 1503 pertinere3
691 1422 792 1503 quod
814 1421 911 1488 enim
927 1421 1163 1488 dissolutum

159 1631 179 1675 l
195 1631 244 1676 sint
261 1641 310 1676 om.
331 1625 373 1675 [Ρ
390 1633 445 1675 saort
463 1625 516 1676 ult
568 1630 590 1677 2.
609 1633 679 1674 tanta
697 1642 748 1674 aare
765 1624 847 1690 efficia
864 1624 1007 1676 dolosos.
1048 1630 1072 1674 8.
1091 1641 1162 1690 quam

97 1693 177 1746 oruc
222 1701 245 1745 4.
269 1695 293 1744 ei
309 1695 366 1759 (pro
384 1694 465 1756 aas
509 1693 693 1743 memenich
712 1694 784 1744 [ΜΒ
831 1693 968 1760 philosophi
994 1692 1163 1773 [buruch

100 1766 118 1809 8
134 1778 279 1827 nemoquurr
295 1761 476 1827 eonproebatb
520 1761 712 1814 testiinoniamc
766 1766 788 1810 6.
807 1779 825 1812 a
842 1778 892 1812 orn.
911 1777 1004 1812 omues.
1060 1767 1084 1815 7.
1103 1762 1162 1812 euim

97 1829 164 1948 aa&
181 1831 239 1880 etE
276 1835 290 1878 6
285 1829 456 1962 ὥρασι
429 1843 487 1896 (pro
505 1829 617 1896 ewen)
638 1831 655 1880 E
696 1839 797 1895 apteque
818 1829 1008 1899 [elementor.
1044 1831 1166 1881 nominum

97 1914 116 1946 ra
173 1901 190 1949 Ρ
243 1904 266 1948 6.
358 1899 456 1948 entmE

173 2100 244 2147 recto
266 2091 330 2162 ont)
353 2089 424 2147 Sunt
446 2089 535 2146 etiam
556 2108 583 2166 χ,
606 2088 686 2148 Gud.
702 2092 728 2161 1,
750 2089 829 2161 Bas,
853 2109 944 2165 prave
966 2089 996 2146 in
1019 2091 1075 2147 hae
1097 2108 1163 2147 ora-

97 2173 167 2230 tione
188 2174 322 2249 obliqua;
356 2174 440 2250 peius
467 2173 561 2233 Gaius
589 2173 668 2233 Gud.
694 2176 711 2231 2
740 2193 866 2249 sequens
893 2176 1017 2232 verbum
1044 2175 1163 2233 delevit

98 2258 166 2316 Tum
184 2269 259 2317 morta
280 2260 693 2336 offlcrlrreoteAscens.1528
710 2268 741 2318 et
758 2259 835 2318 vioe
847 2269 878 2317 et
893 2260 999 2318 deinde
1015 2259 1163 2320 Gruterum

97 2344 179 2402 ePal.
194 2347 219 2416 l,
242 2345 384 2403 Davisius
403 2345 500 2402 tacite.
534 2343 688 2422 Significat
708 2344 801 2402 enim:
834 2363 900 2402 eum
928 2355 988 2402 tam
1016 2344 1163 2404 officiosas

97 2428 216 2488 actiones
251 2431 403 2488 morientis
431 2430 591 2488 videamus.
647 2431 722 2488 Erat
753 2449 810 2488 esse
836 2430 867 2486 in
895 2430 990 2502 Oxx.,
1024 2429 1118 2490 Gzius
1145 2451 1162 2489 e

97 2523 226 2588 quattuor
246 2515 308 2574 suis
331 2535 362 2574 se
384 2516 415 2572 id
436 2515 601 2574 restituisse
617 2515 674 2586 ait,
697 2515 799 2572 dubito
822 2516 858 2572 de
871 2514 949 2591 Spir.
972 2513 1012 2596 [B
1029 2512 1162 2597 omittit]

176 2602 244 2659 100.
278 2621 383 2658 summ
404 2603 461 2658 eius
478 2599 666 2680 philosophia)
690 2600 765 2660 Cum
787 2601 938 2658 oderetur:
961 2604 1090 2660 sententia
1106 2605 1163 2660 duo

94 2685 251 2762 philosophi,
274 2686 354 2745 vict
377 2697 408 2743 et
429 2685 534 2744 deiude
558 2685 645 2745 Grut.
669 2706 686 2744 a
707 2686 772 2744 Pal.
804 2689 818 2742 1
844 2686 1025 2762 seripserunt
1046 2707 1163 2756 mmma,

97 2768 221 2845 idemque
243 2779 364 2829 notatur
385 2790 439 2847 pro
462 2774 591 2830 sententia
612 2771 643 2827 in
665 2791 723 2848 mg.
746 2770 842 2841 Crat.;
872 2769 966 2830 Gzius
989 2791 1026 2829 ex
1048 2772 1110 2830 Erl.
1134 2782 1164 2830 et

97 2853 166 2930 Spir.
189 2852 243 2937 [B]
266 2856 547 2932 etiampbilosopbrb
568 2856 706 2915 restituit.
737 2855 840 2916 Simile
852 2864 897 2914 est
918 2877 1022 2914 stimmo
1041 2851 1163 2933 respub·

96 2941 155 3010 ὅσας
176 2951 279 2999 contra
299 2961 405 2999 sommo
422 2942 579 3018 philosophi
592 2945 707 3000 ahardus
719 2941 770 2998 vix
781 2951 861 2999 recta
874 2941 989 3000 dieitur.
1012 2939 1164 3022 [Baiterus

92 3026 277 3102 philosophice,
300 3027 367 3086 ooli
380 3032 395 3098 ξ
409 3027 458 3097 86,
471 3028 523 3084 ubi
534 3037 633 3084 tamem
645 3027 734 3104 paulo
746 3027 833 3085 aliter
843 3027 1025 3104 intellegitur
1035 3024 1163 3109 sumam]

96 3109 182 3169 Paulo
203 3120 272 3188 post
292 3132 310 3170 a
333 3113 485 3170 exciderat
506 3113 537 3170 in
559 3113 721 3190 archetypo
742 3111 836 3191 (Oxx.
854 3108 964 3185 ΕΗξψ,
988 3111 1057 3172 Gzii
1069 3113 1163 3186 codd,

96 3191 154 3276 [B,]
175 3197 238 3255 edd.
260 3207 330 3255 ante
346 3197 536 3274 Monetium).

173 3283 284 3340 &witer
294 3283 452 3358 aperteque)
485 3283 577 3341 Recte
588 3282 760 3340 emendator
770 3281 880 3340 codicis
892 3282 917 3339 L
929 3280 973 3360 (st
984 3282 1029 3339 ed.
1041 3278 1163 3362 Marsi);

96 3365 122 3422 in
142 3368 244 3426 ceteris
255 3368 366 3426 omissa
382 3378 447 3426 erat
463 3368 629 3444 compendii
641 3377 711 3425 nota
723 3367 819 3444 (apte).
848 3367 971 3425 Minime
982 3379 1044 3444 apte
1056 3369 1163 3444 Epicu·

94 3470 153 3510 rum
178 3453 303 3526 dixisse,
342 3453 408 3529 ipse
440 3453 545 3512 Cicero
578 3452 733 3512 ostendere
756 3449 908 3522 'conatum
931 3452 983 3510 sed
1005 3454 1164 3512 sineiuvo·

95 3536 176 3596 lucris
197 3539 373 3596 sententiam
395 3548 561 3615 aperuerat
584 3537 700 3616 [Aperte
721 3538 783 3596 Eri.
806 3547 836 3596 at
857 3538 898 3610 B,
921 3537 1042 3596 Halmio
1065 3538 1164 3618 teste]

172 3628 198 3680 in
220 3643 249 3682 eo
271 3625 346 3696 libro,
370 3643 448 3699 quem
470 3627 548 3682 niodo
570 3621 716 3701 comittem)
739 3625 823 3694 §203
846 3641 913 3680 nam
926 3622 956 3680 in
974 3623 1092 3700 dialogo
1104 3645 1164 3684 vox

95 3710 166 3766 modo
184 3717 265 3767 reete
286 3708 415 3768 refertur
436 3712 474 3768 ad
496 3710 541 3781 id,
575 3709 654 3784 quod
682 3709 785 3766 eodem
813 3727 947 3766 sermone
975 3708 1086 3767 dictum
1109 3719 1163 3782 est,

95 3794 144 3851 etsi
165 3794 250 3870 plura
272 3795 426 3853 interiecta
447 3804 552 3872 postea
573 3803 651 3853 sunt.
683 3795 784 3870 Ipsam
806 3793 965 3852 secundem
988 3795 1164 3853 sententiam

95 3877 203 3936 Graece
225 3881 350 3956 ascripsi
372 3880 410 3938 ad
432 3882 457 3952 I,
482 3883 532 3939 40.
577 3881 603 3938 E
626 3877 726 3939 Gellio
748 3880 790 3951 11,
820 3881 839 3937 8
867 3879 1075 3955 intellegimus,
1099 3899 1164 3938 earn

94 3982 212 4040 quoque,
235 3985 312 4040 quae
335 3967 482 4043 sequitur,
515 3964 775 4042 reprehensionem
797 3965 971 4024 Ciceronem
999 3983 1016 4021 a
1039 3965 1165 4025 Graecis

93 4051 279 4108 trausbrlisse.
324 4052 401 4111 Nam
423 4051 465 4109 ibi
487 4052 674 4118 Plutarchus,
696 4069 784 4126 quem
805 4051 903 4126 ipsum
924 4050 1164 4110 hocavetustio-

93 4135 168 4194 ribus
189 4137 349 4212 sumpsisse
370 4147 504 4214 apparet,
526 4137 688 4213 Epicurum
709 4136 933 4212 reprehendisse
946 4135 1061 4208 dicitur,
1064 4137 1164 4230 quod

93 4219 120 4276 in
140 4221 195 4280 hoc
216 4222 388 4318 syllogismo
416 4241 474 4281 non
502 4223 533 4280 in
560 4222 657 4299 prima
678 4231 762 4320 perte
784 4223 944 4298 posuisset:
979 4211 995 4277 ὁ
1024 4206 1164 4288 θάνατος

94 4304 184 4382 ψυχῆς
209 4296 259 4364 καὶ
282 4291 423 4381 σώματος
445 4289 587 4374 διάλυσις.
630 4308 700 4366 Νοιι
722 4307 813 4384 igitur
833 4307 984 4365 notionem
996 4307 1164 4366 dissolutro

93 4390 135 4447 nis
155 4391 298 4468 explicari
321 4391 458 4450 debuisse
482 4391 588 4452 Cicero
611 4393 696 4464 dicit,
720 4402 753 4449 ut
775 4392 950 4469 interpretes
973 4392 1165 4452 reddiderunt
