<?xml version="1.0" encoding="UTF-8"?>
<!DOCTYPE html PUBLIC "-//W3C//DTD XHTML 1.0 Transitional//EN"
    "http://www.w3.org/TR/xhtml1/DTD/xhtml1-transitional.dtd">
<html xmlns="http://www.w3.org/1999/xhtml" xml:lang="en" lang="en">
 <head>
  <title>
</title>
<meta http-equiv="Content-Type" content="text/html;charset=utf-8" />
  <meta name='ocr-system' content='tesseract 3.04.00' />
  <meta name='ocr-capabilities' content='ocr_page ocr_carea ocr_par ocr_line ocrx_word'/>
</head>
<body>
  <div class='ocr_page' id='page_1' title='image "./definibusbonoru04cicegoog_0890.png"; bbox 0 0 2944 5040; ppageno 0'>
   <div class='ocr_carea' id='block_1_1' title="bbox 330 397 984 460">
    <p class='ocr_par' dir='ltr' id='par_1_1' title="bbox 330 397 984 460">
     <span class='ocr_line' id='line_1_1' title="bbox 330 397 984 460; baseline -0.002 -1"><span class='ocrx_word' id='word_1_1' title='bbox 330 397 393 459; x_wconf 89' lang='lat'><strong>814</strong></span> <span class='ocrx_word' id='word_1_2' title='bbox 750 413 923 460; x_wconf 76' lang='lat' dir='ltr'><strong>excursus</strong></span> <span class='ocrx_word' id='word_1_3' title='bbox 941 413 984 458; x_wconf 80' lang='lat' dir='ltr'><strong>ur.</strong></span> 
     </span>
    </p>
   </div>
   <div class='ocr_carea' id='block_1_2' title="bbox 329 585 1393 1260">
    <p class='ocr_par' dir='ltr' id='par_1_2' title="bbox 329 585 1393 1260">
     <span class='ocr_line' id='line_1_2' title="bbox 330 585 1392 660; baseline -0.005 -15"><span class='ocrx_word' id='word_1_4' title='bbox 330 588 354 644; x_wconf 88' lang='lat' dir='ltr'><strong>si</strong></span> <span class='ocrx_word' id='word_1_5' title='bbox 377 586 516 644; x_wconf 86' lang='lat' dir='ltr'><strong>Latinum</strong></span> <span class='ocrx_word' id='word_1_6' title='bbox 539 593 616 642; x_wconf 87' lang='lat' dir='ltr'><strong>asset</strong></span> <span class='ocrx_word' id='word_1_7' title='bbox 637 585 711 642; x_wconf 91' lang='lat' dir='ltr'><strong>illud</strong></span> <span class='ocrx_word' id='word_1_8' title='bbox 733 587 924 660; x_wconf 76' lang='lat' dir='ltr'><strong>uecluqartlra</strong></span> <span class='ocrx_word' id='word_1_9' title='bbox 941 587 1048 660; x_wconf 81' lang='lat' dir='ltr'><strong>quidem</strong></span> <span class='ocrx_word' id='word_1_10' title='bbox 1070 595 1100 642; x_wconf 90' lang='lat' dir='ltr'><strong>et</strong></span> <span class='ocrx_word' id='word_1_11' title='bbox 1122 587 1229 660; x_wconf 81' lang='lat' dir='ltr'><strong>quidem</strong></span> <span class='ocrx_word' id='word_1_12' title='bbox 1252 605 1270 643; x_wconf 88' lang='lat' dir='ltr'><strong>a</strong></span> <span class='ocrx_word' id='word_1_13' title='bbox 1292 605 1338 644; x_wconf 84' lang='lat' dir='ltr'><strong>ner</strong></span> <span class='ocrx_word' id='word_1_14' title='bbox 1357 604 1392 641; x_wconf 87' lang='lat' dir='ltr'><strong>sc-</strong></span> 
     </span>
     <span class='ocr_line' id='line_1_3' title="bbox 329 671 1393 746; baseline -0.004 -16"><span class='ocrx_word' id='word_1_15' title='bbox 329 673 471 742; x_wconf 81' lang='lat' dir='ltr'><strong>iunctum,</strong></span> <span class='ocrx_word' id='word_1_16' title='bbox 494 671 570 728; x_wconf 89' lang='lat' dir='ltr'><strong>hanc</strong></span> <span class='ocrx_word' id='word_1_17' title='bbox 592 671 766 728; x_wconf 78' lang='lat' dir='ltr'><strong>haberemus</strong></span> <span class='ocrx_word' id='word_1_18' title='bbox 789 673 978 729; x_wconf 88' lang='lat' dir='ltr'><strong>seutentiam:</strong></span> <span class='ocrx_word' id='word_1_19' title='bbox 1018 672 1083 728; x_wconf 80' lang='lat' dir='ltr'><strong>Und</strong></span> <span class='ocrx_word' id='word_1_20' title='bbox 1105 673 1175 729; x_wconf 79' lang='lat' dir='ltr'><strong>anob</strong></span> <span class='ocrx_word' id='word_1_21' title='bbox 1197 674 1332 746; x_wconf 73' lang='lat' dir='ltr'><strong>Iugurtha</strong></span> <span class='ocrx_word' id='word_1_22' title='bbox 1352 691 1393 727; x_wconf 75' lang='lat' dir='ltr'><strong>ur·</strong></span> 
     </span>
     <span class='ocr_line' id='line_1_4' title="bbox 329 757 1392 834; baseline -0.003 -20"><span class='ocrx_word' id='word_1_23' title='bbox 329 761 446 832; x_wconf 66' lang='lat' dir='ltr'><strong>nepetam</strong></span> <span class='ocrx_word' id='word_1_24' title='bbox 456 757 537 827; x_wconf 71' lang='lat' dir='ltr'><strong>ambe,</strong></span> <span class='ocrx_word' id='word_1_25' title='bbox 550 775 625 830; x_wconf 88' lang='lat' dir='ltr'><strong>quae</strong></span> <span class='ocrx_word' id='word_1_26' title='bbox 637 757 807 834; x_wconf 83' lang='lat' dir='ltr'>longissime</span> <span class='ocrx_word' id='word_1_27' title='bbox 819 776 838 814; x_wconf 92' lang='lat' dir='ltr'><strong>a</strong></span> <span class='ocrx_word' id='word_1_28' title='bbox 848 758 1016 815; x_wconf 79' lang='lat' dir='ltr'><strong>narratione</strong></span> <span class='ocrx_word' id='word_1_29' title='bbox 1030 757 1164 826; x_wconf 72' lang='lat' dir='ltr'><strong>Sallustii</strong></span> <span class='ocrx_word' id='word_1_30' title='bbox 1174 758 1329 828; x_wconf 84' lang='lat' dir='ltr'><strong>abhorret,</strong></span> <span class='ocrx_word' id='word_1_31' title='bbox 1349 773 1392 812; x_wconf 80' lang='lat' dir='ltr'><strong>nec</strong></span> 
     </span>
     <span class='ocr_line' id='line_1_5' title="bbox 329 842 1391 918; baseline -0.004 -18"><span class='ocrx_word' id='word_1_32' title='bbox 329 844 427 900; x_wconf 90' lang='lat' dir='ltr'><strong>minus</strong></span> <span class='ocrx_word' id='word_1_33' title='bbox 450 842 551 898; x_wconf 88' lang='lat' dir='ltr'><strong>eadam</strong></span> <span class='ocrx_word' id='word_1_34' title='bbox 574 842 778 917; x_wconf 75' lang='lat' dir='ltr'><strong>interpretatio</strong></span> <span class='ocrx_word' id='word_1_35' title='bbox 802 845 948 900; x_wconf 84' lang='lat' dir='ltr'><strong>acetaria</strong></span> <span class='ocrx_word' id='word_1_36' title='bbox 971 842 1058 914; x_wconf 78' lang='lat' dir='ltr'><strong>loeis,</strong></span> <span class='ocrx_word' id='word_1_37' title='bbox 1092 843 1143 900; x_wconf 88' lang='lat' dir='ltr'><strong>ubi</strong></span> <span class='ocrx_word' id='word_1_38' title='bbox 1166 863 1213 900; x_wconf 87' lang='lat' dir='ltr'><strong>nec</strong></span> <span class='ocrx_word' id='word_1_39' title='bbox 1237 875 1273 886; x_wconf 89' lang='lat'><em>-</em></span> <span class='ocrx_word' id='word_1_40' title='bbox 1299 844 1391 918; x_wconf 68' lang='lat' dir='ltr'><strong>qratten</strong></span> 
     </span>
     <span class='ocr_line' id='line_1_6' title="bbox 330 925 1392 1004; baseline -0.005 -18"><span class='ocrx_word' id='word_1_41' title='bbox 330 928 499 986; x_wconf 86' lang='lat' dir='ltr'><strong>defenduut.</strong></span> <span class='ocrx_word' id='word_1_42' title='bbox 543 925 651 1004; x_wconf 79' lang='lat' dir='ltr'><strong>(Gaius</strong></span> <span class='ocrx_word' id='word_1_43' title='bbox 674 928 791 1002; x_wconf 90' lang='lat' dir='ltr'><strong>quidem</strong></span> <span class='ocrx_word' id='word_1_44' title='bbox 813 926 851 986; x_wconf 88' lang='lat' dir='ltr'><strong>ad</strong></span> <span class='ocrx_word' id='word_1_45' title='bbox 873 929 1020 1001; x_wconf 73' lang='lat' dir='ltr'><strong>AcadlL</strong></span> <span class='ocrx_word' id='word_1_46' title='bbox 1035 929 1084 999; x_wconf 79' lang='grc'><strong>82,</strong></span> <span class='ocrx_word' id='word_1_47' title='bbox 1108 937 1141 984; x_wconf 92' lang='lat' dir='ltr'><strong>ut</strong></span> <span class='ocrx_word' id='word_1_48' title='bbox 1158 928 1242 1000; x_wconf 78' lang='lat' dir='ltr'><strong>solet,</strong></span> <span class='ocrx_word' id='word_1_49' title='bbox 1265 928 1392 986; x_wconf 79' lang='lat' dir='ltr'><strong>facillime</strong></span> 
     </span>
     <span class='ocr_line' id='line_1_7' title="bbox 330 1011 1392 1090; baseline -0.003 -19"><span class='ocrx_word' id='word_1_50' title='bbox 330 1014 484 1071; x_wconf 87' lang='lat' dir='ltr'><strong>molestum</strong></span> <span class='ocrx_word' id='word_1_51' title='bbox 506 1013 580 1070; x_wconf 92' lang='lat' dir='ltr'><strong>illud</strong></span> <span class='ocrx_word' id='word_1_52' title='bbox 602 1015 710 1087; x_wconf 80' lang='lat' dir='ltr'><strong>quidem</strong></span> <span class='ocrx_word' id='word_1_53' title='bbox 732 1014 867 1090; x_wconf 87' lang='lat' dir='ltr'><strong>expedit;</strong></span> <span class='ocrx_word' id='word_1_54' title='bbox 900 1015 972 1072; x_wconf 88' lang='lat' dir='ltr'><strong>dicit</strong></span> <span class='ocrx_word' id='word_1_55' title='bbox 1000 1033 1063 1071; x_wconf 89' lang='lat' dir='ltr'><strong>esse</strong></span> <span class='ocrx_word' id='word_1_56' title='bbox 1086 1011 1179 1090; x_wconf 77' lang='lat' dir='ltr'><strong>neruo.)</strong></span> <span class='ocrx_word' id='word_1_57' title='bbox 1224 1014 1282 1073; x_wconf 87' lang='lat' dir='ltr'><strong>Sed</strong></span> <span class='ocrx_word' id='word_1_58' title='bbox 1305 1013 1392 1071; x_wconf 81' lang='lat' dir='ltr'><strong>multis</strong></span> 
     </span>
     <span class='ocr_line' id='line_1_8' title="bbox 329 1098 1391 1176; baseline -0.001 -20"><span class='ocrx_word' id='word_1_59' title='bbox 329 1117 383 1156; x_wconf 92' lang='lat' dir='ltr'><strong>neo</strong></span> <span class='ocrx_word' id='word_1_60' title='bbox 406 1099 538 1157; x_wconf 66' lang='lat' dir='ltr'><strong>obscuris</strong></span> <span class='ocrx_word' id='word_1_61' title='bbox 562 1098 678 1156; x_wconf 84' lang='lat' dir='ltr'><strong>iudiciis</strong></span> <span class='ocrx_word' id='word_1_62' title='bbox 699 1099 832 1176; x_wconf 81' lang='lat' dir='ltr'><strong>intellegi</strong></span> <span class='ocrx_word' id='word_1_63' title='bbox 853 1109 961 1174; x_wconf 79' lang='lat' dir='ltr'><strong>potest,</strong></span> <span class='ocrx_word' id='word_1_64' title='bbox 984 1099 1060 1156; x_wconf 88' lang='lat' dir='ltr'><strong>hano</strong></span> <span class='ocrx_word' id='word_1_65' title='bbox 1082 1099 1292 1174; x_wconf 86' lang='lat' dir='ltr'><strong>particularum</strong></span> <span class='ocrx_word' id='word_1_66' title='bbox 1305 1118 1349 1156; x_wconf 81' lang='lat' dir='ltr'><strong>nec</strong></span> <span class='ocrx_word' id='word_1_67' title='bbox 1362 1131 1391 1140; x_wconf 89' lang='lat'>-</span> 
     </span>
     <span class='ocr_line' id='line_1_9' title="bbox 330 1182 1392 1260; baseline -0.005 -18"><span class='ocrx_word' id='word_1_68' title='bbox 330 1187 436 1260; x_wconf 70' lang='lat' dir='ltr'><strong>qeee‘elem</strong></span> <span class='ocrx_word' id='word_1_69' title='bbox 458 1182 658 1242; x_wconf 84' lang='lat' dir='ltr'><strong>defensionem</strong></span> <span class='ocrx_word' id='word_1_70' title='bbox 681 1185 759 1260; x_wconf 77' lang='lat' dir='ltr'><strong>a&#39;pud</strong></span> <span class='ocrx_word' id='word_1_71' title='bbox 781 1186 889 1242; x_wconf 89' lang='lat' dir='ltr'><strong>multos</strong></span> <span class='ocrx_word' id='word_1_72' title='bbox 906 1185 973 1242; x_wconf 91' lang='lat' dir='ltr'><strong>inde</strong></span> <span class='ocrx_word' id='word_1_73' title='bbox 986 1195 1080 1243; x_wconf 89' lang='lat' dir='ltr'><strong>ortam</strong></span> <span class='ocrx_word' id='word_1_74' title='bbox 1097 1203 1171 1256; x_wconf 73' lang='lat' dir='ltr'><strong>esse,</strong></span> <span class='ocrx_word' id='word_1_75' title='bbox 1195 1185 1392 1260; x_wconf 84' lang='lat' dir='ltr'><strong>quodprcrsns</strong></span> 
     </span>
    </p>
   </div>
   <div class='ocr_carea' id='block_1_3' title="bbox 329 1269 1392 1694">
    <p class='ocr_par' dir='ltr' id='par_1_3' title="bbox 329 1269 1392 1694">
     <span class='ocr_line' id='line_1_10' title="bbox 330 1269 1392 1347; baseline -0.004 -18"><span class='ocrx_word' id='word_1_76' title='bbox 330 1272 507 1347; x_wconf 74' lang='lat' dir='ltr'><strong>ignorarent,</strong></span> <span class='ocrx_word' id='word_1_77' title='bbox 530 1269 610 1344; x_wconf 90' lang='lat' dir='ltr'><strong>quod</strong></span> <span class='ocrx_word' id='word_1_78' title='bbox 631 1269 717 1328; x_wconf 90' lang='lat' dir='ltr'><strong>initio</strong></span> <span class='ocrx_word' id='word_1_79' title='bbox 739 1270 825 1328; x_wconf 90' lang='lat' dir='ltr'><strong>huius</strong></span> <span class='ocrx_word' id='word_1_80' title='bbox 848 1270 1055 1346; x_wconf 77' lang='lat' dir='ltr'><strong>disputationis</strong></span> <span class='ocrx_word' id='word_1_81' title='bbox 1077 1270 1177 1345; x_wconf 83' lang='lat' dir='ltr'><strong>posui,</strong></span> <span class='ocrx_word' id='word_1_82' title='bbox 1199 1271 1230 1326; x_wconf 93' lang='lat' dir='ltr'><strong>in</strong></span> <span class='ocrx_word' id='word_1_83' title='bbox 1252 1269 1392 1346; x_wconf 73' lang='lat' dir='ltr'><strong>particulis</strong></span> 
     </span>
     <span class='ocr_line' id='line_1_11' title="bbox 329 1355 1391 1433; baseline -0.003 -21"><span class='ocrx_word' id='word_1_84' title='bbox 329 1377 361 1412; x_wconf 80' lang='lat' dir='ltr'><strong>ne</strong></span> <span class='ocrx_word' id='word_1_85' title='bbox 383 1390 423 1398; x_wconf 88' lang='lat'><em>-</em></span> <span class='ocrx_word' id='word_1_86' title='bbox 446 1357 553 1430; x_wconf 81' lang='lat' dir='ltr'><strong>quidem</strong></span> <span class='ocrx_word' id='word_1_87' title='bbox 575 1373 639 1412; x_wconf 89' lang='lat' dir='ltr'><strong>essa</strong></span> <span class='ocrx_word' id='word_1_88' title='bbox 661 1355 749 1412; x_wconf 90' lang='lat' dir='ltr'><strong>etiam</strong></span> <span class='ocrx_word' id='word_1_89' title='bbox 771 1356 834 1414; x_wconf 88' lang='lat' dir='ltr'><strong>sine</strong></span> <span class='ocrx_word' id='word_1_90' title='bbox 856 1356 918 1413; x_wconf 91' lang='lat' dir='ltr'><strong>ulla</strong></span> <span class='ocrx_word' id='word_1_91' title='bbox 938 1356 1111 1433; x_wconf 81' lang='lat' dir='ltr'><strong>gradatione</strong></span> <span class='ocrx_word' id='word_1_92' title='bbox 1133 1355 1312 1432; x_wconf 88' lang='lat' dir='ltr'><strong>adiungendi</strong></span> <span class='ocrx_word' id='word_1_93' title='bbox 1333 1355 1391 1412; x_wconf 79' lang='lat' dir='ltr'><strong>vinr.</strong></span> 
     </span>
     <span class='ocr_line' id='line_1_12' title="bbox 329 1433 1390 1519; baseline -0.005 -19"><span class='ocrx_word' id='word_1_94' title='bbox 329 1443 457 1518; x_wconf 90' lang='lat' dir='ltr'><strong>Propter</strong></span> <span class='ocrx_word' id='word_1_95' title='bbox 468 1441 543 1498; x_wconf 89' lang='lat' dir='ltr'><strong>hano</strong></span> <span class='ocrx_word' id='word_1_96' title='bbox 556 1458 673 1498; x_wconf 89' lang='lat' dir='ltr'><strong>causam</strong></span> <span class='ocrx_word' id='word_1_97' title='bbox 685 1441 875 1498; x_wconf 85' lang='lat' dir='ltr'><strong>Heinrichiue</strong></span> <span class='ocrx_word' id='word_1_98' title='bbox 887 1437 939 1519; x_wconf 89' lang='lat' dir='ltr'><strong>(ad</strong></span> <span class='ocrx_word' id='word_1_99' title='bbox 950 1451 1049 1518; x_wconf 88' lang='lat' dir='ltr'><strong>partes</strong></span> <span class='ocrx_word' id='word_1_100' title='bbox 1061 1451 1147 1499; x_wconf 88' lang='lat' dir='ltr'><strong>oratt.</strong></span> <span class='ocrx_word' id='word_1_101' title='bbox 1159 1441 1288 1500; x_wconf 89' lang='lat' dir='ltr'><strong>Tullian.</strong></span> <span class='ocrx_word' id='word_1_102' title='bbox 1304 1461 1332 1516; x_wconf 95' lang='lat' dir='ltr'><strong>p.</strong></span> <span class='ocrx_word' id='word_1_103' title='bbox 1344 1433 1390 1515; x_wconf 81' lang='lat'><strong>80)</strong></span> 
     </span>
     <span class='ocr_line' id='line_1_13' title="bbox 329 1526 1391 1604; baseline -0.006 -20"><span class='ocrx_word' id='word_1_104' title='bbox 329 1527 409 1604; x_wconf 91' lang='lat' dir='ltr'><strong>apud</strong></span> <span class='ocrx_word' id='word_1_105' title='bbox 430 1526 591 1602; x_wconf 86' lang='lat' dir='ltr'><strong>Ulpianum</strong></span> <span class='ocrx_word' id='word_1_106' title='bbox 614 1526 644 1582; x_wconf 94' lang='lat' dir='ltr'><strong>in</strong></span> <span class='ocrx_word' id='word_1_107' title='bbox 667 1527 894 1604; x_wconf 78' lang='lat' dir='ltr'><strong>Digest.111,3‚</strong></span> <span class='ocrx_word' id='word_1_108' title='bbox 915 1529 941 1598; x_wconf 75' lang='lat'><strong>1,</strong></span> <span class='ocrx_word' id='word_1_109' title='bbox 965 1528 1016 1584; x_wconf 91' lang='lat' dir='ltr'><strong>ubi</strong></span> <span class='ocrx_word' id='word_1_110' title='bbox 1039 1527 1191 1584; x_wconf 85' lang='lat' dir='ltr'><strong>scribitur:</strong></span> <span class='ocrx_word' id='word_1_111' title='bbox 1224 1530 1302 1584; x_wconf 74' lang='lat' dir='ltr'><strong>a&#39;cuti</strong></span> <span class='ocrx_word' id='word_1_112' title='bbox 1327 1545 1355 1582; x_wconf 83' lang='lat' dir='ltr'><strong>ae</strong></span> <span class='ocrx_word' id='word_1_113' title='bbox 1373 1527 1391 1579; x_wconf 80' lang='lat' dir='ltr'><strong>ir</strong></span> 
     </span>
     <span class='ocr_line' id='line_1_14' title="bbox 329 1607 1391 1694; baseline -0.004 -25"><span class='ocrx_word' id='word_1_114' title='bbox 329 1615 436 1688; x_wconf 68' lang='lat' dir='ltr'><strong>quadem</strong></span> <span class='ocrx_word' id='word_1_115' title='bbox 459 1612 522 1688; x_wconf 83' lang='lat' dir='ltr'><strong>(wie</strong></span> <span class='ocrx_word' id='word_1_116' title='bbox 543 1613 612 1668; x_wconf 80' lang='lat' dir='ltr'><strong>auct</strong></span> <span class='ocrx_word' id='word_1_117' title='bbox 634 1614 707 1670; x_wconf 80' lang='lat' dir='ltr'><strong>nt&#39;ebt</strong></span> <span class='ocrx_word' id='word_1_118' title='bbox 728 1607 884 1694; x_wconf 72' lang='lat' dir='ltr'><strong>derjem&#39;pe),</strong></span> <span class='ocrx_word' id='word_1_119' title='bbox 913 1613 991 1687; x_wconf 91' lang='lat' dir='ltr'><strong>quod</strong></span> <span class='ocrx_word' id='word_1_120' title='bbox 1019 1613 1075 1669; x_wconf 91' lang='lat' dir='ltr'><strong>hoc</strong></span> <span class='ocrx_word' id='word_1_121' title='bbox 1097 1613 1222 1687; x_wconf 91' lang='lat' dir='ltr'><strong>putabat</strong></span> <span class='ocrx_word' id='word_1_122' title='bbox 1244 1631 1321 1670; x_wconf 84' lang='lat' dir='ltr'><strong>esse:</strong></span> <span class='ocrx_word' id='word_1_123' title='bbox 1353 1612 1391 1666; x_wconf 79' lang='lat' dir='ltr'><strong>aie</strong></span> 
     </span>
    </p>
   </div>
   <div class='ocr_carea' id='block_1_4' title="bbox 328 1699 1391 3294">
    <p class='ocr_par' dir='ltr' id='par_1_4' title="bbox 329 1699 1391 2886">
     <span class='ocr_line' id='line_1_15' title="bbox 329 1699 1391 1773; baseline -0.004 -19"><span class='ocrx_word' id='word_1_124' title='bbox 329 1699 402 1756; x_wconf 80' lang='lat' dir='ltr'><strong>rricbt</strong></span> <span class='ocrx_word' id='word_1_125' title='bbox 423 1699 520 1754; x_wconf 66' lang='lat' dir='ltr'><strong>domat</strong></span> <span class='ocrx_word' id='word_1_126' title='bbox 541 1699 682 1772; x_wconf 68' lang='lat' dir='ltr'><strong>derjenr&#39;pa</strong></span> <span class='ocrx_word' id='word_1_127' title='bbox 705 1699 794 1755; x_wconf 86' lang='lat' dir='ltr'><strong>scribi</strong></span> <span class='ocrx_word' id='word_1_128' title='bbox 815 1699 917 1756; x_wconf 90' lang='lat' dir='ltr'><strong>iussit:</strong></span> <span class='ocrx_word' id='word_1_129' title='bbox 939 1701 1019 1756; x_wconf 77' lang='lat' dir='ltr'><strong>arbuti</strong></span> <span class='ocrx_word' id='word_1_130' title='bbox 1034 1717 1081 1755; x_wconf 83' lang='lat' dir='ltr'><strong>nec</strong></span> <span class='ocrx_word' id='word_1_131' title='bbox 1098 1701 1122 1754; x_wconf 79' lang='lat' dir='ltr'><strong>is</strong></span> <span class='ocrx_word' id='word_1_132' title='bbox 1139 1699 1262 1773; x_wconf 61' lang='lat' dir='ltr'><strong>quidem</strong></span> <span class='ocrx_word' id='word_1_133' title='bbox 1284 1703 1391 1773; x_wconf 81' lang='lat' dir='ltr'><strong>propter</strong></span> 
     </span>
     <span class='ocr_line' id='line_1_16' title="bbox 329 1782 1389 1859; baseline 0 -19"><span class='ocrx_word' id='word_1_134' title='bbox 329 1784 405 1840; x_wconf 88' lang='lat' dir='ltr'><strong>hanc</strong></span> <span class='ocrx_word' id='word_1_135' title='bbox 427 1783 506 1859; x_wconf 91' lang='lat' dir='ltr'><strong>apud</strong></span> <span class='ocrx_word' id='word_1_136' title='bbox 528 1782 700 1842; x_wconf 85' lang='lat' dir='ltr'><strong>Ciceronem</strong></span> <span class='ocrx_word' id='word_1_137' title='bbox 722 1785 759 1840; x_wconf 91' lang='lat' dir='ltr'><strong>de</strong></span> <span class='ocrx_word' id='word_1_138' title='bbox 781 1785 882 1842; x_wconf 84' lang='lat' dir='ltr'><strong>Divin.</strong></span> <span class='ocrx_word' id='word_1_139' title='bbox 904 1785 929 1856; x_wconf 77' lang='grc' dir='ltr'><strong>Ι,</strong></span> <span class='ocrx_word' id='word_1_140' title='bbox 946 1785 1004 1841; x_wconf 80' lang='grc'><strong>112</strong></span> <span class='ocrx_word' id='word_1_141' title='bbox 1029 1802 1095 1840; x_wconf 91' lang='lat' dir='ltr'><strong>cum</strong></span> <span class='ocrx_word' id='word_1_142' title='bbox 1118 1793 1210 1841; x_wconf 87' lang='lat' dir='ltr'><strong>esset:</strong></span> <span class='ocrx_word' id='word_1_143' title='bbox 1239 1783 1282 1840; x_wconf 89' lang='lat' dir='ltr'><strong>Ne</strong></span> <span class='ocrx_word' id='word_1_144' title='bbox 1302 1783 1389 1840; x_wconf 78' lang='lat' dir='ltr'><strong>Pbere</strong></span> 
     </span>
     <span class='ocr_line' id='line_1_17' title="bbox 329 1868 1389 1946; baseline -0.006 -19"><span class='ocrx_word' id='word_1_145' title='bbox 329 1871 409 1944; x_wconf 73' lang='lat' dir='ltr'><strong>tydae</strong></span> <span class='ocrx_word' id='word_1_146' title='bbox 436 1871 560 1944; x_wconf 73' lang='lat' dir='ltr'><strong>quietern,</strong></span> <span class='ocrx_word' id='word_1_147' title='bbox 593 1869 719 1927; x_wconf 87' lang='lat' dir='ltr'><strong>Rathius</strong></span> <span class='ocrx_word' id='word_1_148' title='bbox 748 1869 934 1926; x_wconf 89' lang='lat' dir='ltr'><strong>scribendum</strong></span> <span class='ocrx_word' id='word_1_149' title='bbox 961 1868 1092 1946; x_wconf 79' lang='lat' dir='ltr'><strong>putavit,</strong></span> <span class='ocrx_word' id='word_1_150' title='bbox 1126 1869 1262 1926; x_wconf 87' lang='lat' dir='ltr'><strong>Moserus</strong></span> <span class='ocrx_word' id='word_1_151' title='bbox 1286 1887 1321 1924; x_wconf 88' lang='lat' dir='ltr'><strong>ex</strong></span> <span class='ocrx_word' id='word_1_152' title='bbox 1341 1884 1389 1922; x_wconf 89' lang='lat' dir='ltr'><strong>nno</strong></span> 
     </span>
     <span class='ocr_line' id='line_1_18' title="bbox 329 1953 1389 2031; baseline -0.005 -19"><span class='ocrx_word' id='word_1_153' title='bbox 329 1955 458 2031; x_wconf 88' lang='lat' dir='ltr'><strong>pessimo</strong></span> <span class='ocrx_word' id='word_1_154' title='bbox 481 1954 581 2012; x_wconf 87' lang='lat' dir='ltr'><strong>codice</strong></span> <span class='ocrx_word' id='word_1_155' title='bbox 604 1955 735 2030; x_wconf 86' lang='lat' dir='ltr'><strong>scripsit:</strong></span> <span class='ocrx_word' id='word_1_156' title='bbox 765 1955 822 2012; x_wconf 87' lang='lat' dir='ltr'><strong>Nec</strong></span> <span class='ocrx_word' id='word_1_157' title='bbox 845 1956 1013 2030; x_wconf 77' lang='lat' dir='ltr'><strong>Pherecydes</strong></span> <span class='ocrx_word' id='word_1_158' title='bbox 1036 1955 1153 2029; x_wconf 79' lang='lat' dir='ltr'><strong>qreideen.</strong></span> <span class='ocrx_word' id='word_1_159' title='bbox 1197 1953 1389 2012; x_wconf 85' lang='lat' dir='ltr'><strong>Praeferemus</strong></span> 
     </span>
     <span class='ocr_line' id='line_1_19' title="bbox 329 2039 1388 2117; baseline -0.007 -19"><span class='ocrx_word' id='word_1_160' title='bbox 329 2041 427 2117; x_wconf 84' lang='lat' dir='ltr'><strong>igitur.</strong></span> <span class='ocrx_word' id='word_1_161' title='bbox 451 2040 565 2116; x_wconf 79' lang='lat' dir='ltr'><strong>opinor,</strong></span> <span class='ocrx_word' id='word_1_162' title='bbox 588 2049 622 2097; x_wconf 90' lang='lat' dir='ltr'><strong>nt</strong></span> <span class='ocrx_word' id='word_1_163' title='bbox 633 2041 799 2116; x_wconf 90' lang='lat' dir='ltr'><strong>superiores</strong></span> <span class='ocrx_word' id='word_1_164' title='bbox 811 2039 952 2112; x_wconf 82' lang='lat' dir='ltr'><strong>fecerant,</strong></span> <span class='ocrx_word' id='word_1_165' title='bbox 975 2040 1090 2115; x_wconf 89' lang='lat' dir='ltr'><strong>antiqui</strong></span> <span class='ocrx_word' id='word_1_166' title='bbox 1101 2040 1264 2097; x_wconf 88' lang='lat' dir='ltr'><strong>testimonii</strong></span> <span class='ocrx_word' id='word_1_167' title='bbox 1276 2039 1305 2097; x_wconf 91' lang='lat' dir='ltr'><strong>in</strong></span> <span class='ocrx_word' id='word_1_168' title='bbox 1315 2039 1388 2111; x_wconf 88' lang='lat' dir='ltr'><strong>longe</strong></span> 
     </span>
     <span class='ocr_line' id='line_1_20' title="bbox 329 2121 1387 2201; baseline -0.006 -19"><span class='ocrx_word' id='word_1_169' title='bbox 329 2126 463 2201; x_wconf 82' lang='lat' dir='ltr'><strong>pluribus</strong></span> <span class='ocrx_word' id='word_1_170' title='bbox 484 2126 557 2182; x_wconf 90' lang='lat' dir='ltr'><strong>locis</strong></span> <span class='ocrx_word' id='word_1_171' title='bbox 580 2127 775 2184; x_wconf 88' lang='lat' dir='ltr'><strong>constantiam</strong></span> <span class='ocrx_word' id='word_1_172' title='bbox 797 2143 864 2184; x_wconf 88' lang='lat' dir='ltr'><strong>cum</strong></span> <span class='ocrx_word' id='word_1_173' title='bbox 885 2126 999 2184; x_wconf 88' lang='lat' dir='ltr'><strong>ratione</strong></span> <span class='ocrx_word' id='word_1_174' title='bbox 1021 2126 1208 2183; x_wconf 89' lang='lat' dir='ltr'><strong>coniunctam</strong></span> <span class='ocrx_word' id='word_1_175' title='bbox 1219 2121 1387 2200; x_wconf 84' lang='lat' dir='ltr'><strong>paucissimis</strong></span> 
     </span>
     <span class='ocr_line' id='line_1_21' title="bbox 330 2209 1387 2286; baseline -0.007 -18"><span class='ocrx_word' id='word_1_176' title='bbox 330 2212 473 2268; x_wconf 91' lang='lat' dir='ltr'><strong>bonorum</strong></span> <span class='ocrx_word' id='word_1_177' title='bbox 496 2211 647 2280; x_wconf 76' lang='lat' dir='ltr'><strong>librorum,</strong></span> <span class='ocrx_word' id='word_1_178' title='bbox 670 2212 770 2269; x_wconf 90' lang='lat' dir='ltr'><strong>multis</strong></span> <span class='ocrx_word' id='word_1_179' title='bbox 791 2212 989 2269; x_wconf 89' lang='lat' dir='ltr'><strong>recentiorum</strong></span> <span class='ocrx_word' id='word_1_180' title='bbox 1011 2211 1134 2284; x_wconf 74' lang='lat' dir='ltr'><strong>mendis,</strong></span> <span class='ocrx_word' id='word_1_181' title='bbox 1158 2219 1248 2286; x_wconf 89' lang='lat' dir='ltr'><strong>atque</strong></span> <span class='ocrx_word' id='word_1_182' title='bbox 1270 2211 1305 2268; x_wconf 89' lang='lat' dir='ltr'><strong>ad</strong></span> <span class='ocrx_word' id='word_1_183' title='bbox 1325 2209 1387 2264; x_wconf 86' lang='lat' dir='ltr'><strong>hanc</strong></span> 
     </span>
     <span class='ocr_line' id='line_1_22' title="bbox 330 2291 1388 2374; baseline 0.002 -22"><span class='ocrx_word' id='word_1_184' title='bbox 330 2297 504 2353; x_wconf 86' lang='lat' dir='ltr'><strong>sententiam</strong></span> <span class='ocrx_word' id='word_1_185' title='bbox 527 2297 754 2354; x_wconf 86' lang='lat' dir='ltr'><strong>confirmandam</strong></span> <span class='ocrx_word' id='word_1_186' title='bbox 765 2298 818 2355; x_wconf 91' lang='lat' dir='ltr'><strong>illo</strong></span> <span class='ocrx_word' id='word_1_187' title='bbox 834 2305 1109 2374; x_wconf 88' lang='lat' dir='ltr'><strong>postramoutemur</strong></span> <span class='ocrx_word' id='word_1_188' title='bbox 1120 2305 1300 2373; x_wconf 68' lang='lat' dir='ltr'><strong>argumento,</strong></span> <span class='ocrx_word' id='word_1_189' title='bbox 1321 2291 1388 2368; x_wconf 78' lang='lat' dir='ltr'><strong>qnod</strong></span> 
     </span>
     <span class='ocr_line' id='line_1_23' title="bbox 329 2379 1386 2459; baseline -0.001 -21"><span class='ocrx_word' id='word_1_190' title='bbox 329 2382 442 2439; x_wconf 88' lang='lat' dir='ltr'><strong>librarii</strong></span> <span class='ocrx_word' id='word_1_191' title='bbox 466 2399 501 2438; x_wconf 84' lang='lat' dir='ltr'><strong>ex</strong></span> <span class='ocrx_word' id='word_1_192' title='bbox 524 2401 556 2437; x_wconf 77' lang='lat' dir='ltr'><strong>ne</strong></span> <span class='ocrx_word' id='word_1_193' title='bbox 578 2414 618 2423; x_wconf 96' lang='lat'>—</span> <span class='ocrx_word' id='word_1_194' title='bbox 641 2384 748 2458; x_wconf 80' lang='lat' dir='ltr'><strong>quidem</strong></span> <span class='ocrx_word' id='word_1_195' title='bbox 769 2402 911 2459; x_wconf 87' lang='lat' dir='ltr'><strong>persaepe</strong></span> <span class='ocrx_word' id='word_1_196' title='bbox 932 2381 1067 2440; x_wconf 82' lang='lat' dir='ltr'><strong>fecerunt</strong></span> <span class='ocrx_word' id='word_1_197' title='bbox 1088 2385 1304 2456; x_wconf 83' lang='lat' dir='ltr'><strong>nec-quidem</strong></span> <span class='ocrx_word' id='word_1_198' title='bbox 1313 2379 1386 2436; x_wconf 77' lang='lat' dir='ltr'><strong>unius</strong></span> 
     </span>
     <span class='ocr_line' id='line_1_24' title="bbox 330 2466 1386 2544; baseline 0 -20"><span class='ocrx_word' id='word_1_199' title='bbox 330 2468 445 2524; x_wconf 85' lang='lat' dir='ltr'><strong>litterae</strong></span> <span class='ocrx_word' id='word_1_200' title='bbox 468 2466 628 2537; x_wconf 74' lang='lat' dir='ltr'><strong>additione,</strong></span> <span class='ocrx_word' id='word_1_201' title='bbox 650 2468 681 2525; x_wconf 91' lang='lat' dir='ltr'><strong>id</strong></span> <span class='ocrx_word' id='word_1_202' title='bbox 703 2478 810 2540; x_wconf 85' lang='lat' dir='ltr'><strong>autem,</strong></span> <span class='ocrx_word' id='word_1_203' title='bbox 834 2469 911 2544; x_wconf 89' lang='lat' dir='ltr'><strong>quod</strong></span> <span class='ocrx_word' id='word_1_204' title='bbox 934 2469 1023 2544; x_wconf 88' lang='lat' dir='ltr'><strong>paulo</strong></span> <span class='ocrx_word' id='word_1_205' title='bbox 1045 2468 1162 2544; x_wconf 84' lang='lat' dir='ltr'><strong>longius</strong></span> <span class='ocrx_word' id='word_1_206' title='bbox 1184 2468 1289 2538; x_wconf 70' lang='lat' dir='ltr'><strong>distat,</strong></span> <span class='ocrx_word' id='word_1_207' title='bbox 1315 2481 1386 2538; x_wconf 78' lang='lat' dir='ltr'><strong>aeque</strong></span> 
     </span>
     <span class='ocr_line' id='line_1_25' title="bbox 331 2552 1384 2629; baseline 0.004 -21"><span class='ocrx_word' id='word_1_208' title='bbox 331 2585 371 2595; x_wconf 91' lang='lat'><em>-</em></span> <span class='ocrx_word' id='word_1_209' title='bbox 394 2554 510 2626; x_wconf 73' lang='lat' dir='ltr'><strong>quidem,</strong></span> <span class='ocrx_word' id='word_1_210' title='bbox 532 2552 680 2610; x_wconf 88' lang='lat' dir='ltr'><strong>rarissime</strong></span> <span class='ocrx_word' id='word_1_211' title='bbox 703 2573 737 2610; x_wconf 90' lang='lat' dir='ltr'><strong>ac</strong></span> <span class='ocrx_word' id='word_1_212' title='bbox 758 2573 852 2629; x_wconf 90' lang='lat' dir='ltr'><strong>paene</strong></span> <span class='ocrx_word' id='word_1_213' title='bbox 864 2571 1007 2628; x_wconf 86' lang='lat' dir='ltr'><strong>nusquam</strong></span> <span class='ocrx_word' id='word_1_214' title='bbox 1027 2554 1221 2629; x_wconf 80' lang='lat' dir='ltr'><strong>scripserunt3</strong></span> <span class='ocrx_word' id='word_1_215' title='bbox 1244 2561 1274 2610; x_wconf 92' lang='lat' dir='ltr'><strong>et</strong></span> <span class='ocrx_word' id='word_1_216' title='bbox 1293 2562 1384 2612; x_wconf 79' lang='lat' dir='ltr'><strong>tamea</strong></span> 
     </span>
     <span class='ocr_line' id='line_1_26' title="bbox 329 2633 1384 2715; baseline -0.004 -21"><span class='ocrx_word' id='word_1_217' title='bbox 329 2647 363 2694; x_wconf 91' lang='lat' dir='ltr'><strong>ut</strong></span> <span class='ocrx_word' id='word_1_218' title='bbox 384 2656 437 2712; x_wconf 92' lang='lat' dir='ltr'><strong>pro</strong></span> <span class='ocrx_word' id='word_1_219' title='bbox 460 2657 492 2693; x_wconf 83' lang='lat' dir='ltr'><strong>ne</strong></span> <span class='ocrx_word' id='word_1_220' title='bbox 515 2671 554 2680; x_wconf 91' lang='lat'><em>-</em></span> <span class='ocrx_word' id='word_1_221' title='bbox 578 2641 685 2712; x_wconf 82' lang='lat' dir='ltr'><strong>quidem</strong></span> <span class='ocrx_word' id='word_1_222' title='bbox 706 2640 885 2715; x_wconf 86' lang='lat' dir='ltr'><strong>posteriores</strong></span> <span class='ocrx_word' id='word_1_223' title='bbox 908 2648 937 2697; x_wconf 90' lang='lat' dir='ltr'><strong>et</strong></span> <span class='ocrx_word' id='word_1_224' title='bbox 959 2659 1005 2696; x_wconf 79' lang='lat' dir='ltr'><strong>nec</strong></span> <span class='ocrx_word' id='word_1_225' title='bbox 1027 2647 1162 2714; x_wconf 71' lang='lat' dir='ltr'><strong>atraeque</strong></span> <span class='ocrx_word' id='word_1_226' title='bbox 1184 2639 1330 2706; x_wconf 79' lang='lat' dir='ltr'><strong>dixerunt,</strong></span> <span class='ocrx_word' id='word_1_227' title='bbox 1350 2633 1384 2690; x_wconf 82' lang='lat' dir='ltr'><strong>sic</strong></span> 
     </span>
     <span class='ocr_line' id='line_1_27' title="bbox 330 2717 1383 2798; baseline 0 -19"><span class='ocrx_word' id='word_1_228' title='bbox 330 2724 419 2780; x_wconf 89' lang='lat' dir='ltr'><strong>etiam</strong></span> <span class='ocrx_word' id='word_1_229' title='bbox 448 2742 532 2797; x_wconf 85' lang='lat' dir='ltr'><strong>neque</strong></span> <span class='ocrx_word' id='word_1_230' title='bbox 554 2756 593 2765; x_wconf 91' lang='lat'><em>-</em></span> <span class='ocrx_word' id='word_1_231' title='bbox 617 2726 724 2798; x_wconf 83' lang='lat' dir='ltr'><strong>quidem</strong></span> <span class='ocrx_word' id='word_1_232' title='bbox 751 2725 897 2783; x_wconf 87' lang='lat' dir='ltr'><strong>interdum</strong></span> <span class='ocrx_word' id='word_1_233' title='bbox 926 2725 983 2782; x_wconf 90' lang='lat' dir='ltr'><strong>dici</strong></span> <span class='ocrx_word' id='word_1_234' title='bbox 1012 2733 1239 2782; x_wconf 83' lang='lat' dir='ltr'><strong>consentaneum</strong></span> <span class='ocrx_word' id='word_1_235' title='bbox 1268 2729 1336 2790; x_wconf 74' lang='lat' dir='ltr'><strong>erat,</strong></span> <span class='ocrx_word' id='word_1_236' title='bbox 1365 2717 1383 2773; x_wconf 80' lang='lat' dir='ltr'><strong>si</strong></span> 
     </span>
     <span class='ocr_line' id='line_1_28' title="bbox 330 2807 675 2886; baseline 0.003 -22"><span class='ocrx_word' id='word_1_237' title='bbox 330 2809 453 2865; x_wconf 88' lang='lat' dir='ltr'><strong>alterum</strong></span> <span class='ocrx_word' id='word_1_238' title='bbox 478 2807 633 2866; x_wconf 71' lang='lat' dir='ltr'><strong>diceretur</strong></span> <span class='ocrx_word' id='word_1_239' title='bbox 647 2807 675 2886; x_wconf 87' lang='lat'><strong>¹)</strong></span> 
     </span>
    </p>

    <p class='ocr_par' dir='ltr' id='par_1_5' title="bbox 328 2888 1383 3294">
     <span class='ocr_line' id='line_1_29' title="bbox 415 2888 1383 2970; baseline -0.01 -17"><span class='ocrx_word' id='word_1_240' title='bbox 415 2893 495 2953; x_wconf 87' lang='lat' dir='ltr'><strong>Satis</strong></span> <span class='ocrx_word' id='word_1_241' title='bbox 517 2895 673 2952; x_wconf 87' lang='lat' dir='ltr'><strong>verborum</strong></span> <span class='ocrx_word' id='word_1_242' title='bbox 697 2896 732 2952; x_wconf 93' lang='lat' dir='ltr'><strong>de</strong></span> <span class='ocrx_word' id='word_1_243' title='bbox 754 2915 813 2953; x_wconf 90' lang='lat' dir='ltr'><strong>una</strong></span> <span class='ocrx_word' id='word_1_244' title='bbox 834 2895 980 2964; x_wconf 84' lang='lat' dir='ltr'><strong>litterula;</strong></span> <span class='ocrx_word' id='word_1_245' title='bbox 1003 2895 1163 2970; x_wconf 91' lang='lat' dir='ltr'><strong>sedpotius</strong></span> <span class='ocrx_word' id='word_1_246' title='bbox 1177 2893 1264 2969; x_wconf 87' lang='lat' dir='ltr'><strong>plura</strong></span> <span class='ocrx_word' id='word_1_247' title='bbox 1279 2888 1383 2950; x_wconf 86' lang='lat' dir='ltr'><strong>dicanda</strong></span> 
     </span>
     <span class='ocr_line' id='line_1_30' title="bbox 328 2973 1383 3055; baseline -0.006 -19"><span class='ocrx_word' id='word_1_248' title='bbox 328 2979 440 3055; x_wconf 80' lang='lat' dir='ltr'><strong>putavi,</strong></span> <span class='ocrx_word' id='word_1_249' title='bbox 464 2997 553 3054; x_wconf 89' lang='lat' dir='ltr'><strong>quam</strong></span> <span class='ocrx_word' id='word_1_250' title='bbox 575 2981 826 3052; x_wconf 80' lang='lat' dir='ltr'><strong>committendum,</strong></span> <span class='ocrx_word' id='word_1_251' title='bbox 850 2991 891 3049; x_wconf 72' lang='lat' dir='ltr'><strong>ut</strong></span> <span class='ocrx_word' id='word_1_252' title='bbox 915 2981 939 3038; x_wconf 89' lang='lat' dir='ltr'><strong>si</strong></span> <span class='ocrx_word' id='word_1_253' title='bbox 962 2980 1092 3037; x_wconf 79' lang='lat' dir='ltr'><strong>breviter</strong></span> <span class='ocrx_word' id='word_1_254' title='bbox 1114 2980 1289 3037; x_wconf 84' lang='lat' dir='ltr'><strong>seutentiam</strong></span> <span class='ocrx_word' id='word_1_255' title='bbox 1307 2973 1383 3051; x_wconf 86' lang='lat' dir='ltr'><strong>signi-</strong></span> 
     </span>
     <span class='ocr_line' id='line_1_31' title="bbox 329 3062 1382 3143; baseline -0.006 -23"><span class='ocrx_word' id='word_1_256' title='bbox 329 3065 471 3133; x_wconf 76' lang='lat' dir='ltr'><strong>ficassem,</strong></span> <span class='ocrx_word' id='word_1_257' title='bbox 495 3066 660 3124; x_wconf 88' lang='lat' dir='ltr'><strong>obiceretur</strong></span> <span class='ocrx_word' id='word_1_258' title='bbox 682 3077 830 3142; x_wconf 86' lang='lat' dir='ltr'><strong>tamquam</strong></span> <span class='ocrx_word' id='word_1_259' title='bbox 853 3066 1000 3143; x_wconf 89' lang='lat' dir='ltr'><strong>ignoranti</strong></span> <span class='ocrx_word' id='word_1_260' title='bbox 1022 3067 1111 3142; x_wconf 86' lang='lat' dir='ltr'><strong>longa</strong></span> <span class='ocrx_word' id='word_1_261' title='bbox 1140 3065 1231 3122; x_wconf 85' lang='lat' dir='ltr'><strong>series</strong></span> <span class='ocrx_word' id='word_1_262' title='bbox 1252 3062 1382 3120; x_wconf 89' lang='lat' dir='ltr'><strong>nominum</strong></span> 
     </span>
     <span class='ocr_line' id='line_1_32' title="bbox 330 3145 1383 3228; baseline -0.004 -20"><span class='ocrx_word' id='word_1_263' title='bbox 330 3159 367 3220; x_wconf 68' lang='lat' dir='ltr'><strong>et,</strong></span> <span class='ocrx_word' id='word_1_264' title='bbox 392 3151 416 3208; x_wconf 94' lang='lat' dir='ltr'><strong>si</strong></span> <span class='ocrx_word' id='word_1_265' title='bbox 438 3149 524 3220; x_wconf 72' lang='lat' dir='ltr'><strong>forte.</strong></span> <span class='ocrx_word' id='word_1_266' title='bbox 547 3149 644 3210; x_wconf 87' lang='lat' dir='ltr'><strong>inanis</strong></span> <span class='ocrx_word' id='word_1_267' title='bbox 666 3153 765 3227; x_wconf 86' lang='lat' dir='ltr'><strong>aliqua</strong></span> <span class='ocrx_word' id='word_1_268' title='bbox 787 3152 936 3210; x_wconf 87' lang='lat' dir='ltr'><strong>distinctio</strong></span> <span class='ocrx_word' id='word_1_269' title='bbox 959 3171 997 3208; x_wconf 84' lang='lat' dir='ltr'><strong>ex</strong></span> <span class='ocrx_word' id='word_1_270' title='bbox 1024 3151 1075 3208; x_wconf 92' lang='lat' dir='ltr'><strong>illo</strong></span> <span class='ocrx_word' id='word_1_271' title='bbox 1097 3169 1221 3228; x_wconf 87' lang='lat' dir='ltr'><strong>genere.</strong></span> <span class='ocrx_word' id='word_1_272' title='bbox 1255 3165 1320 3224; x_wconf 86' lang='lat' dir='ltr'><strong>quas</strong></span> <span class='ocrx_word' id='word_1_273' title='bbox 1343 3145 1383 3200; x_wconf 82' lang='lat' dir='ltr'><strong>bic</strong></span> 
     </span>
     <span class='ocr_line' id='line_1_33' title="bbox 330 3237 463 3294; baseline -0.015 0"><span class='ocrx_word' id='word_1_274' title='bbox 330 3237 463 3294; x_wconf 85' lang='lat' dir='ltr'><strong>tractavi.</strong></span> 
     </span>
    </p>
   </div>
   <div class='ocr_carea' id='block_1_5' title="bbox 361 3521 1380 3660">
    <p class='ocr_par' dir='ltr' id='par_1_6' title="bbox 361 3521 1380 3660">
     <span class='ocr_line' id='line_1_34' title="bbox 361 3521 1380 3593; baseline -0.012 -19"><span class='ocrx_word' id='word_1_275' title='bbox 361 3527 379 3586; x_wconf 75' lang='lat' dir='ltr'><strong>¹t</strong></span> <span class='ocrx_word' id='word_1_276' title='bbox 398 3523 450 3574; x_wconf 84' lang='lat' dir='ltr'><strong>Cic.</strong></span> <span class='ocrx_word' id='word_1_277' title='bbox 470 3525 501 3573; x_wconf 91' lang='lat' dir='ltr'><strong>dc</strong></span> <span class='ocrx_word' id='word_1_278' title='bbox 519 3525 578 3576; x_wconf 85' lang='lat' dir='ltr'><strong>Dir.</strong></span> <span class='ocrx_word' id='word_1_279' title='bbox 597 3523 618 3585; x_wconf 90' lang='lat'><strong>1,</strong></span> <span class='ocrx_word' id='word_1_280' title='bbox 639 3528 686 3572; x_wconf 83' lang='lat'><strong>112</strong></span> <span class='ocrx_word' id='word_1_281' title='bbox 710 3521 795 3589; x_wconf 81' lang='lat' dir='ltr'><strong>Neque</strong></span> <span class='ocrx_word' id='word_1_282' title='bbox 813 3523 961 3593; x_wconf 71' lang='lat' dir='ltr'><strong>Pherecydes</strong></span> <span class='ocrx_word' id='word_1_283' title='bbox 978 3523 1072 3590; x_wconf 59' lang='lat' dir='ltr'><strong>mallem</strong></span> <span class='ocrx_word' id='word_1_284' title='bbox 1090 3523 1158 3588; x_wconf 85' lang='lat' dir='ltr'><strong>apud</strong></span> <span class='ocrx_word' id='word_1_285' title='bbox 1177 3521 1295 3573; x_wconf 87' lang='lat' dir='ltr'><strong>Orellium</strong></span> <span class='ocrx_word' id='word_1_286' title='bbox 1311 3527 1380 3567; x_wconf 83' lang='lat' dir='ltr'><strong>errore</strong></span> 
     </span>
     <span class='ocr_line' id='line_1_35' title="bbox 398 3591 817 3660; baseline 0 -18"><span class='ocrx_word' id='word_1_287' title='bbox 398 3592 518 3656; x_wconf 86' lang='lat' dir='ltr'><strong>scriptum</strong></span> <span class='ocrx_word' id='word_1_288' title='bbox 536 3601 574 3642; x_wconf 83' lang='lat' dir='ltr'><strong>eat</strong></span> <span class='ocrx_word' id='word_1_289' title='bbox 590 3607 636 3657; x_wconf 88' lang='lat' dir='ltr'><strong>pro</strong></span> <span class='ocrx_word' id='word_1_290' title='bbox 654 3591 694 3643; x_wconf 88' lang='lat' dir='ltr'><strong>Ne</strong></span> <span class='ocrx_word' id='word_1_291' title='bbox 713 3593 757 3646; x_wconf 80' lang='lat' dir='ltr'><strong>Pl.</strong></span> <span class='ocrx_word' id='word_1_292' title='bbox 777 3613 817 3660; x_wconf 75' lang='lat' dir='ltr'><strong>qu,</strong></span> 
     </span>
    </p>
   </div>
   <div class='ocr_carea' id='block_1_6' title="bbox 0 0 1476 5040">
    <p class='ocr_par' dir='ltr' id='par_1_7' title="bbox 0 0 1476 5040">
     <span class='ocr_line' id='line_1_36' title="bbox 0 0 1476 5040; baseline 0 1"><span class='ocrx_word' id='word_1_293' title='bbox 0 0 1476 5040; x_wconf 95' lang='lat' dir='ltr'><strong> </strong></span> 
     </span>
    </p>
   </div>
  </div>
 </body>
</html>
