2974 5014
440 413 484 459 nr
508 411 588 459 usn
610 411 674 459 nm.
696 411 708 458 1
730 411 803 459 cur.
825 414 848 460 ι.
1156 395 1197 460 47

112 589 253 664 quantus
285 581 423 662 mileum,
466 581 517 648 vel
554 581 649 664 paulo
687 587 742 646 aut
773 581 922 647 maiorem
954 587 1010 648 aut
1040 581 1199 649 minorem.

113 685 166 749 21.
188 683 248 764 lta,
271 703 352 767 quac
373 690 482 764 mutat,
505 703 543 750 ea
559 684 740 766 corrumpit,
763 701 844 767 quae
866 684 1016 767 sequitu,
1039 692 1112 750 sunt
1133 691 1202 750 tota

186 895 212 939 Ξ.
230 889 313 954 doma
331 890 391 954 (pro
409 889 445 939 ιἰιι
459 892 541 954 quac)
555 888 588 958 [Α
622 889 722 942 EMCR
763 894 891 972 conrumpit
907 898 982 940 matut
998 907 1029 940 ιο
1047 893 1104 954 (pro
1126 899 1202 940 mutat

113 959 269 1014 ecconlli
278 969 480 1076 Ι,ιιιοιιιιιιριο
465 960 573 1022 ocoJC
605 959 705 1009 indeo
723 959 918 1026 superscriptum
930 957 976 1025 eat]
1015 957 1079 1024 qood
1096 959 1198 1025 (proul-

113 1041 170 1079 tcro
188 1025 299 1093 querella
333 1027 512 1092 reporimpuac
531 1029 602 1093 (quc)
621 1038 676 1078 suut
694 1037 745 1078 tota
763 1028 814 1084 MC
832 1039 864 1087 ct,
884 1043 932 1078 om.
952 1037 1014 1088 caut,
1033 1027 1096 1077 ri’u

111 1253 193 1293 κατα
181 1224 281 1292 di
247 1253 284 1291 rc
295 1227 357 1292 κατ’
376 1226 451 1293 αὐτὸ
462 1222 527 1310 ἦτοι
542 1227 644 1311 μεῖζον
660 1232 715 1292 τοῦ
728 1224 878 1313 ὁρωμένου
897 1257 913 1312 η
900 1221 1056 1292 ἔλαττον
1072 1232 1166 1310 μικρῷ
1183 1219 1200 1311 ἢ

110 1315 290 1396 τηλικοῦτοι
301 1309 530 1417 ἡλίκοιὸρᾶται,
542 1320 645 1378 utiam
668 1321 743 1378 alios
761 1319 857 1397 (velut
867 1321 985 1379 Lucret.
997 1321 1036 1390 V,
1051 1321 1112 1378 564
1125 1339 1198 1396 sqq„

111 1353 265 1466 Cieomed.
282 1393 349 1482 περὶ
365 1393 521 1482 μετεώρων
537 1407 584 1478 Π,
606 1406 636 1480 1)
659 1406 733 1464 nibil
751 1423 825 1482 opus
843 1406 882 1464 sit
903 1415 994 1464 testes
1016 1407 1117 1463 citare.
1146 1405 1200 1466 Se-

111 1492 263 1568 qnebatnr
280 1491 337 1548 hoc
360 1509 399 1549 sx
421 1489 557 1550 doctrina
579 1493 615 1550 de
638 1493 773 1550 sensibus
794 1479 953 1567 numqua'm
975 1490 1148 1550 fallentibus
1170 1500 1201 1550 et

110 1577 258 1654 imagines
275 1576 344 1634 ab
334 1576 408 1653 ipsis
430 1576 519 1634 rebus
537 1578 660 1636 emissas
684 1577 907 1653 accipientibus.
953 1579 1079 1636 Frustra
1099 1586 1199 1636 autem

111 1662 329 1722 Schneiderum
352 1663 404 1740 (sd
425 1661 548 1737 Epicuri
568 1664 700 1764 Physica
721 1683 789 1764 p.
781 1662 854 1738 105)
877 1663 1072 1766 Epicurum
1063 1661 1199 1722 inscitiae

111 1749 236 1806 crimine
250 1747 377 1804 liberare
391 1748 501 1820 conari,
525 1751 603 1825 quod
625 1740 660 1806 τὸ
682 1767 757 1825 προς
774 1739 852 1824 ἡμᾶς
875 1744 1005 1825 μέγεθος
1027 1757 1057 1806 st
1077 1737 1112 1805 τὸ
1135 1739 1197 1805 κατ’

111 1824 189 1890 uiri
212 1833 391 1904 disfinxmit,
415 1831 487 1890 satis
504 1843 589 1932 patet
609 1843 639 1892 et
657 1835 772 1892 notavit
788 1833 899 1892 Bakius
917 1835 955 1892 ad
967 1833 1117 1893 Cleomed.
1130 1834 1150 1890 l.
1163 1850 1199 1904 ο.,

114 1919 254 2018 qnoniam
277 1919 347 1976 de
335 1937 401 1995 rpso
418 1915 460 1990 τῷ
477 1911 539 1977 κατ’
553 1910 627 1977 αὐτὸ
645 1913 765 1995 μεγέθει
786 1920 860 1978 haec
872 1920 1017 1978 dicuntur.
1049 1917 1198 1977 Nimirum

110 2003 145 2060 in
167 2004 249 2062 omni
277 2005 334 2062 hac
360 2013 445 2080 parto
466 2003 590 2082 Epicuri
612 2005 801 2104 physicorum
829 2006 877 2063 hic
905 2015 951 2064 est
977 2024 1074 2077 orror,
1110 2003 1199 2079 quod,

112 2107 190 2164 quaa
207 2089 266 2146 dici
288 2097 414 2166 possunt
435 2089 471 2146 de
494 2084 657 2166 porcacius,
682 2089 824 2148 transfert
846 2092 883 2149 ad
905 2110 952 2150 res
975 2101 1128 2162 externos,
1162 2089 1198 2147 do

113 2175 222 2250 quibus
255 2193 360 2233 sensns
392 2175 532 2233 iudicant.
578 2175 624 2232 De
659 2175 761 2232 eadem
794 2195 826 2233 re
855 2176 916 2236 Cic.
943 2177 1038 2235 Acad.
1070 2179 1117 2248 11,
1142 2176 1198 2232 82:

117 2259 358 2329 Ωιιιιιιιιιὶιιιιιοοιζι
377 2261 443 2335 (sol)
467 2262 589 2320 uidetur!
610 2261 684 2318 Mibi
704 2263 812 2336 quidem
834 2267 917 2338 quasi
930 2265 1080 2338 pedalia.
1126 2262 1198 2336 Epi·

111 2357 307 2404 macuculam
325 2366 408 2422 posce
425 2356 508 2422 potat
529 2351 608 2405 etiam
618 2349 745 2404 minorem
768 2367 825 2404 csse
847 2369 918 2413 cum,
952 2368 1034 2423 qoam
1063 2349 1195 2418 uideatur,

111 2434 162 2490 ced
182 2451 235 2488 ιιοιι
259 2433 357 2498 ιιιιιίιος
380 2453 412 2489 nc
434 2435 559 2490 arciorem
581 2433 688 2507 quidem
710 2435 792 2490 molto
813 2444 896 2510 putot
923 2453 993 2505 case,
1027 2435 1069 2491 oei
1095 2442 1200 2490 ιιϊιιιιιιιι

111 2537 178 2582 cccc.
201 2527 321 2592 quantus
343 2519 475 2586 uidcairir,
498 2528 528 2575 ot
549 2519 619 2576 oculi
638 2527 686 2574 out
703 2537 753 2575 noo
764 2521 875 2576 multtum
886 2522 1048 2576 mentiuntur
1063 2519 1198 2576 autnihil.

111 2603 256 2661 Pedalem
269 2603 371 2674 solem,
394 2604 547 2661 oculorum
559 2613 803 2675 mensurantem,
821 2605 938 2663 dixerat
953 2605 1011 2662 iam
1029 2603 1201 2662 Heraclitus

111 2688 209 2766 (Plnt
221 2689 257 2744 de
270 2688 345 2764 plac.
357 2688 463 2764 philos.
486 2689 528 2758 Π,
543 2689 593 2758 21,
612 2708 640 2764 p.
654 2689 715 2746 890
733 2689 783 2764 Ε),
807 2708 893 2765 quem
912 2690 1059 2766 Epicurus
1081 2699 1201 2748 secutus

112 2774 248 2838 videtur·
271 2773 323 2830 cfr.
348 2773 906 2852 Sencc.Qnaest.Nat.I,3‚10(oolcm
927 2779 1060 2851 sopientes
1081 2778 1134 2832 oiri
1150 2795 1199 2850 pc-

110 2863 202 2917 dulem
230 2879 288 2916 cccc
309 2859 512 2936 conteudcmnt)
540 2871 571 2918 ct
596 2860 711 2918 Arnob.
740 2862 806 2917 adv.
831 2872 912 2938 gent.
934 2861 976 2934 Π,
1001 2863 1050 2919 61.
1095 2860 1199 2939 (Apud

109 2945 263 3003 Achillem
292 2945 412 3003 Tatium
440 2947 504 3017 ΠΙ,
539 2967 567 3022 p
592 2947 630 3004 82
654 2947 758 3003 Petav.
780 2946 893 3006 Bckius
921 2948 959 3004 ad
984 2947 1133 3006 Cleomcd.
1156 2947 1198 3012 II.

114 3035 128 3088 l
155 3051 184 3107 p.
198 3031 260 3088 389
283 3039 363 3088 recte
385 3051 440 3108 pro
457 3031 697 3089 modiciocscribi
714 3032 779 3088 vult
797 3020 977 3108 διπλάσιοι.)
1021 3033 1090 3090 Νοιι
1114 3032 1197 3108 potui

109 3117 203 3194 igitur
226 3115 339 3184 meere,
373 3118 444 3191 quin
467 3117 529 3174 Erl.
553 3115 599 3194 [et
620 3115 666 3194 A]
689 3127 719 3174 et
738 3118 818 3175 Viot.
847 3117 910 3174 cod.
933 3137 1074 3193 sequerer
1096 3127 1201 3174 contra

109 3203 238 3260 alter-am
256 3203 442 3279 scripturam,
464 3202 495 3259 in
518 3221 576 3276 qna
589 3204 717 3261 editores
745 3203 820 3260 nihil
846 3203 965 3260 aliunde
984 3203 1200 3279 discrepantiae

110 3299 300 3346 annotarent
339 3288 458 3346 Erroris
481 3288 565 3365 origo
587 3289 714 3346 obscura
736 3299 789 3346 est

203 3375 254 3430 21.
299 3375 352 3439 Ito,
376 3393 447 3449 quoe
468 3383 607 3430 mictut-
624 3393 694 3448 ᾳιιιιο
715 3375 848 3449 sequitur)
876 3373 996 3432 Editam
1024 3375 1199 3450 scripturam

112 3477 237 3536 prorsus
259 3459 591 3530 confirmatVictood.‚
615 3460 681 3517 illc:
704 3470 878 3536 qoocmutot.
891 3464 1087 3536 cocorrumpic
1111 3460 1200 3517 etiam

117 3564 223 3622 margo
245 3544 327 3604 Crat.
372 3545 516 3605 Similiter
536 3555 625 3620 atque
643 3545 673 3602 in
690 3547 764 3604 meis
785 3547 953 3603 aberratum
970 3547 1000 3604 in
1018 3546 1085 3604 aliis
1098 3545 1207 3616 fuisse*

119 3642 220 3688 certos
242 3650 321 3701 snm3
344 3640 504 3688 annotatur
524 3641 638 3688 tantum
661 3649 699 3688 ex
722 3627 755 3706 ξχ
776 3635 898 3706 sequitur
912 3650 983 3706 quac
1004 3635 1198 3707 prosequitur.

110 3717 160 3774 El.
172 3717 191 3773 2
201 3717 331 3774 habebat
343 3727 501 3792 sentiuntur,
524 3725 557 3774 nt
568 3717 710 3792 quosdam
723 3717 782 3792 legi
793 3718 880 3788 velle,
903 3718 1065 3776 Lambinus
1077 3727 1200 3774 annota-

110 3811 174 3870 ηις
197 3803 342 3877 probabat
364 3802 515 3873 Davisius,
539 3813 771 3886 qtmcseqouotur
793 3803 917 3860 barbare
940 3803 1088 3880 accipiens
1102 3803 1138 3859 de
1152 3802 1198 3874 iis,

110 3905 188 3962 qnae
201 3887 307 3946 Cicero
330 3889 516 3946 subiecturus
537 3898 624 3945 esset.
669 3887 784 3960 Cicero,
806 3897 840 3946 ut
861 3899 1019 3963 utrumque
1036 3889 1199 3946 membrum

110 3973 209 4032 simile
232 3985 326 4044 esset,
361 3991 427 4031 cum
449 3974 633 4032 abundantia
655 3975 781 4048 quadam
804 3975 895 4046 dixit,
930 3994 1005 4050 qnae
1028 3983 1201 4050 sequeretur

111 4059 271 4136 Epicurus,
295 4059 403 4130 idest,
426 4077 502 4134 qnae
524 4078 542 4116 u
565 4060 736 4117 Democrito
758 4070 887 4118 sumeret
913 4079 968 4118 nec
989 4069 1130 4130 mutaret,
1165 4077 1201 4116 aa

110 4165 178 4203 asc
207 4155 270 4202 tota
295 4145 470 4203 Democriti.
513 4145 583 4203 Non
612 4146 705 4203 multo
727 4145 814 4203 aliter
835 4147 912 4203 dixit
932 4148 976 4220 V,
1007 4147 1062 4204 22:
1095 4165 1154 4202 com
1181 4165 1200 4200 o

110 4233 301 4308 Peripateticis
312 4241 337 4288 ct
347 4233 518 4288 Academicis
528 4234 617 4287 οιιιιιιά
628 4233 835 4298 transtulissent,
852 4233 998 4289 omninibus
1015 4235 1077 4288 aliia
1093 4233 1200 4288 οιιιιΙοιιι

109 4337 157 4374 m
178 4319 264 4374 miti
282 4327 353 4374 ιιιιιι.
387 4317 515 4375 Easdem
533 4335 598 4374 esse
620 4335 683 4388 res,
706 4316 901 4394 significatum
925 4317 997 4376 satis
1020 4327 1099 4389 erat,
1133 4335 1199 4374 cum

109 4402 216 4460 omnia
237 4402 319 4460 illinc
342 4403 487 4460 translata
509 4401 643 4460 dixisset.
