2998 5020
351 379 415 443 644
741 398 786 443 nn
808 398 938 446 rrnmus
961 399 1031 445 nov.

350 583 484 643 causam,
506 583 561 630 cur
582 565 667 630 aliud
688 565 739 630 alii
761 575 977 647 anteponatur,
1000 585 1057 632 neo
1078 567 1159 632 inter
1181 585 1234 632 eas
1257 586 1308 631 res
1331 567 1411 648 quid·

350 686 442 748 quam
465 668 587 732 omnino
609 675 720 749 putant
742 669 901 746 interesse,
923 669 1089 748 etErillns
1112 670 1138 734 si
1160 669 1204 733 ita
1216 670 1321 746 sensis
1345 669 1412 734 nibil

350 769 552 834 essebonum
575 779 699 851 praeter
717 771 884 850 scientiam,
907 790 1027 836 omnem
1050 772 1167 836 consilii
1189 772 1332 854 capiendi
1348 790 1411 836 cau·

350 889 417 935 sem
440 872 708 954 inventionemque
729 871 820 937 officii
842 874 974 938 sustulit.
1024 873 1073 939 Sic
1100 874 1231 939 exclusis
1259 873 1412 938 sententiis

312 973 549 1055 irreliquorum,
572 993 640 1038 cum
662 981 824 1056 praeterea
848 975 931 1040 nullo
953 994 1022 1040 esse
1043 976 1157 1057 possit,
1179 975 1256 1040 haec
1277 977 1411 1057 antiqno·

350 1095 419 1140 rum
435 1076 540 1140 valeat
559 1094 685 1141 necesse
707 1083 763 1141 est
797 1077 896 1158 Igitur
916 1077 1057 1142 instituto
1080 1087 1226 1156 veterum
1249 1097 1311 1160 quo
1328 1078 1411 1142 etiarn

349 1177 442 1242 Stoici
464 1184 602 1259 utrmtun
624 1177 695 1243 hinc
716 1179 874 1259 capiamus
896 1180 1063 1244 exordimn.

433 1281 487 1344 Dl.
516 1282 566 1344 24.
600 1284 699 1344 Omne
725 1281 838 1346 animal
867 1299 901 1346 se
927 1281 1030 1362 ipsum
1052 1282 1151 1364 diligit
1171 1301 1221 1362 ac,
1250 1283 1340 1347 simul
1361 1281 1411 1365 [et]

351 1389 453 1447 ortum
477 1389 534 1462 est,
555 1381 588 1446 id
610 1381 682 1462 agit,
704 1389 740 1446 ut
762 1402 795 1448 se
817 1391 988 1462 conservet,
1010 1385 1094 1466 quod
1115 1383 1165 1449 hic
1187 1385 1214 1450 ei
1238 1386 1356 1466 primus
1377 1383 1410 1447 ed

387 1557 406 1601 l.
418 1550 530 1616 qarrqmd
538 1553 559 1600 1«
579 1551 921 1617 2Ηινι71ω(Ι,Ρ)ΟΒΟτ
911 1571 934 1601 rn
948 1553 1156 1618 ltr'elpromlvilt(
1181 1553 1409 1620 snryolucsm.

350 1626 372 1671 8.
391 1620 462 1670 simul
477 1619 604 1684 nt(l‘)0r
624 1620 781 1672 simulare
817 1627 839 1670 9
857 1639 884 1671 ee
901 1631 925 1670 nt
943 1623 1011 1671 LPR
1045 1623 1192 1686 qnodlr'c-
1205 1621 1409 1674 commetomll

349 1795 427 1870 qnod
448 1794 614 1851 necessario
626 1795 811 1853 scribendum
824 1803 901 1852 erat:
923 1799 950 1852 in
962 1797 1058 1870 quibas
1069 1798 1136 1853 nibil
1146 1802 1190 1866 sit,
1203 1801 1286 1872 qnod.
1309 1799 1408 1854 Verum

348 1881 413 1956 ipsa
435 1880 507 1936 haec
519 1881 675 1938 verborum
697 1881 794 1938 inanis
817 1881 901 1956 copia
919 1882 1057 1953 (nililest,
1081 1885 1213 1958 qnodait)
1237 1883 1408 1958 ineptissima

349 1975 401 2022 est.
452 1966 542 2023 Recte
570 1966 660 2040 igitur
681 1967 843 2024 Lambinus
865 1966 921 2029 sic.
950 1977 1073 2042 elego,
1107 1969 1197 2024 edidit
1225 1969 1408 2043 probavitque

349 2050 487 2109 Orellius.
515 2051 602 2124 Quod
614 2051 774 2109 Lambinus
797 2053 871 2110 duos
893 2052 1008 2109 codices
1031 2053 1106 2109 hanc
1129 2053 1305 2129 scripturam
1320 2053 1408 2121 „adin-

348 2155 418 2194 varo
439 2145 527 2211 atque
550 2137 623 2194 adeo
645 2156 716 2211 prae
739 2135 877 2194 referre*
902 2147 1011 2208 namet,
1034 2138 1242 2196 Lallemandus
1259 2137 1407 2208 antemio
1469 2193 1470 2214 ἢ

349 2222 449 2279 codice
470 2222 552 2298 regio
575 2241 663 2280 voces
685 2225 759 2298 qnod
780 2243 830 2280 non
853 2223 969 2298 punctis
991 2233 1108 2280 notatas
1130 2243 1203 2294 esse,
1226 2244 1318 2300 penes
1340 2225 1407 2299 ipsos

349 2308 420 2365 fides
443 2319 514 2364 esto.

435 2393 481 2448 Sic
502 2395 616 2450 exclusis
638 2397 771 2450 sententiis
793 2395 969 2468 reliquorum)
991 2393 1051 2450 Eas
1064 2394 1133 2451 Piso
1145 2395 1248 2470 magis,
1266 2406 1300 2451 ut
1311 2393 1407 2470 paulis-

349 2496 402 2552 per
423 2477 619 2547 discederent,
653 2479 769 2554 rogavit
796 2496 883 2553 quarn
912 2479 1046 2536 exclusit.
1090 2480 1195 2553 Itaque
1217 2481 1255 2536 ab
1278 2481 1333 2538 hoc
1354 2479 1407 2554 ipso

349 2563 414 2620 loco
436 2581 500 2618 eam
523 2561 696 2620 sententiam
724 2582 742 2620 a
768 2574 889 2622 naturae
917 2564 1009 2621 initiis
1036 2573 1168 2639 repetere
1196 2573 1226 2620 et
1248 2567 1406 2622 confirmare

349 2647 531 2724 aggreditur,
554 2667 642 2722 quam
664 2648 807 2706 divisione
830 2650 881 2706 illa
904 2659 933 2706 et
955 2659 1117 2706 ceterarum
1145 2650 1309 2708 remotione
1330 2647 1407 2708 stabi·

349 2733 430 2790 litam
453 2733 532 2790 dicit.

433 2837 486 2892 quo
507 2823 585 2875 enom
608 2819 692 2876 Stoici
712 2817 835 2900 utantur)
865 2821 900 2876 de
929 2820 1024 2894 prima
1047 2820 1256 2877 constitutione
1284 2817 1406 2878 animalis
1468 2869 1469 2898 3

349 2913 378 2960 et
411 2904 661 2961 commendatione
689 2913 811 2962 naturae
841 2905 1038 2980 disputantes,
1072 2917 1105 2962 ut
1127 2907 1189 2976 ΠΙ
1220 2907 1253 2962 16
1284 2906 1404 2963 vidimus

348 2986 450 3070 [Iqitnr
471 3009 524 3064 pro
546 3009 608 3062 erpo
629 2989 717 3046 etiarn
739 2991 766 3046 B
788 2999 818 3048 et
839 3010 896 3066 mg.
919 2989 1009 3049 Crat..
1004 2992 1109 3065 qnod
1131 2987 1271 3071 restitui]

434 3074 506 3150 Cap.
527 3075 585 3146 lx,
610 3075 659 3131 24.
695 3076 777 3132 Omne
798 3079 899 3132 animal
915 3080 1041 3150 seipsum
1059 3076 1158 3173 dilipit)
1181 3077 1264 3134 Stob.
1276 3077 1337 3133 Eol.
1349 3073 1406 3134 Ed.

348 3180 376 3236 p.
390 3161 449 3217 246
474 3160 741 3234 dePeripateticis:
774 3150 838 3217 Kal
847 3157 982 3257 πρῶτον
1009 3151 1061 3235 μὲν
1081 3151 1258 3258 ὀρέγεσθαι
1267 3159 1321 3220 τοῦ
1342 3155 1403 3218 siant

348 3235 413 3342 (τὸν
435 3233 606 3338 ἄνθρωπον
619 3239 779 3342 λέγουσιν)
813 3261 900 3316 φυσει
916 3235 982 3338 γὰρ
1011 3237 1176 3317 ᾠκειῶσθαι
1201 3237 1279 3315 πρὸς
1301 3231 1403 3304 ἑαυτόν

348 3319 459 3387 διὸκαὶ
475 3315 682 3404 προσηκόντως
704 3319 923 3425 ἀσμενιζειν
889 3348 941 3403 μεν
965 3323 994 3386 ἐν
1015 3331 1079 3395 τοῖς
1099 3321 1175 3386 κατὰ
1198 3322 1296 3403 φύσιν,
1320 3329 1403 3400 δυσχε·
1467 3375 1468 3404 p

348 3405 457 3486 ραίνειν
479 3405 545 3470 δὲ’
531 3405 575 3472 eni
598 3417 661 3478 τοῖς1
682 3404 765 3488 παρὰ
788 3430 884 3487 qvow.
918 3415 1029 3472 Eadem
1054 3415 1214 3489 d1sputat10
1227 3415 1359 3490 exposite
1368 3419 1403 3465 ear
1467 3425 1468 3448 ¹

347 3497 403 3568 lv,
419 3500 455 3555 16
480 3517 543 3573 sqq
588 3499 659 3556 Mox
682 3501 807 3556 simulet
829 3500 943 3558 codices
967 3499 1067 3576 (Pell,
1091 3501 1216 3569 Davisii
1237 3501 1314 3570 Gaii,
1336 3493 1402 3575 [BD-

348 3582 405 3639 nisi
428 3585 506 3657 qnod
528 3603 544 3640 e
567 3583 642 3642 CCC
665 3584 805 3642 Davisius
827 3595 950 3642 annotat
971 3587 1052 3642 simut
1067 3605 1108 3642 oe.
1140 3584 1403 3663 Lembinnstetve·

348 3678 395 3724 tus
418 3669 481 3726 eod.
503 3669 533 3726 in
557 3669 687 3745 margine
706 3670 848 3744 repetitae
860 3669 1011 3746 editionis)
1034 3679 1123 3745 atque
1141 3671 1334 3735 aliisimulnt;
1355 3664 1402 3722 vid.

348 3754 386 3810 ad
408 3755 450 3825 11,
469 3755 517 3810 33.

433 3841 463 3896 id
483 3844 547 3912 opit,
570 3851 599 3896 ut
620 3859 648 3896 se
670 3839 816 3915 conseruet)
839 3841 979 3898 Davisius
1002 3841 1090 3898 tacite
1112 3861 1140 3898 se
1157 3852 1185 3898 ut
1201 3849 1341 3906 cmmeruen
1362 3833 1401 3909 qul
1466 3851 1467 3896 1

348 3925 420 3982 ordo
443 3943 458 3980 e
481 3923 588 3983 Gudl
613 3934 778 3984 annotatur.
822 3925 857 3982 In
880 3927 1023 4002 proximis
1046 3927 1143 3984 verbis
1172 3935 1202 3984 et
1224 3921 1401 3984 redundantis

348 4009 491 4082 quaedam
514 4011 669 4067 verborum
692 4021 722 4068 et
742 4011 879 4087 repetitio
896 4011 1071 4086 reprehendi
1083 4021 1189 4086 potest,
1212 4021 1242 4069 et
1253 4021 1330 4069 recto
1341 4009 1400 4066 Bre-

349 4094 424 4151 mius
446 4094 662 4166 animadvertit,
685 4096 852 4170 ampliores,
876 4115 962 4171 quam
975 4097 1139 4174 oportebat,
1162 4097 1236 4154 finer
1248 4098 1339 4173 primo
1358 4109 1400 4165 tp·

348 4179 453 4255 petitui
475 4179 553 4250 dari3
581 4199 649 4238 nam
670 4181 700 4237 in
724 4181 819 4256 prima
846 4181 949 4260 illast
970 4184 1095 4240 obscura
1116 4183 1323 4240 constitutions
1343 4193 1399 4235 con·

349 4265 476 4322 servatio
499 4266 544 4324 sui
566 4267 746 4335 continetur;
775 4267 902 4324 studium
926 4267 1054 4343 optimae
1077 4266 1241 4325 affectionis
1258 4264 1397 4326 secuudum

348 4357 483 4408 naturam
505 4359 574 4428 post
594 4353 702 4422 oritur,
735 4368 801 4408 cum
828 4351 887 4408 iam
914 4363 1037 4410 naturae
1059 4353 1196 4412 voluntas
1218 4349 1357 4410 enucleari
1376 4351 1399 4400 el
