3018 5052
446 414 489 458 nr
514 413 594 459 usn.
611 413 674 459 urs.
690 411 726 458 111
749 411 822 458 cnr.
843 415 881 458 u.
1141 392 1203 456 427

129 603 182 650 eas
205 584 237 648 in
260 552 499 664 virtuteneque
526 581 558 648 in
586 580 855 659 mamertinus,
888 581 929 645 ad
951 597 1030 662 quas
1052 597 1122 644 esse
1143 579 1206 644 dux

127 687 261 768 pecunia
282 691 395 767 potest,
419 684 578 751 continere
599 689 703 750 autem
727 702 789 748 non
811 689 930 764 potest;
962 683 1068 763 imque
1098 681 1125 746 si
1152 699 1206 745 vo·

126 789 232 870 luptas
255 795 310 852 eut
332 787 360 852 si
381 789 462 854 bona
478 787 624 852 valetudo
646 786 740 852 sitin
763 785 860 864 bonis,
882 785 1005 850 divitias
1028 801 1153 866 quoque
1174 783 1207 848 in

183 1017 202 1063 l.
222 1027 265 1060 eur
282 1009 354 1060 diam
371 1010 436 1060 t'nR
470 1009 635 1060 morderisll
671 1013 693 1058 2.
712 1006 845 1073 voluptates
856 1006 899 1058 LO
935 1011 959 1059 8.
983 1016 1025 1056 out
1043 1007 1104 1058 bonu
1124 1005 1206 1073 [Eh]L

126 1223 180 1277 siut
201 1221 242 1276 od
262 1221 422 1294 voluptutem
445 1229 469 1276 st
490 1221 668 1276 valetudinem
690 1218 799 1287 bonam,
832 1217 882 1274 aed
910 1219 988 1274 rtrum
1016 1225 1046 1272 ut
1071 1235 1103 1272 eu
1125 1218 1206 1272 coriti-

127 1315 216 1376 neout‚
239 1307 561 1380 nonidemsacereeas
584 1300 831 1382 (securamen)
859 1311 915 1359 cet
963 1301 1041 1358 Nam
1063 1301 1207 1376 epodosin
1310 1310 1313 1316 '

127 1392 259 1466 incipere
292 1389 396 1448 vulta
419 1391 517 1448 verbis
546 1411 596 1446 nors
624 1391 708 1460 idern,
743 1388 817 1446 illud
844 1397 942 1444 autern
970 1407 1021 1444 non
1049 1389 1207 1444 censendum

128 1475 205 1535 sumi
238 1495 278 1533 ex
310 1475 384 1533 illis:
418 1496 450 1532 ne
478 1478 511 1533 de
539 1477 631 1532 lorum
665 1477 772 1550 quidem
806 1483 845 1532 est
877 1476 989 1531 amarer
1021 1473 1207 1530 drabr'tundum.

128 1563 235 1620 Dicam
259 1561 447 1638 simpliciter:
470 1561 557 1619 nimie
580 1561 684 1636 supine
707 1570 737 1617 et
758 1560 949 1636 neglegenter
971 1559 1016 1615 vir
1028 1557 1208 1616 clarissimus

128 1647 355 1724 interpungendi
379 1657 409 1706 et
430 1647 643 1723 interpretandi
665 1646 790 1705 artificio
813 1646 923 1703 ebusus
945 1655 999 1716 est,
1023 1661 1077 1700 nec
1099 1644 1208 1701 oratio·

128 1753 196 1790 nem
219 1751 326 1791 curans
343 1743 374 1790 et
384 1733 557 1802 sententiae,
575 1733 612 1790 ad
634 1751 722 1806 quam
746 1732 865 1790 omnino
893 1749 952 1788 non
975 1730 1092 1787 videtur
1113 1739 1208 1787 etten-

128 1820 216 1890 disse‚
240 1837 277 1875 ne
299 1819 433 1876 umbram
457 1819 574 1893 quidem
597 1818 775 1892 relinquens.
820 1817 868 1874 Ex
889 1835 955 1890 nego
966 1816 1057 1873 verbo
1069 1816 1208 1892 negativo

128 1906 158 1962 in
181 1905 276 1962 altero
299 1905 430 1962 membro
453 1915 521 1980 post
542 1906 592 1962 sed
613 1903 708 1962 audiri
731 1903 807 1961 solet
817 1906 875 1972 ar'03
897 1903 1086 1960 Hermannus
1104 1919 1142 1958 ex
1153 1901 1209 1958 hac

129 1990 351 2048 coniunctione:
373 2010 405 2047 ac
426 1992 460 2048 cle
482 1991 524 2048 lis
545 1991 653 2064 quidm
675 1999 714 2046 est
735 1990 922 2058 dubitandum,
945 1987 995 2045 ubi
1019 1987 1109 2044 verbo
1126 1986 1209 2044 addi·

129 2087 178 2134 tur
200 2076 319 2152 negatio
341 2094 434 2150 eoque
456 2076 521 2151 ipse
544 2076 583 2133 ad
603 2075 678 2132 elias
700 2093 788 2132 voces
812 2073 946 2150 proxime
963 2073 1101 2149 pertinet,
1129 2071 1209 2129 affir-

130 2162 271 2219 mativam
294 2161 537 2238 significationem
560 2161 638 2218 sumi
659 2161 731 2218 vult.
776 2159 892 2218 Deinde
915 2177 973 2216 non
991 2158 1209 2229 animadvertit,

88 2319 93 2326 Ι
131 2247 357 2306 affirmationem
380 2248 456 2304 hanc
479 2265 557 2305 esse:
580 2248 630 2304 ssd
650 2247 828 2304 dubitandum
850 2255 904 2316 est;
933 2243 1101 2301 substituit:
1131 2243 1209 2300 duli-

131 2336 243 2391 tondum
265 2353 327 2390 nort
349 2344 397 2404 est,
421 2333 519 2407 idque,
543 2333 612 2407 quia
634 2332 703 2390 huic
725 2332 817 2390 verbo
839 2330 954 2388 infinita
971 2328 1209 2388 sententias-Ci-

131 2437 237 2476 cerone
260 2437 318 2476 non
341 2419 494 2490 subicitur,
519 2428 622 2478 mutat.
645 2427 679 2475 ut
694 2417 749 2474 sit:
771 2419 989 2476 censendumest.
1018 2416 1106 2486 Turn,
1130 2414 1210 2489 quod

130 2505 264 2580 proiecto
286 2504 504 2580 apertissimum
527 2513 582 2576 est,
605 2522 650 2576 ee,
674 2522 749 2579 quoe
771 2503 808 2560 de
830 2503 1000 2559 divitiarum
1023 2501 1209 2571 viduantur,

131 2592 173 2649 sic
195 2591 354 2649 coniuncta
376 2609 450 2662 esse,
474 2600 516 2648 ut·
528 2609 567 2647 ex
584 2599 710 2664 utroque
733 2589 864 2646 membro
876 2606 967 2646 unum
979 2585 1125 2644 efficiatur
1136 2586 1211 2644 Dio·

130 2677 214 2754 genis
237 2675 395 2748 iudicium,
428 2675 586 2750 omniaque
614 2675 687 2732 haec
714 2675 753 2731 ad
775 2675 898 2732 verbum
920 2683 1006 2730 curret
1027 2671 1147 2744 referri,
1179 2671 1210 2728 id

129 2763 320 2820 Her-mannus
341 2762 472 2839 neglegit
494 2771 524 2818 et
544 2762 707 2837 perturbet.
751 2762 821 2836 Ipse
843 2769 941 2817 autem
969 2758 1145 2816 sententium
1168 2755 1210 2814 et'-

129 2848 192 2904 ficit
213 2848 255 2905 ita
276 2847 454 2924 permixtum
477 2867 514 2904 ex
532 2857 734 2922 separatarum
756 2845 988 2921 disputationum
1005 2843 1158 2919 particulis
1181 2843 1211 2900 in

129 2952 219 2992 noem
242 2934 400 2991 verborum
428 2933 580 3010 periodum
604 2932 749 3003 confusia
782 2941 816 2990 ut
837 2949 930 3007 paene
951 2930 1010 2988 ioci
1032 2947 1122 2986 censs
1142 2929 1212 2986 ficta

130 3019 225 3076 rideri
238 3019 340 3094 possit.
374 3017 453 3093 Quid
476 3019 554 3076 enim
576 3019 672 3078 minus
695 3019 833 3076 cohaeret
855 3035 942 3092 quam
966 3017 1035 3073 hoc:
1060 3015 1147 3084 „Non
1166 3023 1212 3072 est

130 3105 340 3175 dubitandum,
374 3105 445 3180 quin
475 3123 576 3162 omnes
598 3105 748 3181 sapientes
770 3123 864 3178 aeque
886 3102 1035 3178 sapientes
1058 3111 1087 3157 et
1108 3119 1211 3157 omnes

130 3191 306 3267 insipientes
328 3209 422 3266 seque
445 3190 545 3248 miseri
567 3191 635 3253 sint.
659 3189 711 3248 sed
733 3189 910 3248 censendum
934 3187 1053 3245 divitias
1071 3185 1211 3243 virtutem

129 3295 189 3334 non
213 3275 405 3334 continere“?
428 3276 468 3334 Et
490 3277 586 3351 qualis
608 3275 779 3352 adiungitur
806 3271 977 3332 concessio?
1014 3291 1211 3348 „quamquam

129 3362 257 3420 virtutes
280 3371 310 3420 et
331 3362 406 3420 vitia
428 3380 559 3420 crescere
582 3369 720 3438 negant⁸⁴
746 3361 824 3435 Quid
847 3360 878 3417 id
899 3359 937 3417 ad
949 3359 1118 3416 divitiarum
1130 3354 1211 3414 vim?

130 3449 174 3506 Ar
198 3449 344 3522 quomodo
366 3447 423 3506 hoc
446 3448 635 3506 continuatur
657 3448 688 3506 in
710 3447 783 3505 illis:
807 3447 927 3504 Divitias
949 3455 1059 3502 autem
1077 3445 1212 3517 Diogenes

129 3531 210 3590 cet?
253 3535 294 3592 Et
313 3543 413 3591 tamen
436 3535 514 3591 hunc
534 3534 632 3591 locum
654 3533 779 3592 Beierus
807 3529 859 3611 (ad
882 3529 940 3591 Off.
963 3531 1021 3600 ΙΙΙ,
1041 3531 1058 3585 9
1082 3549 1111 3605 p.
1137 3527 1212 3603 197)

130 3620 169 3677 ab
194 3621 365 3677 Hermanno
390 3619 550 3689 „facillime
573 3619 763 3696 expeditum“
794 3617 919 3686 iudicat3
942 3623 1105 3691 sequuntur
1127 3613 1213 3674 Orel-

129 3706 190 3763 lius
213 3715 243 3764 et
265 3705 346 3765 Otto.
391 3707 455 3764 Iam
483 3725 542 3762 non
572 3706 662 3764 miror
690 3724 756 3762 eum
784 3703 873 3780 paulo
907 3702 1053 3760 interdum
1075 3700 1235 3758 licentius·

130 3791 245 3862 ludere,
268 3791 319 3866 qui
342 3791 451 3860 videat,
475 3802 534 3848 tam
557 3790 645 3848 facile
668 3791 725 3848 sibi
748 3789 837 3848 credi.
887 3786 942 3866 [Et
969 3787 1084 3846 infinita
1111 3786 1213 3844 huius·

130 3877 213 3934 modi
234 3877 283 3934 ille
307 3877 387 3948 lusit,
410 3878 462 3935 alii
484 3876 631 3934 serviliter
653 3875 746 3934 secuti
769 3884 851 3945 sunt3
874 3875 974 3949 itaque
991 3873 1213 3948 totiusperver·

130 3961 229 4020 sitatis
264 3963 294 4021 in
330 3963 411 4020 claro
443 3963 581 4038 exemplo
609 3961 887 4020 demonstrationem
919 3979 956 4028 ne
989 3977 1067 4015 nunc
1094 3957 1213 4032 quidem

129 4047 262 4127 omitto]

219 4145 267 4192 out
289 4137 314 4192 ai
335 4135 403 4192 bonu
426 4129 563 4210 subrado)
587 4133 621 4191 Si
638 4151 695 4190 om.
719 4133 807 4190 etiarn
820 4132 899 4207 Spir.
912 4128 978 4208 [B],
1002 4149 1039 4188 ex
1052 4127 1214 4186 editoribus

130 4221 306 4280 Lambinus.
335 4220 408 4278 Mox
426 4239 480 4296 pro
497 4229 527 4278 at
544 4223 570 4278 ri
591 4218 680 4276 etiam
692 4216 758 4297 [B‚]
781 4213 856 4294 Εξχ,
885 4215 954 4276 Gaii
966 4215 1066 4284 codd„
1090 4224 1215 4290 excepto

130 4306 215 4366 Gud.
241 4311 268 4378 1,
294 4325 395 4364 omnes
417 4316 466 4363 ant
486 4309 519 4377 ri,
543 4306 632 4363 etism
655 4305 813 4364 eddCrat.
836 4313 866 4360 et
881 4303 961 4360 Vict.
984 4300 1068 4380 (edit.
1090 4301 1214 4358 a.1480

128 4391 246 4472 recte);
280 4392 386 4450 deinde
408 4394 530 4468 sequitur
556 4393 711 4468 prosequi
739 4391 803 4448 eod.
826 4389 910 4460 Urs„
944 4383 1019 4462 Εξχ,
1048 4396 1108 4445 tres
1137 4386 1216 4446 Gzii.
