2928 5012
505 415 700 462 enarrarre.
1079 399 1137 463 XV
1248 453 1250 462 ,

77 589 160 650 mnis
181 584 317 650 foeditas
328 593 438 666 aperta
455 595 511 649 est
525 594 545 661 ¹)
573 589 676 667 Atque
698 586 882 650 emissarum
894 586 1026 666 primum
1039 587 1137 667 scrip-

78 707 201 758 urarum
225 693 412 774 optimarum
425 713 532 758 eorum
548 695 695 772 codicum,
718 712 796 775 quos
818 695 885 774 ipse
907 695 1138 774 praestantissi-

77 821 129 866 uos
150 821 219 866 esse
241 801 445 880 intellexerat
467 803 601 884 gratiam
614 803 642 866 ei
653 802 818 880 faciamus;
842 820 941 883 neque
954 803 1034 866 euim
1046 803 1137 867 aliter

77 909 130 974 ieri
152 917 285 990 poterat,
308 928 377 974 cum
400 911 494 975 semel
516 911 666 975 eiusmodi
677 911 769 974 bomo
781 910 839 974 sibi
851 911 988 975 delectus
1005 911 1137 976 habendi

77 1020 113 1082 ins
141 1019 335 1098 sumpsisset
385 1019 547 1099 (Exempla
574 1037 610 1082 en
637 1018 725 1082 initio
752 1018 822 1083 libri
845 1019 860 1081 I
881 1019 958 1083 haec
988 1025 1079 1084 sunto
1102 1040 1138 1084 en

77 1127 264 1208 Erlangensi:
293 1127 312 1208 ξ
334 1129 354 1190 3
376 1125 512 1205 dedocet,
534 1128 555 1190 4
577 1147 592 1189 e
618 1125 756 1204 arctoe,
781 1128 822 1190 10
842 1131 877 1189 ot
898 1125 1006 1206 dc'oooo,
1027 1128 1060 1192 id
1082 1138 1139 1206 est,

78 1234 111 1298 ret
130 1235 236 1312 dicam
257 1236 289 1298 in
311 1236 379 1299 loco
391 1234 599 1314 vexatissimo,
622 1243 653 1299 et
663 1253 790 1314 possem
813 1242 845 1299 et
865 1255 903 1297 oo
926 1236 999 1316 (etsi
1020 1236 1140 1300 bocest

77 1345 200 1407 <mnium
222 1345 385 1421 codicum),
410 1345 450 1406 14
472 1341 634 1422 Aristoteli,
659 1345 699 1408 15
721 1362 780 1424 epo,
805 1345 842 1407 17
863 1340 1051 1406 Democritio
1069 1343 1140 1406 otoo

77 1457 151 1522 cett)
194 1452 292 1516 Multo
320 1452 422 1516 minus
449 1452 726 1533 reprehendamus⁷
761 1452 845 1532 quod
873 1471 933 1515 non
956 1452 1087 1527 indicat,
1122 1473 1139 1517 e

76 1561 177 1640 quibus
199 1560 355 1624 codicibus
378 1560 624 1640 aliquidponat,
658 1579 726 1625 cum
755 1581 791 1625 ex
815 1561 938 1640 optimis
962 1561 1137 1641 sumpserit,

76 1681 104 1732 ιι
126 1669 178 1740 14
201 1667 331 1749 (notioni
345 1669 470 1750 poeno).
520 1669 590 1732 Non
614 1669 703 1732 valde
725 1669 899 1734 mirandum
921 1668 1033 1746 iudico,
1056 1670 1140 1749 quod

75 1777 168 1849 etiam
190 1777 241 1840 ubi
265 1777 304 1840 de
326 1776 481 1856 scriptura
491 1778 641 1856 disputat,
664 1777 783 1841 codices
796 1795 869 1840 suos
888 1777 1029 1858 neglegit,
1052 1778 1139 1841 utad

76 1885 126 1951 15
147 1884 313 1960 annotavit,
335 1891 419 1949 recte
440 1883 599 1950 Bromium
622 1889 686 1948 tom
702 1903 874 1960 revocasse,
897 1887 979 1967 quod
1002 1906 1021 1950 a
1044 1885 1138 1949 Davi-

76 1995 118 2056 sio
138 2003 167 2058 et
188 1993 333 2058 Ernestio
354 1994 386 2057 in
410 1997 530 2056 tontum
551 2000 702 2057 mutatum
725 1998 822 2071 esset;
844 1993 875 2056 in
898 1994 962 2058 suis
985 1993 1140 2058 codicibus

76 2120 139 2165 esse
158 2105 289 2180 motum,
312 2101 399 2167 utin
422 2102 561 2166 omnibus
584 2101 719 2166 omnium
740 2099 799 2164 fuit
821 2107 853 2164 et
862 2101 1008 2165 Davisius
1025 2104 1064 2166 de
1076 2101 1140 2166 suis

75 2209 198 2287 dixerat,
221 2229 281 2275 non
305 2211 446 2274 attendit
489 2210 538 2274 Ne
559 2209 710 2274 eiusmodi
738 2209 861 2291 quidem
883 2228 995 2291 graves
1018 2229 1140 2274 errores

74 2317 177 2396 miror,
211 2319 320 2399 quates
352 2335 537 2384 asseverans
565 2325 597 2383 et
623 2318 700 2382 alios
729 2317 820 2382 etiam
844 2317 1003 2399 corrigens
1025 2318 1055 2383 in
1080 2336 1141 2382 uno

73 2426 171 2490 codice
194 2427 377 2508 Erlangensi
400 2427 562 2492 committit
584 2430 632 2504 (ut
654 2426 793 2506 exempla
815 2423 949 2506 eparva
970 2431 1060 2506 porte
1071 2425 1139 2490 libri

71 2535 192 2598 secundi
216 2534 350 2617 sumam)
372 2535 466 2613 1178
489 2536 542 2616 (de
564 2539 593 2596 ot
614 2535 729 2598 omisso
751 2534 843 2598 etde
866 2532 1011 2615 paidom),
1035 2535 1075 2598 79
1088 2534 1140 2615 (de

70 2643 178 2706 omisso
191 2641 302 2721 storto,
326 2661 396 2706 cum
418 2643 457 2721 id,
481 2625 565 2724 quod
587 2642 682 2706 babet
704 2641 777 2720 Erl.⁷
800 2661 837 2706 ex
859 2641 927 2706 aliis
949 2641 1088 2722 proferat
1110 2648 1141 2706 et

1 2829 2 2833 Ἰ
69 2751 198 2829 probet),
221 2753 266 2816 80
287 2749 484 2828 (internuntiis
500 2749 640 2829 tuendis),
663 2753 704 2814 82
716 2747 832 2830 (rnolds
842 2748 958 2836 modis),
982 2751 1023 2815 95
1041 2755 1142 2830 (turpe

70 2857 118 2920 riri
139 2881 204 2923 ozon
227 2834 302 2937 esse,
330 2859 382 2922 ubi
403 2858 501 2923 Pelet.
523 2861 538 2922 1
564 2877 670 2922 errore
693 2857 949 2940 comprehendit).
999 2859 1058 2924 Illa
1079 2859 1141 2923 iam

66 2965 210 3044 toabora,
233 2969 320 3049 quod
342 2986 403 3030 non
427 2967 526 3031 solum
549 2967 651 3031 omnia
673 2964 840 3041 contundit,
864 2975 898 3030 ut
920 2969 944 3045 Ι,
968 2969 1022 3046 30,
1061 2986 1141 3048 quae

66 3076 152 3141 verba
175 3077 209 3140 in
232 3075 361 3156 optimis
383 3076 546 3141 codicibus
560 3094 621 3139 non
643 3093 713 3138 esse
735 3075 869 3138 scribere
891 3075 1030 3154 debebat,
1054 3075 1140 3138 iniis

66 3201 126 3247 esse
148 3184 294 3264 scripsit
315 3183 348 3246 in
370 3184 481 3247 ceteris
504 3202 564 3247 non
588 3201 671 3260 osse,
701 3189 732 3246 et
754 3184 852 3262 quod,
886 3200 965 3264 quae
988 3201 1141 3263 nusquam

64 3291 192 3371 berum,
216 3289 376 3369 confinxit,
399 3301 435 3388 ut
455 3291 562 3370 adIH,
577 3295 614 3356 11
638 3292 730 3372 vadgo
753 3291 812 3372 legi
835 3311 948 3372 quaero
971 3299 1002 3355 et
1017 3291 1061 3354 ita
1072 3309 1141 3356 esse

64 3401 171 3465 qurb
197 3408 233 3465 et
257 3399 355 3479 Spin,
383 3401 464 3480 quod
488 3417 589 3481 neque
610 3399 641 3463 in
664 3399 727 3463 ulla
749 3399 883 3464 editione
905 3417 1005 3480 neque
1027 3399 1058 3463 in
1080 3399 1141 3463 iliis

63 3511 214 3574 codicibus
238 3507 473 3587 scriptumest
517 3509 579 3573 Sed
600 3508 652 3572 illa
663 3506 849 3584 foedissima,
872 3507 903 3571 in
927 3507 1048 3588 quibus
1072 3525 1141 3572 cnm

62 3619 93 3680 ab
124 3618 197 3684 aliis
234 3615 418 3682 adumnitus
446 3623 542 3694 esset,
570 3627 606 3681 ut
633 3623 771 3693 caveret,
805 3623 909 3679 tamen
931 3619 1040 3695 aperte
1062 3613 1141 3678 falsa

62 3727 167 3805 mibit,
192 3737 234 3790 ut-
256 3725 286 3799 Ι,
297 3725 339 3788 39
362 3724 520 3804 cumipse
542 3729 703 3788 narrasset
723 3723 754 3786 iu
777 3723 872 3787 Pail
898 3741 981 3787 esse:
1003 3721 1141 3784 accubo

60 3854 109 3910 prr
132 3833 310 3910 societate,
345 3832 376 3895 iu
403 3832 543 3912 margine
566 3827 649 3896 Crat.
672 3835 707 3893 ot
727 3829 792 3893 olto
809 3851 887 3910 pars
909 3830 1074 3910 ooootroto,
1110 3837 1142 3894 et

63 3941 168 4008 barisii
192 3940 415 4008 coniecturam
437 3939 635 4006 indonatum
657 3945 942 4016 commemorasset,
971 3959 1031 4003 non
1055 3939 1140 4017 vidit,

111 4104 131 4109 ...-
135 4099 264 4110 q—-ae‘

86 4187 100 4231 'r
119 4189 184 4252 ,boo
206 4193 234 4238 et
263 4182 349 4232 attero
372 4182 428 4232 ioco
451 4185 591 4232 Goerenzio
619 4185 740 4232 tnturtom
768 4181 891 4238 feceram,
925 4193 981 4230 mea
1004 4181 1141 4230 collatione

120 4277 197 4324 nimis
220 4271 323 4322 fidens,
346 4281 397 4316 uno
417 4270 470 4329 ipse
490 4281 584 4316 errans.
623 4268 672 4317 Eos
694 4281 764 4316 nnnc
779 4263 882 4331 deteri]
