2938 5020
346 411 389 456 ar
413 409 494 457 usn.
515 410 578 456 ms.
601 409 625 455 11
647 409 719 458 ose.
744 413 816 457 r-s.
1065 391 1123 456 141

147 577 180 642 Il
220 581 250 643 4.
285 581 354 644 Hoc
380 579 517 661 positum
543 579 576 644 in
602 579 745 644 Phaedro
773 599 793 643 a
819 579 948 644 Platone
980 577 1124 660 probavit

79 677 205 758 Epicurus
227 683 400 764 sensitque,
432 681 464 746 in
492 682 575 747 omni
596 682 807 763 disputatione
828 682 860 746 id
881 680 949 747 fieri
971 687 1125 763 oportere.

80 780 128 845 Sed
145 785 221 863 quod
240 785 415 866 proximum
443 783 515 864 ituit,
548 804 611 850 non
638 784 722 849 vidit
767 784 869 866 Negat
896 783 977 848 enim
1004 781 1124 849 deliniri

79 901 129 946 rem
148 885 278 966 placere,
312 887 378 952 sine
400 905 462 968 quo
484 884 552 951 fieri
574 885 731 950 interdum
752 906 815 951 non
836 892 955 968 potest,
983 893 1019 950 ut
1045 886 1126 950 inter

79 1004 131 1064 eos,
150 989 197 1068 qui
217 989 391 1070 ambigunt,
414 989 588 1066 conveniat,
621 989 696 1070 quid
719 989 760 1054 sit
781 989 826 1068 id,
855 989 894 1053 de
915 1007 977 1070 quo
999 992 1163 1070 agatnen

79 1087 199 1154 velutin
231 1091 290 1156 hoe
319 1091 404 1173 ipso,
437 1092 477 1156 de
504 1109 566 1172 quo
589 1110 670 1156 nunc
691 1093 896 1172 disputamus.
941 1091 1125 1168 Quaerimus

78 1191 142 1254 enim
159 1189 245 1258 finem
266 1193 434 1270 bonorum,
461 1212 667 1284 possumusne
695 1193 753 1259 hoc
775 1193 855 1258 seire
877 1192 968 1275 quale
990 1192 1042 1271 sit,
1065 1192 1125 1256 nisi

77 1293 269 1359 onmenmus
291 1296 373 1360 inter
396 1314 461 1374 nos,
484 1314 553 1359 oum
574 1295 667 1361 finem
690 1296 841 1361 bonorum
851 1295 1028 1374 dixerimus,
1049 1293 1125 1376 quid

128 1519 147 1566 3.
169 1517 267 1580 μήπω
291 1517 339 1577 fuit
357 1516 402 1567 Ec
438 1523 461 1566 4.
479 1515 586 1584 [placere
605 1545 636 1555 -
655 1519 778 1568 conveniat
796 1533 845 1568 om.
863 1515 910 1585 ΔΙ]
949 1521 971 1565 6.
994 1514 1058 1584 [uelit
1077 1515 1122 1584 Ar]

78 1585 93 1628 i.
110 1581 155 1648 [lac
168 1587 226 1635 scire
243 1585 294 1654 Eb]
314 1587 376 1636 scire
393 1585 436 1636 boc
455 1586 618 1638 Ll’ttcssor.
657 1585 736 1654 [quali
749 1597 804 1636 corat
821 1585 867 1654 Αἱ]

76 1809 301 1878 commodarem
329 1811 388 1868 vid.
407 1809 477 1871 Gaii
499 1812 609 1870 Institt.
631 1812 692 1884 Iv,
719 1811 900 1880 130-137;
923 1829 1023 1869 esrum
1046 1828 1125 1868 com·

77 1911 143 1950 mune
163 1896 274 1954 initium
299 1905 376 1954 erat:
404 1917 435 1954 ea
457 1917 500 1954 rea
521 1908 634 1972 aputeum
668 1907 730 1955 tum
759 1898 936 1973 sequebatur
957 1896 1001 1954 rei
1023 1896 1124 1954 defini-

77 1979 114 2035 tio.
159 1981 302 2059 Exempls
332 1981 428 2042 Gaius
461 1983 553 2040 multe
585 1981 707 2059 profert.
751 1981 941 2061 (Dirksenius
974 1983 1004 2039 in
1038 1982 1124 2055 libro,

76 2065 113 2136 qui
139 2066 318 2126 inscribitur:
351 2068 504 2128 Versuche
538 2069 611 2126 uber
644 2068 690 2126 die
721 2068 846 2143 Quellen
875 2068 926 2125 des
959 2067 1123 2126 romischen

75 2147 175 2222 Rechts,
206 2174 235 2229 p.
259 2155 277 2211 9
311 2173 370 2212 non
400 2155 472 2212 satis
501 2155 573 2212 baec
606 2155 697 2212 verba
719 2155 757 2212 ab
785 2155 823 2212 iis
846 2154 1014 2230 distinguit,
1049 2171 1124 2228 quae

75 2235 144 2294 mum
173 2239 321 2296 habebant
353 2257 453 2297 usum:
487 2259 542 2314 quo
564 2241 597 2298 dr
619 2261 649 2297 re
675 2236 791 2320 opiter.)
846 2240 904 2298 Illa
936 2239 1001 2316 ipsa
1033 2240 1125 2296 verba

75 2317 157 2380 Cicero
176 2325 274 2400 ponit,
308 2325 430 2400 vultque
453 2326 484 2382 in
506 2326 704 2402 disputatione
732 2325 820 2384 simili
843 2325 929 2384 modo
952 2323 1123 2400 praescribi,

75 2405 182 2480 horest,
203 2410 331 2486 primum
354 2411 427 2468 dici:
459 2431 490 2469 co
511 2431 555 2469 res
577 2422 691 2486 apator,
726 2421 896 2486 ceteraque,
931 2428 1006 2486 qnae
1028 2410 1066 2467 nd
1088 2429 1124 2468 ea

74 2493 145 2550 verbs
159 2496 304 2571 explenda
319 2497 468 2573 pertinent
479 2516 612 2572 quaeque
629 2497 688 2555 illis
705 2497 919 2573 significantur-3
943 2496 1125 2574 significatur

74 2592 151 2636 suem
171 2582 300 2640 definitio
322 2583 380 2651 rei,
414 2583 450 2639 de
472 2601 531 2658 qua
553 2594 665 2660 agetur.
720 2583 841 2641 Retinui
862 2591 961 2639 tamen
984 2601 1049 2639 cum
1072 2602 1124 2657 op·

75 2662 136 2722 timis
156 2667 235 2724 codd.
251 2678 360 2741 opetur,
384 2668 463 2743 quod
484 2679 583 2742 apator
604 2667 791 2726 manifestum
814 2678 860 2726 est
881 2677 976 2725 ortum
1000 2686 1063 2724 esse
1086 2687 1123 2725 ex

75 2752 304 2824 precedentium
332 2753 395 2810 fleri
418 2754 495 2810 enim
517 2764 629 2830 potest,
664 2764 697 2812 ut
718 2765 770 2812 aut
791 2753 954 2828 antiquitus
977 2753 1123 2810 interdum

76 2831 179 2894 formula
200 2839 287 2896 aliter
309 2848 451 2915 concepta
473 2839 512 2897 sit
532 2848 583 2896 eut
600 2839 705 2898 Cicero
727 2859 792 2898 eam
814 2859 833 2897 a
854 2839 999 2915 praetoris
1022 2839 1124 2897 iuben-

76 2917 104 2975 tis
129 2924 252 2981 eratione
286 2925 470 2982 transtulerit
502 2925 540 2982 ad
568 2925 808 3002 philosophorum
837 2925 1043 2983 disserentium
1075 2943 1122 2980 ra·

75 3004 170 3064 tionem.
211 3009 304 3086 Apud
325 3010 447 3067 Petrum
470 3010 636 3068 Diaconum
658 3012 694 3068 de
716 3011 794 3068 notis
810 3010 866 3068 col.
892 3010 971 3068 1507
986 3007 1123 3069 Gotholr.

76 3088 141 3149 ΕΒΑ
159 3095 334 3170 explicatur:
361 3115 393 3153 eo
415 3115 458 3153 res
479 3099 577 3170 αφἰιιν.
601 3096 730 3156 Orellius
752 3115 853 3153 veram
864 3096 1053 3171 scripturam,
1077 3095 1124 3152 cui

76 3176 143 3234 diem
162 3179 230 3238 Gaii
253 3181 345 3238 verba
366 3181 517 3257 ascripsit,
546 3181 587 3239 sie
615 3181 848 3258 interpungendo
871 3181 1022 3238 distruxit:
1041 3200 1123 3256 prue-

77 3265 166 3322 ttnlm
194 3267 270 3324 debet
302 3266 347 3340 (ut
368 3267 530 3342 proheredum
551 3270 578 3324 a'u
594 3269 723 3342 ,sonneiis
744 3269 801 3324 EA
824 3267 908 3324 RES
927 3266 1122 3342 AGATL‘R),

77 3357 99 3401 ut
113 3359 158 3406 ete.

141 3435 208 3512 esp.
220 3437 262 3507 11,
286 3439 316 3494 4.
359 3440 386 3494 a
409 3433 551 3516 Phaedro)
573 3458 601 3514 p.
625 3439 685 3495 237
709 3439 750 3496 B:
772 3425 850 3512 Περὶ
872 3423 994 3508 παντός,
1017 3421 1040 3492 d
1061 3439 1123 3502 παῖ,

80 3513 119 3611 '‘l“
146 3510 216 3620 clm*
248 3524 314 3588 τοῖς
347 3515 487 3595 μέλλουσι
511 3517 608 3587 καλῶς
634 3507 842 3612 perhorrent·
864 3514 971 3578 εἰδέναι
993 3521 1039 3580 δεῖ
1057 3514 1123 3596 περὶ

80 3616 104 3654 tc
122 3589 153 3660 tls
172 3627 189 3680 p
210 3596 227 3681 ἡ
248 3589 350 3683 βονλῆ,
378 3591 396 3680 ἢ
417 3597 529 3672 παντὸς
552 3593 735 3685 ἁμαρτάνειν
758 3597 878 3682 drusus.
925 3607 971 3664 De
994 3607 1123 3684 Epicuro

77 3684 120 3743 vid
137 3689 160 3762 1,
182 3691 230 3750 29.
263 3690 459 3749 Definitiones
481 3692 634 3750 sustulisse
657 3691 766 3750 dicitur
783 3690 808 3758 I,
833 3693 882 3749 22.
916 3691 1023 3751 Nullas
1045 3693 1123 3751 enim

78 3769 133 3830 sliss
151 3777 292 3851 probsbat
312 3778 371 3836 nisi
392 3777 499 3853 quibus
522 3777 745 3854 exprimeretur,
769 3775 839 3852 quid
861 3777 970 3835 inesset
992 3779 1021 3836 in
1045 3797 1123 3836 corn·

77 3859 139 3915 muni
156 3861 303 3922 bominum
325 3863 462 3935 notione,
485 3863 574 3938 idque
596 3863 660 3920 sine
683 3863 743 3922 ullo
766 3863 909 3941 singulari
930 3864 1056 3922 artificio
1079 3884 1123 3922 re-

77 3944 146 4012 periri
165 3965 248 4022 posse
270 3950 403 4024 putabat.
448 3947 508 4009 seu
529 3948 600 4024 quid
618 3949 654 4006 de
666 3947 807 4008 Cicerone
830 3949 969 4021 dicemus,
992 3950 1043 4025 qui
1065 3970 1122 4008 non

76 4029 171 4102 eruat,
191 4033 283 4110 ipsam
305 4035 455 4093 notionem
478 4034 547 4092 boni
569 4035 600 4092 in
622 4034 668 4092 his
690 4034 773 4093 libris
795 4053 937 4110 nusquam
955 4037 993 4092 ab
1010 4036 1123 4112 origine

77 4127 118 4168 sue
135 4117 268 4193 explicari
290 4129 321 4176 et
342 4120 431 4178 certis
451 4120 560 4178 finibus
582 4117 810 4195 comprehendi?
865 4121 927 4197 Ipsi
955 4121 999 4178 illi
1021 4121 1123 4178 delini·

77 4194 168 4258 tionum
188 4205 311 4262 artifices
334 4203 441 4278 Stoici,
475 4205 544 4264 dum
572 4206 688 4282 singula
714 4206 812 4264 verbis
839 4206 995 4275 definiunt,
1028 4207 1122 4283 ipsam

80 4279 124 4338 Vim
143 4289 325 4365 multiplicem
346 4292 499 4350 notionum
521 4291 552 4348 in
579 4291 625 4348 his
647 4291 868 4366 quaestionibus
896 4291 1041 4350 interdum
1064 4311 1123 4351 non

80 4365 209 4432 ilbodum
231 4384 365 4434 accumte
386 4377 533 4453 persecuti
556 4396 619 4434 esse
642 4377 787 4436 videntur.
