3054 5030
341 365 405 430 306
735 384 779 430 os
801 383 933 432 nmmos
956 385 1027 431 aon.

341 551 475 630 morbi,
508 559 549 615 ut
581 551 677 616 nihil
710 553 756 616 ad
789 571 916 617 eorum
949 553 1251 634 magnitudinem
1285 565 1433 635 posset

342 653 535 718 accedere.
569 652 718 718 Miserum
730 652 898 718 homineml
922 654 954 719 Si
964 655 1055 720 dolor
1071 673 1224 719 summum
1235 655 1358 720 malurn
1371 665 1431 733 est,

341 754 401 820 dici
424 754 516 819 aliter
537 773 599 820 non
620 759 733 836 potest.
769 756 830 821 Sed
853 756 1017 820 audiamus
1039 756 1151 838 ipsmn.
1191 757 1429 839 Compensa-

342 856 469 936 batur,
501 856 618 937 inquit,
652 863 777 922 tamen
807 874 887 921 cum
915 857 973 922 his
1004 859 1177 922 omnibus
1205 859 1324 923 animi
1349 859 1429 924 lae-

303 956 445 1036 5titia,
474 975 584 1038 quam
606 958 803 1039 capiebam
824 959 1005 1024 memoria
1027 960 1221 1024 rationum
1242 960 1428 1026 invento-

345 1077 502 1140 rumque
534 1065 762 1124 nostrorum.
814 1061 885 1126 Sed
919 1067 972 1138 tu,
1005 1073 1046 1125 ut
1078 1062 1233 1143 dignum
1261 1069 1324 1128 est
1360 1071 1429 1126 tua

413 1267 435 1317 1.
452 1263 528 1312 aaron·
543 1279 593 1316 om.
612 1263 732 1315 LPMCR
784 1263 864 1330 poerit
887 1265 1006 1316 LPMCR
1062 1271 1085 1317 2.
1105 1265 1281 1316 acaemitorum
1298 1266 1427 1316 Leuca

345 1329 425 1400 [Ecce]
445 1330 495 1382 mee.
515 1330 557 1382 Or.
620 1336 643 1381 8.
661 1335 831 1397 competenter
848 1333 890 1385 EC
939 1341 962 1382 4.
981 1341 1058 1383 tamea
1077 1327 1191 1398 inquitC
1235 1341 1258 1387 6.
1278 1343 1314 1384 eet
1332 1334 1427 1386 om?

340 1520 429 1579 etiam
440 1521 505 1578 Pal.
522 1526 548 1594 l,
561 1521 639 1598 Spir.
651 1517 716 1602 [B],
728 1542 786 1600 mg.
799 1523 889 1595 Crat,
902 1524 965 1581 cod.
978 1524 1054 1582 Mor.
1067 1535 1097 1582 et
1113 1525 1246 1582 ediderat
1256 1525 1425 1583 Victorius

340 1606 417 1664 Dav.
434 1615 464 1664 et
475 1605 555 1666 Oxx.
567 1617 675 1678 tacent,
687 1608 848 1666 deteriores
860 1627 925 1666 cum
940 1608 1027 1668 Grut.
1039 1619 1204 1683 sequentes.
1227 1611 1319 1667 Recte
1331 1619 1426 1687 negat

340 1690 434 1750 Gaius
444 1695 557 1764 cucero,
574 1711 650 1767 quae
661 1694 779 1768 proprie
791 1693 844 1750 ille
854 1693 1074 1770 intelleguntur,
1086 1714 1162 1788 quae
1173 1713 1263 1771 supra
1273 1696 1423 1754 abdomen

340 1785 422 1848 sunt,
456 1787 525 1853 apte
557 1777 718 1851 nominari,
757 1795 822 1836 eum
857 1769 1044 1856 δυσεντερικὰ
1076 1781 1164 1854 παθη
1202 1779 1423 1856 significentur,

339 1881 375 1919 ea
397 1863 475 1920 enirn
497 1863 534 1920 ad
556 1866 680 1920 intestina
701 1864 858 1939 pertinent.
902 1861 1066 1922 Offensioni
1092 1863 1151 1922 fuit
1178 1865 1348 1923 coniunctio
1371 1885 1423 1942 ge-

339 1948 505 2005 netivorum
527 1948 705 2023 inaequalis,
739 1952 854 2021 vescae,
888 1966 964 2025 quae
986 1967 1055 2025 pars
1084 1958 1129 2007 est
1156 1950 1287 2026 corporis
1314 1951 1421 2009 dolore

340 2041 485 2109 correpta,
508 2040 540 2089 et
560 2036 709 2104 murrinum,
733 2051 808 2109 quae
830 2034 897 2110 ipsa
918 2042 963 2091 est
984 2034 1096 2092 doloris
1117 2035 1245 2110 species,
1268 2046 1302 2092 ut
1323 2036 1421 2111 expli-

340 2118 425 2176 candi
448 2126 478 2175 et
499 2118 656 2176 deliniendi
683 2119 743 2175 vim
765 2119 919 2194 genetivus
941 2119 1062 2189 habeat3
1091 2120 1164 2198 (vid.
1194 2120 1288 2196 Epist
1316 2131 1420 2178 nostra

339 2204 378 2260 ad
399 2201 491 2262 Orell.
514 2223 542 2280 p.
567 2206 617 2276 79,
640 2204 746 2262 Matth.
769 2204 807 2261 ad
829 2223 871 2263 or.
894 2203 982 2264 Catil.
1004 2205 1046 2272 ll,
1071 2207 1121 2277 24,
1147 2204 1249 2263 ador.
1272 2224 1327 2281 pro
1338 2207 1418 2264 Mur.

341 2284 414 2368 23),
448 2288 499 2345 scd
522 2289 652 2346 eiusdem
680 2290 797 2366 generis
819 2290 879 2347 alia
901 2289 988 2365 posui
1009 2291 1094 2362 adl,
1119 2290 1173 2360 51;
1208 2290 1237 2348 in
1267 2292 1324 2348 hoc
1352 2291 1418 2366 ipso

340 2373 484 2431 vocabulo
508 2374 659 2432 commode
687 2373 781 2433 Gaius
804 2384 965 2450 comparat,
989 2375 1068 2449 quod
1090 2376 1169 2452 apud
1192 2375 1321 2433 Plinium
1346 2376 1417 2452 legi·

339 2467 388 2516 tur
409 2459 448 2516 H.
466 2459 504 2516 N.
526 2459 665 2530 XXXII,
690 2461 744 2518 24:
766 2471 860 2518 conae
882 2464 1022 2518 immineam
1044 2481 1077 2518 ac
1099 2463 1418 2519 veeoaacoatcotmm

339 2547 420 2601 mola.
444 2542 506 2621 [Ex
529 2543 671 2603 Cicerone
694 2546 770 2603 addo
793 2546 829 2603 de
851 2546 921 2621 imp.
943 2546 1048 2622 Pomp.
1074 2547 1127 2603 39:
1151 2547 1251 2617 lienus,
1274 2565 1327 2603 non
1351 2565 1415 2603 ooo·

339 2632 417 2686 ritiae
442 2632 598 2704 persapium
625 2639 654 2686 et
676 2631 708 2687 11
731 2631 761 2686 in
774 2630 839 2690 Cat.
856 2631 889 2687 3:
912 2651 962 2688 aon
990 2633 1068 2688 modo
1089 2633 1205 2689 invidiae
1226 2651 1299 2688 meae
1327 2631 1417 2710 (quae

339 2712 551 2794 contrahetur),
574 2734 665 2774 verum
687 2719 765 2772 etiem
788 2719 855 2773 vitoe
878 2716 967 2793 (quae
990 2712 1146 2797 eripietur)
1163 2715 1308 2794 pericula]
1343 2718 1413 2774 Mor

334 2809 435 2875 posset,
448 2800 526 2873 quod
538 2807 703 2875 temporum
715 2801 953 2858 consecutionem
965 2802 1125 2876 postulare,
1137 2802 1289 2859 Manutius
1305 2802 1418 2876 aliique

339 2883 557 2956 intellexerant,
581 2884 675 2943 Gzius
697 2886 740 2942 ait
760 2886 791 2943 in
814 2886 950 2944 omnibus
973 2887 1034 2944 suis
1056 2895 1175 2963 praeter
1196 2885 1275 2945 Gud.
1299 2887 1317 2943 2
1342 2905 1415 2944 esse.

339 2968 413 3026 Erat
435 2970 523 3027 etiam
545 2969 574 3026 in
599 2965 650 3038 Et.

424 3055 709 3130 Miserum-hominem)
733 3055 819 3129 Quod
841 3075 859 3112 a
880 3055 1002 3114 librario
1024 3056 1062 3113 ad
1084 3057 1293 3128 accusativum,
1317 3057 1368 3131 qui
1385 3055 1413 3111 in

338 3140 532 3197 exclamando
554 3140 682 3216 ponitur,
706 3141 914 3216 explicandum
936 3141 1068 3198 additum
1092 3150 1155 3198 erat
1167 3142 1197 3198 in
1209 3142 1344 3199 codicum
1365 3140 1413 3197 de-

339 3225 479 3284 terioruur
491 3225 635 3301 principe,
658 3243 724 3295 ecce,
747 3235 826 3283 recte
838 3225 978 3283 omittunt
995 3226 1083 3283 etiarn
1097 3227 1163 3284 Pal.
1178 3229 1192 3282 l
1218 3235 1248 3283 et
1260 3225 1338 3302 Spir.
1351 3219 1412 3306 [B].

339 3310 445 3367 Paruit
471 3310 611 3367 Palatino
640 3310 791 3368 Davisius.
847 3311 938 3369 Recte
966 3311 1121 3387 Zumptius
1149 3310 1186 3368 ad
1209 3312 1295 3368 Verr.
1323 3311 1350 3382 I,
1375 3309 1412 3366 93

338 3403 470 3466 annotet,
493 3414 551 3452 ecce
573 3413 637 3452 eum
661 3396 830 3452 accusativo
853 3415 871 3452 a
892 3395 1035 3455 Cicerone
1058 3415 1117 3453 non
1140 3396 1219 3472 poni.
1253 3396 1314 3456 Sed
1331 3413 1413 3473 prse-

338 3487 420 3537 terea
442 3498 543 3538 omnes
565 3481 638 3537 haec
660 3480 703 3537 sic
719 3479 981 3556 interpunxerunt:
1004 3480 1106 3562 (Ecce)
1128 3485 1254 3539 meierum
1276 3483 1411 3548 tannaco,

339 3568 364 3622 ei
384 3567 461 3623 dolor
482 3585 612 3622 summam
634 3569 734 3622 molum
756 3576 803 3623 est.
838 3567 905 3624 Dici
926 3575 981 3624 cet.
1021 3566 1164 3626 Condicio
1186 3585 1244 3624 uon
1268 3567 1413 3624 exclama·

339 3649 422 3720 tioni,
447 3650 498 3708 sed
521 3650 630 3708 iudicio
653 3650 840 3727 adiungenda
862 3661 934 3708 erat.

423 3738 517 3809 inquit,
542 3731 644 3814 mmm)
677 3735 766 3793 Alter
791 3736 864 3794 ordo
892 3755 929 3793 ex
960 3736 1005 3794 ed.
1033 3755 1077 3812 pr.
1106 3736 1137 3793 iu
1158 3735 1364 3793 Manutianam
1385 3739 1412 3790 et

339 3819 477 3896 deinceps
498 3820 528 3877 in
552 3829 664 3878 ceteras
675 3829 744 3878 ante
756 3820 864 3880 Gzium
875 3822 966 3892 venit,
990 3831 1093 3879 contra
1104 3821 1173 3878 edit.
1191 3819 1271 3880 Crat
1284 3831 1315 3878 et
1326 3821 1411 3886 vict,

338 3904 454 3963 codices
478 3904 555 3963 Gzii.

423 3993 549 4046 menotio
575 3993 707 4048 rationum
733 3990 962 4067 inventorumque)
995 3991 1064 4049 Non
1092 3991 1190 4066 potuit
1217 3989 1323 4049 Cicero
1356 4006 1411 4047 uno

338 4076 482 4134 vocabulo
505 4075 670 4151 exprimere
698 4075 759 4133 vim
780 4073 835 4132 τοῦ
857 4071 1065 4153 διαλογισμοῦ,
1095 4094 1154 4151 quo
1177 4075 1322 4134 vocabulo
1343 4072 1410 4150 Epi·

339 4177 426 4218 curus
448 4160 574 4218 libenter
595 4179 666 4219 usus
688 4179 753 4219 esse
774 4160 892 4219 videtur
919 4160 955 4218 de
983 4161 1072 4218 rebus
1094 4160 1271 4236 quaerendis
1299 4169 1329 4217 et
1356 4159 1411 4217 dis·

338 4245 461 4302 serendo
484 4245 682 4322 explicandis,
705 4255 739 4303 ut
759 4246 790 4302 in
813 4246 983 4304 delinitione
1005 4246 1210 4322 philosophiae
1233 4246 1312 4321 apud
1330 4245 1408 4306 Sext.

338 4331 423 4406 Emp.
445 4330 511 4387 adv.
534 4332 706 4402 Math.X1,
733 4332 802 4388 169.
