3018 5052
364 379 428 444 496
743 397 787 442 nn
809 395 939 442 ruamus
961 395 1032 440 aon.

365 571 398 630 et
425 563 632 646 intellegentia
664 563 811 642 oriretur,
844 563 875 628 in
908 581 969 644 quo
1003 564 1095 628 etiam
1122 564 1162 628 de
1188 563 1311 640 animis,
1341 561 1418 626 cuius

365 667 487 749 generis
509 672 622 745 essent,
644 673 855 748 quaereretur,
877 667 961 730 Zeno
982 665 1015 730 id
1036 666 1115 730 dixit
1135 665 1330 746 esseignem;
1353 682 1418 728 non·

366 769 449 834 nulla
470 769 581 834 deinde
601 769 699 848 aliter,
721 769 949 850 sedeapauca3
972 766 1418 832 demaximaautemrcaoden

366 872 466 950 modo,
488 871 592 936 divina
613 877 715 936 mente
736 875 831 952 atque
852 876 964 936 natura
985 872 1133 935 mundum
1150 870 1419 948 universumatque

326 979 349 1042 5
366 973 431 1039 eius
453 974 601 1038 maximas
617 959 728 1054 'partes
749 973 967 1038 administrari.
995 972 1158 1037 Materiam
1180 990 1254 1036 vero
1276 977 1420 1035 rerumet

367 1075 592 1158 copiam-apud
613 1075 670 1140 hos
691 1075 808 1154 exilem,
830 1077 914 1156 apud
935 1075 1004 1140 illos
1025 1075 1211 1153 uberrimam
1233 1073 1419 1154 reperiemus

369 1180 416 1242 13.
439 1179 539 1256 Quem
561 1177 658 1242 multa
684 1177 723 1242 ab
750 1177 788 1242 iis
811 1177 984 1258 conquisita
1011 1183 1043 1241 et
1064 1176 1191 1241 collecta
1212 1181 1286 1240 sunt
1306 1176 1344 1240 de
1365 1193 1419 1238 om·

367 1281 451 1344 nium
472 1279 673 1345 animantium
693 1298 820 1360 genere,
849 1285 933 1357 ortu,
962 1278 1116 1356 membris,
1139 1278 1307 1342 aetatibus!
1338 1294 1420 1358 quam

366 1381 462 1470 rnqlta
483 1383 523 1447 de
545 1381 637 1446 rebus
659 1381 710 1461 iis,
733 1401 813 1464 quae
840 1381 1010 1462 gignuntur
1032 1400 1050 1445 e
1072 1382 1171 1446 terrai
1204 1399 1298 1460 quam
1319 1379 1421 1444 multae

428 1576 450 1617 ⁴.
469 1569 560 1618 ratione
578 1570 635 1634 (pro
652 1571 736 1633 mente)
756 1571 775 1619 C
810 1578 831 1618 et
855 1569 904 1618 eius
928 1569 948 1618 E
971 1577 997 1617 αι
1019 1567 1068 1617 erius
1092 1568 1113 1616 L
1149 1572 1171 1616 t.
1195 1567 1263 1632 apud
1285 1584 1324 1616 eos
1341 1565 1420 1630 copton

368 1637 454 1689 LPCR
490 1641 512 1686 7.
530 1637 566 1686 his
587 1637 764 1705 [aquarum.
799 1638 901 1688 omniE
937 1642 959 1688 9.
978 1637 1014 1685 hir
1033 1635 1075 1687 Le
1154 1673 1159 1681 .

367 1805 491 1870 utroque
513 1795 587 1864 loco,
610 1795 710 1866 uthic,
734 1795 925 1864 convincitur,
949 1813 1035 1868 quam
1059 1813 1097 1851 ex
1119 1811 1177 1850 non
1193 1792 1324 1868 limpidis
1345 1789 1422 1848 fonti·

368 1881 422 1938 bus
444 1881 639 1957 cognitionem
650 1880 854 1956 philosophiae
865 1880 1057 1938 Aristoteliae
1069 1879 1194 1936 duxerit.
1216 1878 1294 1935 Nam
1306 1877 1422 1934 animum

367 1985 406 2024 ex
428 1967 482 2024 hoc
504 1967 607 2040 quinto
628 1984 736 2042 genere
758 1966 896 2022 materiae
924 1973 953 2022 et
975 1965 1107 2041 corporis
1129 1973 1224 2022 ortum
1253 1983 1332 2034 esse,
1365 1978 1422 2017 nus·

368 2071 456 2127 quam
472 2052 649 2110 Aristoteles
672 2052 756 2122 dixit,
786 2051 837 2125 qui
859 2050 1080 2126 diligentissime
1103 2051 1230 2107 animum
1253 2068 1272 2106 a
1294 2063 1422 2123 corporea

368 2146 473 2194 natura
495 2137 632 2194 seiunxit.
675 2136 855 2206 Antiochus,
889 2147 922 2194 ιιι
949 2136 1067 2211 opinor,
1102 2154 1167 2192 cum
1196 2134 1288 2194 Stoici
1315 2135 1421 2210 igneum

369 2222 497 2280 animum
519 2223 659 2294 fecerent,
682 2223 875 2280 Aristotelem
897 2240 1014 2296 quoque
1036 2221 1153 2278 induxit
1174 2219 1303 2278 animum
1321 2239 1355 2275 ex
1373 2217 1421 2273 ele·

368 2317 466 2364 mento
488 2308 587 2382 aliquo
609 2307 781 2384 fingentem
803 2326 870 2363 nam
893 2307 970 2382 epud
981 2307 1077 2383 ipsum
1090 2305 1261 2366 Ciceronem
1271 2306 1348 2362 hanc
1364 2320 1422 2359 con-

367 2391 513 2450 fusionem
536 2401 634 2450 natam
657 2411 715 2451 non
727 2393 863 2463 arbitror,
885 2392 936 2467 qui
947 2393 1020 2449 haec
1031 2393 1131 2450 omnia
1141 2393 1178 2449 ab
1190 2390 1257 2448 aliis
1268 2387 1422 2466 sumpserit

369 2477 562 2535 Enarrstores
584 2496 620 2534 ne
643 2478 672 2535 in
695 2478 928 2535 Tusculanarum
950 2478 1068 2551 quidem
1091 2478 1165 2548 loco,
1189 2476 1236 2534 cui
1260 2490 1422 2534 omnesne·

368 2564 469 2620 chinus
491 2562 601 2620 frustra
622 2563 788 2634 admovent,
812 2572 845 2620 ut
866 2582 884 2619 a
903 2561 1044 2620 Cicerone
1067 2564 1182 2639 culpem
1205 2581 1264 2620 non
1276 2571 1353 2620 recte
1365 2578 1422 2617 con·

368 2649 447 2706 versi
470 2641 645 2723 ἐντελεχείας
666 2649 791 2706 nominis
813 2649 999 2720 amoliamur,
1022 2649 1147 2707 alterum
1169 2650 1246 2706 hunc
1269 2647 1422 2724 graviorem

369 2751 497 2790 errorem
519 2741 711 2804 annotarunt,
734 2735 784 2808 qui
815 2734 852 2790 ab
879 2733 946 2790 aliis
973 2742 1041 2792 ante
1062 2736 1176 2810 aliquot
1203 2733 1321 2790 saecula
1342 2730 1422 2788 anim·

369 2819 509 2876 adversus
532 2827 584 2874 est
614 2811 820 2894 (Ἐντελέχιιαν
843 2828 940 2876 tamen
958 2839 1021 2878 esse
1043 2821 1174 2895 quintam
1197 2819 1422 2876 illumnaturem,

367 2923 404 2961 ne
427 2903 531 2962 Cicero
553 2902 671 2977 quidem
694 2904 782 2974 dixit,
816 2905 895 2979 quod
918 2905 1010 2964 Gaius
1032 2915 1062 2962 et
1083 2905 1153 2963 Otto
1175 2914 1206 2961 et
1232 2903 1284 2960 elii
1306 2909 1422 2960 narrent

367 2989 423 3047 etsi
446 2988 680 3046 coniunctionem
702 2990 944 3063 aliquamhsrum
968 2990 1118 3047 notionum
1142 2990 1235 3066 fingit,
1258 3007 1334 3062 quae
1355 2984 1424 3042 nulla

367 3074 436 3150 cst.)
479 3075 607 3132 Zenonis
629 3075 665 3130 de
687 3074 773 3150 ignca
799 3076 890 3132 animi
912 3086 1017 3132 natura
1044 3085 1073 3131 et
1095 3076 1171 3152 ignis
1193 3075 1269 3132 inter
1292 3075 1423 3131 elementa

367 3160 533 3237 principatu
555 3159 708 3217 notissime
729 3162 875 3218 sententis
895 3169 949 3218 est.

453 3256 478 3302 et
499 3249 602 3321 copiam
624 3247 700 3321 apud
721 3246 769 3302 hos
790 3241 897 3324 erilem)
920 3245 969 3306 Sic
992 3245 1088 3303 editur
1108 3245 1176 3302 inde
1198 3264 1217 3301 a
1238 3244 1381 3312 Manutio,
1400 3249 1423 3294 st

369 3333 542 3388 confirmant
564 3331 625 3388 Eri.
648 3339 677 3388 et
700 3330 854 3410 Spir.[B],
877 3332 983 3400 idest,
1007 3329 1242 3388 maliorfamilia.
1265 3329 1424 3388 Deteriores

368 3425 532 3474 ceterorum
555 3425 589 3472 ut
609 3417 702 3474 nostri
724 3425 755 3472 et
775 3426 890 3474 veteres
918 3417 1075 3475 editiones:
1108 3427 1133 3474 et
1158 3419 1236 3492 apud
1263 3437 1307 3473 eos
1333 3415 1424 3488 copiam

369 3500 438 3580 (sax
461 3502 574 3574 Davia,
597 3502 677 3576 Εχψ,
700 3503 805 3577 reliqui
829 3499 959 3580 Gzieni).
993 3503 1039 3559 Ex
1051 3502 1178 3560 levicula
1201 3503 1307 3559 mendo
1317 3497 1425 3558 inutiles

368 3597 399 3644 et
420 3607 577 3663 perversae
598 3587 675 3644 Dav.
698 3595 728 3643 et
749 3587 818 3646 Gaii
840 3589 1023 3646 coniecturae
1046 3597 1221 3645 nataesunt
1250 3586 1424 3666 (Gadam-

369 3685 457 3730 turam
478 3693 540 3730 uero
561 3672 673 3748 rwurn.)
716 3673 790 3730 Mox
816 3675 851 3730 ab
878 3675 910 3729 iis
938 3673 1103 3731 necessario
1125 3673 1231 3749 scripsi
1253 3674 1300 3750 (ut
1321 3678 1383 3728 eret
1401 3667 1425 3722 in

369 3759 414 3816 ed.
436 3757 487 3834 R),
510 3758 540 3815 id
562 3767 616 3828 est,
639 3759 676 3814 ab
693 3757 739 3829 iis,
762 3759 813 3832 qui
824 3759 957 3833 proxime
968 3752 1055 3838 (voce
1067 3756 1139 3836 illos)
1156 3757 1348 3816 demonstrati
1359 3761 1425 3812 sunt·

368 3844 446 3902 Nam
468 3843 517 3900 hic
539 3842 656 3916 quidem
684 3844 719 3899 ab
747 3845 789 3900 hir
810 3843 914 3900 referri
941 3861 999 3900 non
1022 3852 1138 3919 poterat
1164 3843 1221 3902 nisi
1249 3843 1287 3900 ad
1310 3841 1425 3902 sulcos

369 3930 404 3986 de
428 3929 534 4003 quibus
556 3925 685 3984 dixerat:
713 3931 790 4004 apud
811 3931 866 3985 hoa

458 4015 505 4071 13.
528 4015 660 4072 derebus
682 4016 724 4085 iis,
748 4033 817 4088 quae
836 4017 983 4088 qiqrruotur
1000 4033 1013 4070 c
1030 4013 1116 4089 terro)
1138 4001 1205 4090 περὶ
1222 4009 1331 4087 φυτῶν.
1355 4008 1427 4069 Solet

369 4099 474 4158 Cicero
496 4098 551 4155 hac
573 4099 831 4157 circumlocutione
842 4101 885 4157 uti
898 4097 953 4179 (V,
966 4100 1016 4172 33,
1039 4100 1133 4157 Acad.
1144 4099 1170 4168 1,
1183 4099 1234 4169 26,
1246 4097 1284 4156 N.
1292 4098 1330 4156 D.
1342 4098 1381 4168 11,
1394 4091 1426 4150 29

370 4193 401 4241 et
413 4182 477 4262 33),
500 4185 578 4258 quod
600 4203 690 4242 unum
712 4193 813 4260 aptum
836 4185 926 4243 totius
948 4185 1063 4262 generis
1085 4203 1191 4242 nomen
1214 4203 1272 4242 non
1295 4182 1427 4242 habebam

370 4287 437 4325 narn
460 4270 558 4327 herbis
569 4288 627 4328 non
640 4270 926 4345 comprehenduntur
937 4273 1066 4340 arbores,
1088 4270 1207 4346 plantae
1225 4268 1304 4344 apud
1315 4265 1428 4326 Latinos

369 4353 457 4410 aliter
478 4355 622 4412 dicuntur.
650 4353 699 4434 (In
721 4357 759 4413 iis
770 4357 852 4429 locis,
876 4357 905 4413 in
918 4357 1023 4431 quibus
1034 4356 1217 4414 Forcellinus
1229 4363 1259 4412 et
1269 4353 1428 4414 Schellaraa
