2920 5012
392 396 436 443 nr
459 396 539 444 nan.
557 396 620 444 nno.
637 397 650 443 1
672 395 744 444 can.
764 399 788 444 e.
1087 380 1126 444 61

76 564 172 630 mares
196 565 344 647 indignae
370 565 568 647 philosophia
594 565 670 630 mihi
690 566 791 631 videri
812 565 922 631 solent.
966 565 1016 630 28.
1049 567 1129 632 Tum

76 667 247 750 Torquatis:
268 667 414 747 Prorsus,
436 667 545 748 inquit,
568 667 738 747 assentior3
760 685 861 750 neque
883 667 964 733 enim
975 668 1131 749 disputari

75 769 127 834 sine
145 769 403 852 reprehensione,
425 787 482 834 neo
503 789 574 836 oum
595 771 757 836 iracundia
778 778 834 836 aut
855 771 1025 852 pertinacia
1045 776 1130 837 reete

76 871 209 952 disputari
229 877 345 954 potest.
389 871 453 938 Sed
478 874 519 938 ad
546 873 637 952 haee,
670 872 731 938 nisi
752 873 915 939 molestum
936 879 998 953 est,
1031 873 1129 939 habeo

75 991 138 1055 quae
156 974 254 1040 velim.
299 976 351 1040 An
371 993 435 1054 me,
455 974 596 1057 inquam,
619 975 678 1040 nisi
698 981 731 1040 te
752 976 860 1042 audire
881 975 1000 1055 vellem,
1022 978 1168 1042 temese

129 1183 148 1228 l.
172 1180 231 1229 Tuae
248 1179 287 1242 (Pi
308 1179 329 1230 (l
364 1185 388 1228 t.
414 1179 545 1244 Torquatus
563 1179 640 1245 inquit
653 1179 794 1246 proraesG
830 1185 853 1230 t.
872 1189 899 1232 ut
917 1195 1003 1232 omnes

76 1405 144 1454 nere3
171 1397 273 1446 eontra
295 1387 448 1463 aptissime
469 1389 587 1462 utrique
609 1389 795 1446 substantivo
825 1407 909 1446 suum
942 1389 1060 1448 additur
1080 1361 1131 1446 od·

75 1471 205 1530 ieotirum.
248 1471 370 1551 [Itaque
398 1491 474 1530 nuno
497 1474 540 1531 sio
562 1473 681 1550 scripsi,
710 1492 774 1531 oum
798 1475 971 1550 praesertim
993 1483 1133 1550 aequatur

75 1558 159 1618 eadem
181 1560 352 1617 distributio
375 1559 528 1635 bipertita:
560 1579 621 1617 oum
642 1561 785 1618 amuda
807 1556 877 1642 (hoo
900 1571 958 1633 est,
992 1561 1133 1618 necunde

74 1643 256 1744 opulentiore)
278 1655 327 1702 aut
345 1648 496 1721 pertinatia
519 1643 589 1726 (hoo
611 1653 665 1718 est,
688 1647 906 1704 concertatione
928 1647 959 1704 in
981 1647 1133 1722 diepper·

75 1729 368 1892 wilhemum)
396 1815 544 1874 Omittunt
565 1817 634 1874 Par.
658 1817 676 1873 2
700 1815 827 1888 Davisii,
850 1816 927 1894 Spir.
950 1827 980 1874 et
1001 1815 1080 1876 Gud.
1103 1817 1133 1888 2,

74 1917 180 1972 quorum
213 1903 243 1958 in
276 1903 333 1959 hoo
360 1920 467 1978 genere
494 1902 592 1959 mendi
621 1901 799 1978 oonepiratio
827 1903 885 1960 iarn
908 1907 923 1974 §
946 1905 966 1960 4
988 1913 1018 1960 et
1041 1905 1058 1960 6
1082 1921 1134 1979 op-

74 1987 165 2058 paruit.

144 2073 193 2131 28.
225 2073 294 2130 Tum
321 2069 489 2154 Torquatus)
524 2071 576 2132 Sic
598 2071 692 2131 Gaius
725 2091 763 2130 ex
785 2071 865 2131 Oxx.
887 2081 1040 2149 quattuor,
1074 2073 1135 2131 auis

72 2157 202 2216 emmaus.
246 2160 282 2217 In
306 2159 432 2216 mansitu
460 2168 490 2215 et
516 2176 674 2235 progressu
702 2159 880 2216 narrationis
901 2177 1060 2233 numquam
1082 2178 1135 2235 po·

72 2241 139 2299 nitur
163 2255 239 2314 tuno,
273 2263 350 2318 quae
382 2244 529 2320 particula
550 2263 612 2302 rem
640 2263 699 2302 uno
726 2243 826 2319 aliquo
859 2245 999 2320 temporie
1026 2253 1135 2320 puncto

70 2325 165 2386 definit.
210 2329 273 2389 Cir.
297 2330 348 2400 29,
370 2330 412 2400 11,
437 2331 464 2386 6.

141 2426 211 2473 recte
231 2417 381 2491 deputari)
404 2414 552 2473 Omittont
572 2414 694 2472 verbum
718 2414 797 2474 Oxx.
809 2411 861 2486 Εξ,
884 2414 1040 2474 erianis
1057 2415 1135 2492 Spir.

71 2507 94 2553 et
113 2497 188 2558 Gud.
214 2505 246 2572 i,
270 2500 439 2575 delevitque
462 2499 570 2571 Gaius,
594 2519 653 2576 quo
675 2499 770 2572 iacto,
799 2509 901 2558 eontm
922 2509 1012 2576 atque
1032 2501 1058 2558 ie
1080 2519 1134 2578 pu-

70 2583 146 2656 tarit,
178 2598 249 2644 reete
271 2597 363 2662 potest
383 2586 549 2644 necessario
572 2586 759 2661 coniungitur
780 2603 845 2643 oum
869 2587 1019 2662 superiore
1041 2587 1134 2663 dapu-

70 2673 126 2741 tori,
160 2691 254 2747 pravo
287 2671 401 2748 positu,
434 2672 569 2748 peritque
597 2672 757 2743 sententia,
791 2690 866 2748 quae
899 2671 996 2748 posita
1028 2681 1073 2730 eet
1104 2673 1134 2729 in

70 2753 265 2830 disputatione,
288 2757 547 2833 reprehensionem
569 2757 745 2832 requirenti,
768 2767 798 2814 et
824 2766 906 2815 reeta
927 2757 1134 2835 disputatione,

70 2838 237 2901 incondium
261 2843 423 2919 respuenti,
445 2843 523 2900 inter
544 2861 576 2900 ee
599 2843 745 2901 contrarie
767 2843 877 2900 relatis.

140 2931 179 2986 ud
201 2931 268 2986 loeo
291 2961 333 2970 -
356 2929 439 2986 dobeo
466 2949 536 3004 quoe
561 2924 654 3005 velim)
688 2929 814 2986 Brerius
836 2930 924 2986 Tuae.
946 2929 977 2999 I,
1001 2928 1056 2986 55:
1084 2931 1137 2986 uisi

70 3013 127 3082 quid
146 3015 228 3072 tubes
251 3017 299 3072 ad,
313 3015 392 3084 tuem
414 3013 463 3071 hic
474 3014 540 3071 libr.
551 3015 607 3085 IV,
628 3017 660 3070 1:
682 3025 730 3071 out
747 3017 898 3072 modtumue
919 3025 1012 3071 eontra
1033 3015 1136 3071 omniuo

68 3099 122 3154 nelle
145 3103 261 3176 oliqreid.
307 3099 530 3176 comparandus
558 3109 603 3158 eat
630 3099 655 3157 is
688 3099 772 3157 verbi
804 3118 889 3171 usur,
922 3118 980 3174 quo
1013 3099 1135 3158 dieitur:

67 3188 150 3253 poenis
172 3197 198 3243 te
219 3187 279 3243 oolo
301 3194 332 3242 et
352 3185 469 3242 similia.

141 3273 186 3327 An
218 3291 274 3342 me,
309 3274 432 3346 iriquum)
465 3271 510 3326 Aa
537 3271 606 3328 Par.
630 3271 648 3327 2
677 3281 707 3328 et
732 3271 779 3328 El.
804 3275 917 3341 „unus“
946 3271 1026 3346 opud
1057 3272 1134 3329 Dor.

71 3349 218 3435 [Glagus]
262 3350 386 3434 (Gaiusr
408 3355 568 3426 Vaoillant,
590 3355 696 3431 inquit,
720 3356 803 3414 oodd.
819 3355 850 3413 in
861 3357 913 3427 Aa
935 3366 1029 3432 alque,
1051 3375 1084 3414 oo
1106 3365 1136 3414 et

70 3455 99 3494 or
117 3442 316 3517 exhibentes.)
359 3441 411 3514 Id,
434 3441 490 3500 etsi
512 3441 621 3518 exigua
642 3442 817 3500 auctoritate
839 3442 982 3514 munitur,
1015 3451 1136 3518 propter

69 3529 200 3586 sermonis
223 3528 321 3604 legem
344 3545 410 3584 eum
431 3526 556 3585 Davisio
579 3537 610 3584 et
631 3525 744 3586 Orellio
766 3526 925 3584 tenendum
952 3536 1029 3598 erat;
1062 3527 1136 3584 nihil

69 3609 135 3668 euim
156 3632 195 3670 ex
218 3613 345 3670 adverso
368 3613 503 3670 obicitur.
536 3613 641 3687 Itaque
658 3613 793 3671 Handius
810 3614 896 3670 Ture
913 3613 938 3685 I,
966 3633 995 3689 p.
1013 3613 1074 3670 438
1097 3632 1135 3670 ex

68 3693 115 3752 hoo
134 3717 193 3756 uno
217 3699 357 3775 exemplo
379 3698 527 3776 singulare
550 3697 703 3756 constituit
724 3717 815 3774 genus
837 3697 1076 3775 interrogationis
1097 3699 1135 3756 ab

68 3790 92 3834 ot
109 3781 294 3860 incipientia,
328 3785 359 3841 in
386 3803 446 3858 qua
472 3783 584 3859 aliquid
611 3784 759 3841 reiciatur.
802 3787 846 3842 At
867 3783 972 3843 Cicero
998 3785 1076 3842 idem
1104 3803 1135 3842 se

68 3865 133 3924 velle
154 3870 314 3947 signifieat,
337 3869 416 3944 quod
438 3871 622 3945 Torquatus,
645 3880 678 3927 ut
699 3869 748 3927 hie
769 3870 914 3944 loquatur.
958 3871 1136 3928 Annectitur

67 3949 252 4032 interrogatio
274 3955 397 4013 alterius
419 3955 532 4028 verbis,
556 3975 572 4012 e
594 3955 700 4030 quibus
722 3965 793 4013 neta
814 3963 844 4012 et
865 3964 936 4032 apta
957 3965 1002 4013 est
1023 3952 1135 4037 (denn):

66 4035 101 4108 ll,
123 4041 177 4098 74:
211 4042 259 4098 An
280 4061 330 4110 ore,
353 4044 452 4116 aequm,
474 4051 530 4098 tom
551 4051 679 4098 amentem
697 4051 781 4117 pulos
803 4049 863 4098 —t
906 4042 995 4099 Tuae.
1017 4043 1055 4112 V,
1080 4043 1135 4099 73:

67 4125 104 4178 Aa
124 4136 151 4183 tu
172 4148 216 4184 me
238 4130 266 4183 in
289 4129 360 4184 ooo
376 4127 497 4202 putabas
518 4137 566 4184 out
593 4130 620 4184 in
641 4146 706 4184 roso
727 4127 841 4184 dr'oml
858 4127 917 4184 ibd.
940 4127 979 4198 V,
1003 4127 1057 4184 35:
1089 4128 1136 4185 An

66 4227 105 4282 epo
119 4215 236 4287 pereira,
259 4231 320 4270 eum
341 4215 465 4286 aneon,
488 4231 571 4288 quom
592 4216 627 4269 sit
648 4215 751 4282 doetus,
773 4232 856 4287 quum
876 4215 918 4270 oir
934 4213 1035 4270 bonust
1088 4214 1135 4271 De

66 4293 122 4352 Fet.
144 4301 179 4356 4:
214 4298 261 4354 Aa
283 4299 363 4370 nudi,
395 4301 514 4373 inquom,
533 4308 623 4374 potest
643 4299 793 4373 quidquam
814 4317 871 4356 esee
891 4300 1040 4367 molestum,
1063 4300 1137 4373 quod

67 4381 107 4436 tibi
117 4385 365 4458 praeumsutrmmt
375 4386 428 4440 siti
444 4384 504 4457 ubi,
516 4393 551 4442 ut
562 4382 620 4456 hio,
632 4384 746 4459 aliquot
757 4383 841 4442 oodd.
852 4393 889 4457 ot,
911 4383 1027 4461 volgari
1037 4402 1136 4442 errore
