2920 5012
365 419 408 464 sn
432 409 513 464 unu.
531 419 593 464 nis.
611 419 622 464 1
644 417 718 466 one.
741 421 779 466 ιο.
1073 403 1114 465 75
1169 448 1173 457 .

68 587 160 650 niorem
184 587 223 650 ad
244 587 496 668 respondendum
524 588 697 652 reddidisti.
742 589 882 664 Quonmr
904 585 986 652 lacta
1008 605 1115 668 quem-

68 689 217 766 admodum,
250 708 382 770 quaeso,
420 690 661 770 interpretaris?
705 689 805 754 Sicine
833 707 887 754 eos
920 707 1028 754 censes
1062 697 1117 754 eut

68 789 255 855 harmamm
289 792 410 856 hostem
436 792 585 872 impetum
616 791 725 857 fecisse
752 799 806 856 aut
832 792 863 855 in
886 791 1000 856 liberos
1022 801 1116 873 atque

117 983 136 1026 3.
152 989 191 1028 aut
207 979 230 1028 ιἰι
246 979 382 1044 suacensem
401 979 520 1031 LPMCR

67 1151 169 1210 reintme
190 1153 381 1230 supersede03
403 1172 471 1211 nam
494 1154 678 1212 obtrectandi
696 1154 793 1212 studio
805 1172 869 1224 nec,
893 1153 965 1228 quid
982 1153 1116 1210 locorum

67 1238 219 1313 angulorum
251 1241 399 1297 sententia
427 1250 456 1296 et
483 1241 672 1298 cohaerentia
704 1240 882 1317 postularet,
916 1239 1117 1296 consideravit

67 1340 113 1393 nec,
131 1326 196 1398 quid
216 1344 254 1383 ex
276 1325 414 1382 omuibus
436 1327 599 1383 coniunctis
623 1337 653 1384 et
674 1325 852 1403 comparetis
880 1334 1052 1399 sequeretur
1080 1326 1121 1392 de,

67 1407 172 1484 singulis.
213 1411 294 1469 Illud
326 1411 448 1482 addam,
481 1431 602 1488 prorsus
636 1412 738 1470 eodem
772 1411 858 1468 modo
882 1409 960 1486 apud
984 1409 1116 1468 Graecos

66 1494 220 1567 μημιιικῶς
252 1497 320 1554 dici.
375 1497 453 1553 Nam
481 1507 509 1554 et
538 1497 617 1574 apud
638 1498 869 1575 Xenophontem
892 1497 1001 1572 Cyrop.
1023 1497 1062 1566 V,
1087 1497 1116 1566 3,

67 1570 122 1633 to
104 1598 137 1644 ως
145 1577 340 1654 μνημονικῶς
335 1579 425 1638 πᾶσιν
437 1573 592 1656 ὀνομάζων
605 1576 768 1640 ronredines
781 1591 840 1639 est:
863 1591 966 1656 quanta
977 1585 1117 1638 melmae
1204 1574 1211 1598 ⁸

66 1666 90 1718 π’.
107 1664 133 1719 in
152 1683 206 1739 quo
228 1667 316 1723 simul
339 1667 468 1724 studium
490 1677 520 1724 et
542 1668 730 1726 observantia
758 1668 956 1744 significatur,
985 1678 1015 1724 et
1037 1667 1120 1743 apud

66 1747 193 1808 Platonem
214 1751 304 1809 Polie
318 1753 378 1809 257
392 1751 418 1809 Β
433 1751 618 1851 μνημονικῶς
640 1747 802 1827 ἐπέπληξας
824 1771 890 1809 cum
913 1751 1000 1809 laude
1022 1753 1116 1811 bonae

66 1837 195 1893 memoriae
216 1837 341 1904 dicium,
370 1849 399 1894 et
421 1838 499 1913 apud
526 1838 698 1914 scriptorem
729 1849 802 1895 orat.
825 1839 855 1894 in
877 1839 1026 1896 Neaeram
1057 1840 1116 1896 110

65 1928 87 1973 ct
103 1923 168 1996 apud
188 1923 369 1980 Aeschinem
393 1924 426 1992 2,
458 1925 498 1980 48
526 1923 662 1982 similiter
693 1919 877 1998 μνημονικῶς
898 1943 947 1980 και
977 1917 1117 1996 ἐπιμελῶς

16 2000 22 2015 ’
64 2013 87 2059 ct
111 2005 283 2081 μνημονικῶς
304 1997 353 2065 καὶ
387 2005 520 2073 δυνατῶς
540 2011 722 2084 κατηγορεῖν,
756 2008 916 2082 eademque
939 2009 1116 2085 significatio

65 2090 120 2146 satis
138 2094 241 2150 eminet
261 2094 372 2151 Aesch.
397 2095 430 2164 2,
454 2090 520 2170 42]

131 2177 280 2257 commista)
304 2182 338 2238 In
362 2179 426 2236 cod.
449 2179 609 2254 archetypo
638 2177 695 2235 luit
717 2182 884 2254 corripuisti3
919 2197 987 2236 nam
1016 2180 1058 2236 sic
1087 2189 1117 2235 et

64 2259 117 2317 boni
142 2261 238 2339 (etiam
272 2285 332 2343 mg.
354 2265 449 2334 Crat,
484 2265 568 2322 codd.
596 2265 672 2322 Mor.
701 2275 731 2321 et
753 2261 847 2343 Vict.)
876 2275 906 2322 et
934 2265 1003 2322 mali
1026 2261 1116 2346 (Pell.

63 2363 157 2414 omnes,
180 2349 257 2408 Oxx.
281 2346 357 2426 ξχψ,
392 2349 462 2408 Gaii
495 2359 554 2407 tres
587 2359 637 2406 aut
667 2348 793 2408 fortasse
827 2350 942 2425 plures;
975 2351 1117 2408 Davisius

61 2430 146 2510 tacet).
185 2436 275 2493 Recte
299 2437 486 2493 emendatum
508 2436 538 2492 in
561 2435 586 2492 L
609 2445 639 2492 et
659 2434 785 2494 fortasse
807 2436 889 2506 eliis3
923 2437 982 2494 vid.
1005 2437 1055 2494 lib.
1074 2437 1115 2507 Π,

63 2515 106 2572 il:
125 2539 283 2596 qrmmqnom
306 2532 332 2578 te
352 2542 404 2578 aon
424 2541 543 2596 paetum,
566 2531 595 2578 ut
616 2525 666 2582 aie,
690 2541 867 2597 corrumpere.

129 2605 212 2662 Situm
233 2627 278 2664 eon
300 2602 403 2688 censeo)
426 2608 518 2664 Recte
540 2607 582 2664 sic
600 2607 661 2664 Erl.
685 2606 730 2685 [et
746 2606 802 2686 A],
825 2617 858 2664 ut
880 2607 985 2683 optimi
1006 2607 1115 2682 quique

62 2687 157 2747 codices
177 2692 206 2748 in
228 2693 284 2750 hac
307 2703 337 2750 et
359 2693 465 2750 ceteris
482 2693 612 2750 eiusdem
629 2691 742 2750 formae
765 2692 903 2765 vocibus,
926 2711 985 2751 uon
1007 2697 1116 2760 alecium

61 2769 274 2848 (ridDralrenb.
298 2779 335 2835 ad
358 2779 423 2836 Lir.
436 2779 490 2849 VI,
519 2780 565 2850 16,
590 2779 608 2834 2
632 2789 661 2836 et
683 2780 754 2847 VII,
783 2779 830 2849 15,
854 2781 872 2835 2
896 2775 974 2850 ete).
1009 2779 1116 2836 Postu·

61 2856 93 2913 iat
110 2861 137 2916 id
155 2864 244 2934 rati0;
274 2883 342 2920 nam
364 2873 397 2920 ut
420 2883 458 2921 ex
481 2865 498 2920 lt
521 2873 550 2920 et
572 2865 682 2936 vocali,
706 2864 807 2922 addito
829 2883 867 2935 ce,
890 2865 922 2921 iit
945 2865 1001 2921 ln'ce
1023 2873 1053 2920 et
1075 2865 1117 2921 lu'c

61 2942 98 3016 (de
117 2945 236 3008 barbaro
258 2959 290 3007 et
311 2950 379 3007 licto
402 2951 575 3025 pronomine
597 2951 669 3008 hicce
689 2951 749 3006 vid.
772 2951 805 3007 F.
817 2950 915 3007 Ritter
936 2950 974 3006 ad
996 2951 1116 3007 Terent.

61 3030 136 3088 Andr.
156 3035 181 3100 I,
205 3037 234 3107 5,
260 3040 293 3106 1,
327 3037 375 3092 cui
409 3035 520 3092 utinam
554 3037 737 3110 grammatici
771 3036 864 3093 nostri
898 3035 1115 3110 obtemperent;

61 3132 215 3193 quamquam
238 3121 311 3196 quid
333 3121 384 3178 liet
403 3121 480 3192 illis,
514 3121 563 3196 qui
592 3131 654 3178 tum
677 3123 793 3178 demum
823 3121 998 3178 mirabiliter·
1019 3139 1050 3178 se
1072 3121 1116 3178 lo-

60 3211 125 3258 mtos
135 3215 251 3278 putant,
275 3207 301 3263 si
324 3225 412 3281 quarn
435 3206 607 3282 saepissime
630 3209 700 3265 hicce
723 3208 788 3264 liber
809 3217 839 3264 et
861 3206 970 3264 similia
991 3207 1116 3282 scripse-

60 3285 141 3366 rint?),
163 3301 192 3348 et
214 3303 247 3349 ut
269 3311 308 3350 ex
330 3295 374 3350 ille
395 3301 426 3348 et
447 3295 496 3350 iate
516 3302 547 3349 et
569 3293 670 3350 eadem
694 3293 809 3370 syllaba
825 3293 899 3349 liunt
920 3294 974 3350 illic
996 3303 1026 3349 et
1047 3295 1115 3363 istic,

60 3389 117 3442 quae
136 3378 225 3434 etiam
246 3395 325 3434 nunc
348 3378 468 3435 tradunt
489 3397 528 3435 ex
548 3380 592 3436 ille
614 3378 689 3454 (lete)
713 3387 743 3436 et
765 3380 807 3436 dio
829 3387 894 3435 orta
916 3397 990 3449 ease,
1014 3377 1056 3436 sic
1078 3397 1117 3434 ex

63 3459 118 3514 riet
136 3481 163 3518 ce
184 3463 218 3520 fit
239 3467 293 3534 cic,
328 3463 522 3538 similiterque
549 3484 618 3521 ozena
646 3473 676 3521 et
703 3475 779 3534 tonc;
813 3473 901 3538 atque
934 3465 991 3522 hae
1014 3482 1115 3522 omnes

59 3553 135 3614 lotae,
156 3565 224 3606 cum
246 3549 418 3625 adiungitur
438 3569 478 3617 ne,
501 3550 749 3625 pronuntiationi·
761 3549 946 3608 adiuvandae
964 3567 1054 3607 causa
1070 3569 1116 3606 re-

59 3625 133 3687 tinent
152 3653 189 3690 ex
211 3635 337 3709 antiqua
357 3634 454 3692 forma
475 3655 489 3691 e
510 3635 642 3693 vocalem
669 3635 700 3693 in
728 3639 738 3693 ι’
759 3635 878 3693 brevem
901 3644 1115 3704 transeuntem

58 3711 136 3790 imque
164 3730 193 3776 et
222 3723 307 3778 dimne
335 3729 364 3778 et
391 3723 488 3778 illidere
509 3730 539 3778 et
560 3724 674 3792 leticiae,
709 3731 739 3778 et
771 3724 882 3778 nanctae
914 3717 998 3803 (Ter.
1020 3721 1115 3778 Andr.

57 3797 99 3867 W.
121 3806 144 3874 l,
168 3805 227 3886 59)
250 3815 280 3863 et
303 3809 384 3864 sicem
405 3807 521 3864 dicitur.
555 3806 588 3866 si
610 3807 791 3881 antiquiores
808 3807 983 3865 haberemus
1000 3807 1115 3864 codices

58 3885 228 3958 mimarum
257 3891 296 3949 ad
323 3893 472 3962 Atticum,
506 3893 548 3950 ibi
582 3911 698 3967 quoque
732 3893 895 3969 legeremus
919 3895 1022 3963 decore,
1056 3911 1115 3949 non

57 3971 120 4028 tum
138 3977 194 4046 IX,
209 3980 239 4048 ῖ,
253 3979 282 4046 3,
294 3979 386 4048 XHI,
401 3981 449 4046 16,
474 3980 502 4050 2,
525 3987 559 4035 nt
580 3978 666 4036 Livio
684 3979 869 4052 XXXVIII,
895 3980 944 4050 49,
963 3981 982 4035 4
1004 3979 1115 4054 Kreys-

57 4055 130 4133 tigius
150 4082 165 4120 e
187 4063 275 4120 codd.
297 4063 426 4121 reddidit
448 4065 550 4122 lanienae
574 4065 651 4140 (ipse
669 4064 787 4138 quidem
804 4083 863 4122 non
879 4075 959 4121 recte
973 4059 1115 4143 huiccine).

123 4159 201 4224 atque
224 4153 252 4205 ιίι
276 4143 444 4230 emtyor'nem)
467 4149 516 4209 Sic
539 4149 627 4207 etiam
652 4149 739 4225 Spin,
762 4151 932 4226 recepitque
944 4149 1038 4208 Gaius
1060 4168 1115 4225 pro

57 4227 144 4291 lilleso
164 4245 221 4292 out.
246 4234 402 4292 Ernestius
425 4255 440 4292 e
463 4236 539 4293 Dav.
562 4236 731 4292 coniectura
753 4236 926 4312 scripserat:
956 4246 980 4292 ct
1002 4239 1028 4292 io
1051 4254 1114 4291 cao·

55 4319 151 4389 omem
172 4321 313 4378 Bremius
335 4339 423 4378 voces
445 4331 492 4377 aad
508 4325 535 4378 in
554 4323 648 4379 liberos
671 4321 763 4378 deleri
785 4321 913 4391 volebat,
936 4321 999 4378 sine
1017 4338 1114 4378 causa.

57 4398 128 4460 Recte
153 4407 278 4482 proprio
306 4406 514 4481 superadditur
545 4407 703 4484 figrrratum
735 4407 869 4484 gravius,
903 4407 992 4464 etiam
1024 4407 1115 4463 inter·
