2928 5012
491 393 686 440 ennnrnnro.
1057 373 1129 438 XLI

89 565 185 644 generis
204 573 402 628 accassertmt
417 563 449 627 in
460 563 595 628 editione
605 563 716 643 altera,
738 568 773 627 ut
783 562 821 642 V,
838 565 879 629 39
889 569 1005 644 patore
1022 565 1054 645 (e
1068 583 1129 646 mg.

90 673 171 752 Crat).
198 671 258 736 Sed
280 671 449 736 Lambinus
471 671 502 734 in
525 670 573 736 his
592 671 688 754 libris,
711 678 747 735 ut
769 671 800 735 in
822 672 899 751 aliis,
922 673 1061 737 codicum
1083 679 1129 736 te-

87 780 200 844 stimonia
221 779 374 862 quaedam
396 777 497 858 finxit;
521 797 621 861 neque
643 779 724 844 enim
741 779 855 861 ubique
866 780 969 862 ipsum
980 781 1027 860 iis,
1049 799 1131 863 quae

85 887 235 952 iniiemmii
246 887 439 968 aliorumque
459 887 628 952 amicorum
649 887 799 952 librorum
821 888 1011 970 marginibus
1033 907 1130 954 anno-

88 1005 138 1060 tata
155 995 350 1076 repperisset
372 996 535 1076 deceptum
546 995 649 1060 dicere
659 995 739 1060 licet.
772 996 957 1062 Huiusmodi
969 1002 1025 1076 est,
1048 999 1132 1079 quod

85 1105 115 1168 ad
133 1105 200 1182 119
222 1103 343 1182 scribit,
376 1105 407 1169 in
430 1104 608 1170 melioribus
637 1103 724 1168 libris
752 1124 813 1169 non
836 1122 1015 1186 comparere
1036 1107 1131 1171 verba

87 1232 162 1291 quom
176 1212 242 1293 fieri
263 1212 329 1275 siae
349 1231 443 1276 eausa
465 1211 635 1294 quidquam
656 1212 765 1292 dicere,
797 1232 877 1294 quae
899 1212 1057 1278 Manutius
1085 1215 1131 1279 in·
1210 1245 1214 1263 =

82 1327 153 1384 mute
172 1322 382 1398 dannaverat,
404 1321 526 1386 codices
548 1339 654 1386 omnes
677 1326 760 1386 recte
782 1321 910 1400 habent,
933 1331 963 1386 et
986 1322 1070 1403 quod
1091 1323 1132 1387 ad

16 1421 18 1446 ²
83 1427 152 1503 Lu,
171 1429 265 1494 libms
278 1437 400 1495 veteres
412 1430 539 1495 habere:
557 1448 636 1511 quoe
650 1449 710 1493 erra
720 1427 787 1492 sede
796 1433 945 1494 naturam
955 1435 1012 1493 out
1026 1427 1133 1494 solito>

81 1539 139 1600 tore.
178 1537 253 1617 (Cir.
277 1540 318 1603 ad
340 1539 398 1618 1‚3
419 1539 459 1602 de
480 1536 615 1619 denique,
638 1538 756 1619 uma.)
788 1537 837 1602 Ne
857 1538 889 1602 in
911 1539 1050 1620 margine
1063 1540 1132 1619 qui·

83 1644 136 1708 den
156 1647 303 1727 repetitae
326 1647 470 1712 editionis
492 1646 567 1711 talia
588 1664 719 1727 prorsus
741 1647 853 1711 desunt
874 1647 1075 1729 (quamquam
1091 1647 1132 1712 ibi

83 1753 123 1815 ulii
141 1755 264 1820 trrrbare
285 1757 478 1836 potuerunt),
501 1760 535 1818 ut
558 1754 649 1833 11,11
674 1773 692 1818 e
713 1759 818 1819 vetere
840 1754 944 1819 codice
966 1760 1134 1820 annotatur

78 1857 220 1942 indolonb,
243 1864 329 1944 quod
351 1863 382 1926 in
395 1863 478 1927 nullo
491 1862 594 1926 codiee
606 1861 805 1927 Cioeroniano
816 1859 912 1926 fuisse
928 1863 1133 1927 certissimum

79 1975 122 2032 est
160 1971 264 2048 (Quod
287 1971 319 2034 in
342 1970 400 2034 hoo
421 1970 561 2052 margine
582 1969 745 2052 permultis
767 1970 892 2034 vocibus
904 1971 1031 2052 antiquo
1048 1990 1134 2037 more

79 2076 185 2158 scriptis
207 2079 338 2144 additur
359 2079 437 2142 haee
458 2085 546 2143 nota:
568 2078 611 2142 sie
632 2099 696 2142 uo.
709 2097 743 2158 a,
765 2079 798 2142 id
814 2079 971 2158 pertinere
993 2080 1033 2143 ad
1050 2097 1133 2143 eom·

16 2177 18 2216 ¹
76 2200 177 2249 munem
198 2186 411 2268 antiquiorum
434 2186 571 2251 rodinum
593 2203 719 2266 morem,
742 2205 804 2251 non
826 2187 866 2251 ad
889 2193 990 2251 certos
1013 2188 1134 2253 oodices

16 2345 18 2384 ἰ
76 2291 159 2359 iubis
179 2295 269 2360 libris
292 2294 458 2374 adhibitos,
481 2293 559 2359 satis
580 2294 691 2375 liquet,
719 2295 864 2377 quoniam
888 2295 962 2359 nihil
985 2295 1069 2359 aliud
1090 2295 1135 2360 illi

17 2385 18 2403 ¹
77 2417 161 2466 tna
182 2403 360 2485 praebent)

16 2519 18 2573 t
142 2510 242 2575 Fulvii
260 2511 369 2577 Ursini
391 2511 520 2588 codices
542 2511 605 2592 qui,
627 2510 812 2592 ubicumque
833 2511 986 2590 haeserat,
1008 2517 1134 2592 praesto

16 2656 18 2710 g
76 2625 157 2696 eraut
168 2637 415 2684 commemorare
427 2618 501 2684 nihil
513 2618 638 2698 attinet;
660 2619 757 2698 iuml,
771 2621 785 2682 1
800 2618 1136 2701 protuetumstadt‘am

17 2719 18 2749 ¹
76 2723 152 2788 habet
170 2731 239 2790 tom
265 2725 407 2806 malrum,
430 2727 512 2808 quod
535 2727 676 2808 sequitur
698 2731 821 2808 tamque
841 2725 984 2807 multam
1006 2728 1065 2793 etsi
1086 2727 1136 2791 hic

16 2853 17 2862 ¹
74 2849 186 2915 qnoque,
209 2843 247 2900 ut
269 2835 354 2914 alibi,
377 2835 533 2900 interdum
556 2854 646 2900 veros
668 2836 789 2901 codices
811 2835 984 2916 inspexisse
1005 2835 1135 2914 videtur,

76 2937 191 3007 fumasse
213 2944 311 3009 etiarn
333 2944 440 3022 banea,
461 2952 498 3007 ut
520 2943 576 3021 IV,
588 2946 638 3010 23.
683 2945 809 3022 Eadem,
831 2963 894 3024 qua
910 2943 1052 3022 Ursinus,
1074 2943 1136 3008 fide

75 3045 281 3117 Lalimnandus
307 3051 493 3133 aliquotiens
515 3053 636 3116 codices
658 3052 761 3134 regios
783 3051 933 3132 appellat3
961 3053 1046 3116 velut
1066 3071 1136 3116 oum

75 3153 186 3223 i'rsinus
209 3161 290 3240 Lli
316 3161 347 3224 in
370 3160 544 3226 suocodice
566 3159 701 3224 eitimam
723 3179 792 3225 esse
814 3159 963 3238 finxisset,
984 3160 1033 3224 bio
1055 3160 1136 3224 idem

76 3261 232 3333 'nduobus
257 3268 408 3350 repperit

139 3375 211 3440 Non
241 3374 402 3455 fraudem,
431 3377 487 3442 sed
514 3395 653 3441 errorem
680 3395 884 3460 permagnum
910 3384 943 3442 et
968 3377 1137 3458 pannium

77 3476 171 3547 babent
198 3485 328 3549 codices
355 3485 427 3566 plus
449 3503 542 3566 quam
564 3485 692 3568 triginta
713 3485 980 3567 Lagomarsiniani
1002 3505 1022 3550 a
1043 3487 1077 3550 F.
1099 3488 1136 3551 Α.

76 3582 167 3655 b'oifio
190 3594 429 3658 commemorati
451 3593 483 3657 in
506 3611 637 3658 censura
660 3593 803 3658 editionis
814 3593 988 3659 Rathianae
1000 3593 1031 3658 in
1042 3593 1136 3674 ephe·
1203 3611 1205 3618 ’

76 3695 228 3763 ueridrbus
252 3700 376 3766 lenens
399 3720 428 3766 a.
453 3703 535 3766 1805
557 3721 587 3766 n.
600 3704 685 3781 63¹)
713 3702 760 3766 Ex
782 3701 831 3766 bis
853 3701 1009 3766 codicibus
1027 3701 1059 3764 in
1069 3701 1136 3764 libr.

73 3797 132 3878 110
153 3805 270 3888 viginti
292 3809 440 3874 dicuntm
463 3809 578 3874 habere
598 3810 681 3889 sotis,
704 3811 787 3892 quod
809 3809 841 3873 in
864 3809 947 3874 nullo
970 3827 1069 3890 neque
1079 3826 1136 3890 op-

73 3908 128 3977 tinu
154 3935 265 3998 neque
297 3917 434 3998 pessimo
461 3917 565 3982 codice
598 3917 764 4000 quisquam
795 3923 958 4000 praeterea
985 3917 1136 3998 repperit3

72 4023 187 4096 Sedecim
212 4027 240 4104 1,
269 4027 311 4090 70
333 4025 386 4107 qui
407 4024 523 4104 darana
557 4033 715 4108 postremo
742 4027 783 4105 Π,
806 4029 847 4092 36
880 4045 949 4089 eam
975 4025 1136 4106 particula,

17 4117 18 4123 ἵ
72 4145 144 4207 quam
167 4133 346 4198 Lambinus
368 4139 400 4198 et
422 4135 478 4200 Tb.
501 4134 661 4200 Bentleius
683 4135 877 4214 addiderant,
900 4132 1136 4198 induobusho·

16 4251 18 4285 i
72 4272 261 4290 --—.-..

16 4408 18 4441 ἰ
90 4341 105 4395 ¹.
121 4345 170 4398 vid
192 4345 288 4398 Woifit
306 4346 491 4397 Annleetorum
509 4347 585 4398 litter.
604 4347 654 4398 voi.
674 4348 682 4398 Ι
701 4362 725 4411 p.
744 4346 801 4399 att.
