2956 5028
378 428 423 473 un
446 427 527 473 unc.
549 427 613 474 nus.
636 429 660 473 u
682 429 755 474 cun.
781 429 821 475 ιτ.
1077 409 1140 475 239

3 665 5 672 ,
81 591 189 656 riantur
206 593 369 674 plurimae,
402 594 485 660 idem
512 595 573 659 erit
593 594 730 676 Epicuro
756 601 863 660 vestro
892 593 1081 674 iaciendum,
1114 595 1142 660 si

3 763 5 782 .
80 711 160 756 soum
188 693 276 759 finem
309 695 462 760 bonorum
490 697 579 778 sequi
607 697 704 775 volet,
737 699 822 779 quod
844 697 994 778 Scipioni,
1028 715 1142 778 magna

3 795 4 826 ³
79 793 166 874 gioria
194 797 367 877 proposita,
406 798 433 861 si
467 798 673 863 Hannibalem
710 799 742 862 in
775 797 912 862 Africam
946 797 1139 863 retraxisset

80 895 177 977 Itaque
205 905 354 978 quantum
386 898 464 963 adiit
495 899 681 980 periculum!
735 901 786 964 Ad
824 900 1019 964 honestatem
1059 899 1140 964 enim

80 995 152 1060 ilium
172 1017 289 1064 omnem
311 1007 458 1064 conatum
480 1019 570 1064 suum
593 999 761 1079 referebat,
791 1020 854 1065 non
876 1002 917 1065 ad
938 1000 1138 1081 voluptatem
1157 1005 1179 1067 5

79 1097 121 1161 Sic
139 1109 237 1165 vestu
258 1101 399 1182 sapiens,
422 1119 534 1182 magno
556 1103 660 1184 aliquo
683 1103 889 1166 emolmnento
911 1110 1096 1180 commotus,
1119 1100 1139 1182 †

78 1217 137 1262 cum
157 1219 259 1280 causa,
288 1203 314 1266 si
338 1221 418 1283 opus
440 1203 514 1281 erit,
542 1203 706 1268 dimicabit
751 1205 802 1268 57.
837 1203 999 1268 Occultum
1021 1201 1140 1268 facinus

138 1370 276 1435 isdemque
304 1385 403 1428 omnes,
431 1371 476 1421 Or.
538 1371 616 1421 mocio
643 1375 702 1436 (pro
725 1372 853 1433 omnem
914 1371 1007 1423 uiroc
1060 1377 1082 1423 b.
1102 1371 1141 1420 die

77 1436 182 1487 Mcuor.
216 1443 239 1488 d.
258 1440 297 1488 vr'r
315 1439 374 1504 (pro
390 1443 479 1496 omer)
499 1439 520 1490 C
555 1449 681 1490 commotum
699 1441 775 1490 anoni
790 1457 867 1490 cauco
884 1440 1004 1499 uPcof,
1023 1440 1065 1490 hic
1083 1454 1139 1490 cum

78 1514 131 1552 nota
148 1509 225 1556 mendi
282 1511 305 1560 7.
325 1524 384 1572 opus
392 1507 474 1572 fuerit
491 1507 656 1558 nancitor.

77 1643 145 1700 tione
161 1646 283 1720 primum
301 1647 530 1722 comparationis
542 1647 735 1718 concinnitas,
748 1648 778 1703 in
790 1666 849 1722 qua
860 1647 935 1704 iilis:
947 1649 1050 1704 decurio
1061 1649 1140 1703 boroe-

76 1733 193 1802 natuque
212 1751 297 1788 cauca
318 1732 498 1806 respondent
520 1732 608 1789 haec:
637 1741 666 1788 ut
692 1735 881 1808 adipiscantur
908 1752 1021 1806 conquas
1048 1735 1140 1807 uolup-

76 1823 150 1873 eoas.
171 1815 255 1890 plane
278 1817 437 1887 evertitur,
461 1817 600 1874 adiuncta
622 1817 677 1874 bac
699 1817 897 1893 appendicula
918 1821 1062 1890 oivmopna
1084 1827 1140 1874 cet

76 1897 179 1956 Deinde
209 1902 282 1958 baec
314 1901 381 1976 ipsa
412 1902 500 1978 plane
534 1903 676 1960 orationis
704 1912 735 1959 et
761 1903 924 1959 sententiae
952 1921 1139 1977 progressum

76 1983 178 2054 urban
210 2005 274 2042 cum
309 1986 387 2043 onim
421 1995 500 2044 recte
522 1987 661 2044 universa
683 1987 794 2044 dictum
827 1997 919 2058 esset,
952 1986 1139 2062 voluptatum

76 2085 155 2124 cansa
174 2071 304 2144 pericula
326 2071 461 2128 adeunda
483 2090 558 2142 esse,
581 2072 654 2128 haec
676 2072 848 2148 adiungitur
869 2072 1017 2142 condicio,
1041 2071 1066 2128 si
1088 2090 1139 2147 pe·
1244 2095 1248 2102 ⁴

76 2153 153 2210 cunia
183 2165 300 2230 agatur,
334 2157 420 2232 quasi
447 2157 579 2231 alioquin
606 2157 745 2232 voluptas
773 2157 901 2232 petenda
930 2176 990 2214 non
1023 2157 1075 2228 sit,
1110 2165 1141 2213 et

76 2254 154 2296 muse
175 2239 310 2312 affertur,
334 2241 413 2316 quod
435 2243 562 2318 pecunia
583 2242 752 2318 voluptates
772 2242 935 2318 pariantur,
959 2241 1043 2316 quasi
1071 2250 1140 2298 ante

75 2335 251 2400 praeceptum
264 2327 311 2394 eit,
323 2327 478 2402 pecuniam
494 2346 559 2384 cum
572 2327 704 2402 periculo
716 2328 915 2401 quaerendam
923 2345 996 2384 csse.
1020 2327 1097 2384 Turn
1108 2327 1139 2383 in

75 2407 159 2464 altera
180 2412 325 2468 sententia
347 2412 532 2488 apertissime
549 2411 724 2487 imperfecta
741 2421 786 2469 est
797 2412 979 2488 comparatio
992 2411 1140 2486 Scipionis

75 2503 99 2546 et
119 2493 249 2569 Epicuro
282 2497 362 2570 quod
395 2498 472 2554 enim
496 2496 629 2572 Scipioni
657 2515 764 2573 magna
791 2496 945 2574 proposita
973 2496 1068 2573 gloria
1095 2495 1139 2554 fa-

75 2577 196 2636 ciendum
227 2589 304 2652 erat,
339 2581 417 2638 idem
438 2582 569 2657 Epicuro
595 2581 763 2639 iaciendum
792 2601 856 2640 esse
885 2581 943 2639 dici
965 2581 1054 2638 debet
1080 2600 1138 2638 non

74 2663 214 2738 universe,
247 2667 298 2723 sed
326 2667 480 2742 proposita
503 2685 610 2742 magna
631 2667 732 2740 aliqua
753 2667 906 2742 voluptate
928 2677 980 2724 aut
1001 2666 1139 2722 utilitate.

3 2771 4 2774 ¹
74 2745 147 2805 Haec
167 2750 239 2808 vitia
261 2752 303 2809 sic
327 2751 471 2809 tolluntur
493 2771 530 2808 ea
556 2753 768 2808 sententiarum
796 2752 1016 2822 coniunctione,
1051 2769 1138 2825 quam

74 2832 123 2890 um
145 2835 294 2893 Manutius
317 2847 348 2893 et
369 2837 532 2894 Lambinus
554 2836 638 2893 taciti
665 2836 758 2893 secuti
785 2845 883 2908 erant,
917 2837 1074 2910 omniaque
1096 2836 1139 2893 sic
1222 2867 1225 2874 ·

74 2927 145 2975 recta
166 2921 250 2992 dunt,
274 2931 308 2979 ut
330 2922 459 2979 dubitari
481 2929 617 2996 nequeat
661 2921 800 2980 Ceterum
823 2923 962 2996 antiquus
985 2931 1031 2978 est
1047 2940 1139 2992 error,

75 3005 201 3076 quoniam
223 3009 361 3082 idemque,
396 3007 475 3082 quod
498 3025 593 3064 exeo
621 3015 722 3064 natum
745 3015 804 3078 est,
837 3007 897 3064 iam
919 3006 950 3063 in
971 3014 1141 3063 nostrorum

75 3088 196 3148 codicum
227 3092 363 3167 principe
394 3091 461 3149 fuit.
516 3092 601 3152 Unus
630 3091 715 3162 Bas,
750 3111 819 3149 casu
852 3112 891 3149 an
924 3091 1138 3162 emendatione,

76 3173 149 3242 ideam
170 3193 237 3234 nam
259 3177 296 3233 de
319 3177 375 3236 ΕΗ
398 3176 517 3234 silentio
539 3177 647 3234 confidi
669 3195 727 3234 nou
751 3185 858 3252 potest

150 3261 243 3335 Imque
265 3273 396 3336 quantum
419 3260 488 3340 etc.)
521 3263 585 3319 Iam
609 3262 739 3338 explicat
762 3262 882 3332 Cicero,
906 3261 977 3336 quid
999 3261 1075 3318 aiter
1095 3258 1139 3317 fe·

74 3343 137 3400 cerit
163 3345 274 3421 gloriae
297 3365 387 3403 causa
409 3346 479 3424 (hac
501 3347 663 3404 sententia:
690 3347 805 3420 itaque,
840 3365 906 3403 cum
933 3345 985 3402 illa
1007 3355 1085 3402 esset
1111 3345 1139 3402 ei

71 3426 156 3500 gloria
181 3432 348 3506 proposita,
383 3429 468 3514 cet),
503 3431 575 3506 quid
605 3431 692 3496 elteri
719 3431 880 3508 voluptatis
908 3449 998 3488 causa
1028 3429 1139 3488 facien-

72 3511 132 3570 dum
158 3515 204 3572 sit
257 3517 392 3592 Exposui
425 3518 513 3588 baec,
547 3517 617 3591 quia
644 3517 839 3574 animadverti
867 3516 1032 3573 dubitatum
1065 3534 1139 3572 esse.

72 3595 111 3659 El.
135 3602 148 3656 1
168 3605 364 3676 periculorum,
398 3603 477 3677 quod
499 3601 641 3659 Davisius
669 3611 699 3658 et
720 3601 856 3659 Bromius
878 3601 1058 3676 probabant,
1093 3600 1138 3656 ed.

72 3681 140 3740 viu.
164 3689 287 3761 per-iculi.
332 3686 437 3746 Cicero
459 3687 558 3744 omnia
580 3705 639 3744 uuo
662 3687 793 3762 periculo
816 3686 1046 3762 comprehendit

146 3773 221 3828 ddum
241 3791 340 3828 omnem
363 3771 500 3847 conduco)
535 3771 584 3831 Sic
608 3771 683 3828 Pell.
706 3791 822 3841 omnes,
857 3771 978 3839 Gaiani,
1013 3780 1138 3846 excepto

72 3849 140 3910 Gud.
165 3859 199 3924 13
230 3857 343 3933 recepit
365 3856 527 3926 Gruterus3
560 3858 638 3914 Dav.
666 3877 682 3913 e
709 3865 782 3914 vett
816 3857 880 3913 edd.
909 3865 939 3913 et
965 3856 1049 3913 codd.
1077 3855 1138 3912 suis

72 3937 191 4016 quinque
222 3942 375 3999 revocavit
407 3945 458 3999 ida.
513 3943 582 4000 Non
606 3942 775 4018 Scipionem
798 3942 864 3998 aliis
887 3941 1065 3999 contrarium
1088 3939 1138 3999 Ci-

72 4039 130 4081 cero
149 4027 243 4102 pouit,
266 4027 318 4084 sed
341 4028 486 4099 ostendit,
510 4037 738 4084 consentaneum
761 4028 788 4083 ei
810 4025 902 4085 fuisse
924 4034 1037 4083 tentum
1059 4025 1137 4101 peri·

73 4108 159 4168 cuium
182 4111 272 4168 adire.

146 4216 207 4252 cam
235 4196 332 4273 causa)
362 4197 427 4268 Sic,
450 4205 484 4255 ut
505 4197 590 4254 multi
613 4197 782 4266 ediderunt,
805 4197 881 4254 Pali.
905 4215 1020 4268 omnes,
1044 4194 1137 4252 Davi·

74 4278 152 4351 sisui,
189 4281 283 4352 On,
325 4282 462 4356 idemque
494 4283 525 4338 in
559 4282 620 4340 suis
648 4280 742 4340 Gzius
778 4301 842 4339 esse
875 4281 967 4337 tradit
1000 4279 1093 4356 (Gud.
1118 4281 1136 4336 2

72 4383 121 4420 rum
142 4367 208 4444 tum)
231 4378 351 4443 praeter
373 4367 442 4425 Bas.
465 4376 495 4424 et
517 4365 596 4424 Gud.
623 4369 648 4424 1.
694 4367 753 4426 Sed
776 4385 841 4424 cum
863 4365 929 4442 ipsa
951 4384 1041 4423 causa
1061 4365 1137 4423 indi-
