2998 5020
354 453 360 464 ,
409 410 844 457 nnuaaamvcanm
1093 394 1156 458 665

91 580 216 660 quando
239 591 381 644 uentrem
402 578 534 644 hominis
556 580 670 658 dicam,
692 579 846 644 hominem
868 579 970 644 dicere
991 597 1054 657 me3
1088 578 1161 644 nihil

90 680 173 746 enim
196 681 253 746 hoc
264 679 375 746 differt
408 681 488 746 Nam
510 681 599 762 prius
620 699 640 746 a
661 699 695 746 se
718 681 834 762 poterit
854 681 985 764 quisque
1002 681 1161 746 discedere

90 801 185 864 quam
206 783 379 865 appetitum
391 802 496 848 earmn
508 802 621 862 rerum,
643 801 723 864 quae
737 783 794 848 sibi
807 784 989 862 conducant,
1010 783 1160 848 amittere.

89 885 164 949 Iure
184 884 277 966 igitur
298 885 472 966 gravissimi
494 885 670 966 philosophi
691 885 812 950 initium
839 885 949 950 summi
971 885 1042 951 boni
1064 905 1084 950 a
1105 905 1160 950 na·
1197 921 1203 930 ·

89 995 163 1050 tura
184 972 361 1068 petiveramt
382 993 413 1052 et
434 987 520 1051 illum
536 988 708 1068 appetitum
720 987 1200 1056 rerumadnaturamaccom-.5

89 1089 284 1152 montanum
306 1088 517 1170 ingeneratum
539 1097 729 1170 putaverunt
744 1089 894 1168 omnibus,
916 1089 989 1171 quia
1003 1089 1161 1154 corrunca-

92 1197 147 1254 tur
168 1209 205 1255 ea
227 1191 490 1256 commendatione
512 1199 655 1270 naturae,
677 1210 739 1272 que
761 1209 794 1256 se
816 1191 876 1272 ipsi
897 1191 1035 1273 diligunt

163 1399 182 1445 1.
202 1394 455 1460 qurdlproqaaado)
474 1396 623 1460 Equam?
666 1396 779 1446 dominam
797 1401 853 1460 (pro
870 1397 1017 1452 lonriaistP
1079 1403 1101 1446 2.
1120 1397 1163 1448 doc

89 1478 140 1514 om.
160 1462 201 1512 Or.
244 1465 330 1528 poterit
348 1480 365 1513 a
382 1482 407 1514 se
426 1464 485 1525 tPJC
520 1463 730 1516 3.committercL
767 1471 788 1515 5,
808 1483 825 1514 α
843 1475 931 1514 notura
950 1465 1016 1516 Lon
1052 1471 1073 1514 6.
1093 1467 1162 1516 etiam

88 1533 246 1596 inqeneratura
266 1531 287 1580 t
325 1531 468 1599 [peccamina
482 1533 532 1601 Eh]
553 1534 595 1598 qai
611 1537 668 1598 (pro
686 1532 753 1596 quial
772 1549 866 1592 omues,
886 1533 930 1586 Or.

88 1723 176 1780 sariis
197 1724 366 1798 permittere
389 1724 515 1794 videtur,
537 1725 574 1782 ad
596 1725 692 1801 ipsum
716 1725 873 1793 hominem,
895 1725 931 1782 de
954 1745 1013 1800 quo
1036 1727 1162 1784 unanime

86 1809 196 1884 agitur,
219 1809 380 1866 orationem
399 1809 588 1881 transferens,
612 1819 644 1868 ut
666 1809 695 1866 in
719 1829 754 1867 eo
766 1829 881 1884 quoque
893 1811 1163 1869 communiscuius-

86 1894 156 1950 dam
180 1903 311 1964 naturae,
340 1913 415 1969 quae
438 1895 533 1971 ipsum
546 1896 893 1972 quoquecompleetatur,
916 1896 1064 1954 notionem
1077 1897 1163 1954 omit-

87 1989 162 2036 tant.
214 1980 306 2054 Atqui
336 1981 360 2036 si
389 1981 444 2036 hoo
472 1981 654 2050 conceditur,
689 1981 748 2038 ruit
774 1982 868 2039 omnis
897 1981 1071 2057 disputati03
1105 1983 1163 2040 nisi

86 2065 168 2122 enim
191 2064 311 2138 aliquod
333 2075 378 2122 est
400 2068 561 2124 communis
584 2077 706 2124 naturae
728 2068 759 2123 in
781 2067 868 2124 rebus
890 2067 1044 2144 gignendis
1066 2069 1162 2126 consi-

87 2149 172 2220 lium,
196 2169 280 2224 quae,
304 2171 362 2225 quo
385 2151 517 2228 singulae
540 2153 594 2210 niti
617 2151 751 2222 debeant,
775 2152 944 2220 constituat,
968 2153 1162 2211 nihilestulli

85 2236 132 2292 rei
155 2237 338 2311 propositum
362 2238 607 2312 necquidquam,
631 2256 689 2312 quo
712 2237 800 2294 ullius
821 2239 865 2294 rei
888 2238 1005 2296 habitus
1027 2239 1162 2296 aestime-

86 2331 146 2390 tur,
172 2322 356 2396 maximeque
379 2323 493 2380 tollitur
515 2343 600 2382 omne
623 2323 741 2380 virtutis
765 2323 878 2402 initium
902 2323 1083 2399 rationisque
1111 2325 1163 2382 ille

85 2407 247 2476 absolutio,
271 2408 344 2464 nihil
366 2409 492 2479 visurae,
516 2410 594 2483 qnod
616 2409 653 2466 ad
675 2427 707 2465 se
728 2409 882 2484 pertineat
928 2409 1076 2466 Nimirum
1104 2429 1161 2468 non

85 2492 158 2549 licet
181 2491 348 2550 huiusmodi
371 2495 567 2568 quaestiones,
591 2494 686 2569 qualis
709 2506 754 2552 est
775 2495 847 2552 haec
869 2495 905 2552 de
928 2495 985 2552 fine
1009 2495 1161 2566 bonorum,

84 2579 131 2635 sic
154 2586 291 2647 tractare,
316 2589 348 2636 nt
370 2579 405 2635 do
428 2579 549 2654 reliquis
572 2580 777 2656 philosophiae
799 2581 881 2647 locis,
904 2580 955 2655 qui
971 2579 1163 2638 fundamenta

85 2663 269 2732 contineant,
292 2664 365 2721 nihil
388 2667 459 2722 certi
482 2675 636 2722 statuatur.

175 2749 223 2806 tac
245 2747 348 2826 differt)
371 2750 517 2808 hominem
541 2751 647 2820 dicere,
670 2752 707 2807 ab
730 2751 781 2807 illo
803 2751 906 2820 altero,
930 2751 1056 2808 hominis
1079 2763 1162 2809 natu-

83 2853 161 2890 ram.
207 2835 297 2892 Mars.
320 2848 350 2892 et
372 2835 461 2894 Crat..
486 2847 546 2894 turn
570 2837 663 2896 Gaius
686 2837 754 2893 Bas.
777 2847 807 2892 et
829 2835 937 2894 Gudl
963 2847 1073 2894 testans
1095 2857 1162 2912 pro-

83 2938 195 2978 nomen
225 2919 400 2990 omiserunt,
435 2940 492 2978 non
521 2922 695 2979 necessario.
745 2922 821 2979 Tum
851 2926 950 2997 poterit
977 2943 995 2978 a
1022 2943 1050 2980 se
1071 2924 1162 2994 Man,

83 3006 207 3065 Lamo..
237 3003 324 3062 Grut.
347 3025 385 3064 ex
408 3007 452 3063 ed.
480 3007 589 3083 prima3
617 3008 738 3064 invertit
755 3009 830 3064 Dav.
854 3009 952 3077 tacite,
975 3018 1036 3064 tum
1060 3009 1162 3081 Gaius,

86 3109 194 3148 omnes
216 3109 286 3148 suos
309 3091 391 3149 codd.
415 3091 470 3170 [B]
493 3111 626 3167 sequens.

174 3178 302 3246 mnibus,
326 3182 389 3251 qma
412 3175 589 3260 eontinentur)
612 3179 658 3236 Ex
681 3197 732 3246 eo,
756 3179 834 3252 quod
857 3178 923 3235 inde
946 3180 984 3235 ab
1006 3179 1091 3237 initio
1115 3199 1162 3236 ea·

81 3263 159 3338 pitis
183 3262 287 3320 decimi
311 3262 486 3338 disputavit,
515 3283 601 3321 omne
624 3264 732 3321 animal
755 3283 786 3320 se
809 3263 904 3339 ipsum
928 3263 1064 3340 diligere,
1094 3283 1162 3322 con-

82 3349 201 3404 firmari
224 3348 303 3410 dicit,
328 3349 406 3423 quod
429 3351 524 3424 capite
537 3369 614 3406 nono
626 3358 813 3424 exposuerat,
837 3367 1020 3406 communem
1032 3351 1162 3408 omnium

81 3434 175 3489 linem
206 3451 268 3490 esse
298 3435 456 3491 secundum
480 3445 614 3492 naturam
637 3435 737 3492 vivere
760 3445 790 3492 et
817 3453 881 3492 cum
910 3435 1043 3511 appetitu
1065 3455 1162 3494 rerum

79 3519 122 3576 ad
149 3529 282 3576 naturam
306 3521 590 3578 accommodatarum
613 3521 810 3578 coniunctum.
843 3522 977 3595 Ineptom
1000 3540 1064 3578 osse
1081 3521 1162 3580 illam

79 3605 172 3678 quasi
196 3605 312 3679 generis
334 3607 639 3680 comprehensionem,
673 3625 747 3681 quae
771 3617 815 3664 est
842 3608 871 3663 in
895 3607 1027 3664 codicum
1051 3617 1080 3664 et
1102 3609 1163 3665 cdi-

81 3691 203 3748 tionum
227 3689 356 3748 omnium
380 3692 526 3766 scriptura
548 3693 690 3768 (mortibus,
714 3693 785 3766 qna),
810 3693 950 3750 Davisius
972 3694 1073 3764 sensit,
1097 3712 1162 3751 cum

80 3775 187 3832 nullos
210 3793 283 3840 osse,
306 3777 356 3849 qui
379 3795 437 3833 non
460 3797 491 3834 se
510 3778 648 3854 diligant,
671 3778 742 3835 Piso
754 3778 929 3846 ostenderit;
952 3789 981 3835 et
998 3780 1163 3836 necessario

79 3862 113 3918 in
133 3860 188 3918 illa
205 3861 351 3918 sententia
367 3862 456 3918 scribi
473 3863 588 3920 debuit:
621 3867 670 3938 qui
685 3867 875 3920 contineantur.
921 3861 1073 3943 [Fortasse
1090 3864 1164 3922 illud

78 3963 206 4021 quoque
229 3965 295 4002 eum
319 3957 452 4004 moverat
478 3947 559 4020 (nam
588 3949 651 4006 sine
674 3949 871 4024 explicatione
899 3951 1022 4007 rationis
1050 3950 1164 4008 coniec-

79 4043 184 4088 turam
213 4031 340 4106 posuit),
375 4033 452 4106 qnod
480 4033 701 4092 Schoemannus
728 4045 829 4109 operte
857 4044 887 4092 et
914 4045 992 4093 recte
1015 4037 1162 4111 exposuit,

78 4117 198 4193 opusc.
216 4117 310 4174 Aead.
322 4118 370 4175 III
382 4138 410 4192 p.
424 4119 494 4186 399,
519 4138 576 4177 non
599 4139 686 4195 posse
709 4120 840 4178 homines
853 4120 910 4177 dici
932 4125 1061 4179 contineo-i
1072 4125 1163 4196 pantu

76 4204 310 4262 commendatione
331 4213 457 4274 naturae,
487 4205 539 4261 sed
560 4225 595 4262 ea
617 4215 746 4270 tantum,
781 4225 856 4280 quae
884 4208 1163 4264 commendentura

77 4299 194 4346 natura
221 4297 251 4344 et
278 4288 307 4344 in
330 4289 582 4348 commendatione
604 4288 717 4370 insint]
762 4293 866 4367 Itaque
886 4293 1070 4350 scribendum
1094 4311 1161 4352 con-

78 4375 172 4432 iecit:
195 4377 259 4448 qnia
280 4378 457 4434 continentur.
481 4377 586 4444 verbo,
610 4377 635 4434 si
658 4385 737 4434 recte
749 4378 850 4446 sensit,
886 4378 979 4436 relato
1001 4380 1038 4436 ad
1060 4399 1104 4438 res
1126 4381 1165 4436 od
