2948 5024
353 343 415 408 726
743 361 787 406 nn
810 360 940 408 urricus
963 360 1035 407 non.

352 528 455 593 omniu
475 528 536 599 illa
559 547 639 609 quae
661 534 734 593 suut
755 534 852 608 extra,
875 547 1063 610 quamquam
1084 529 1271 609 expetenda,
1304 546 1410 592 sumno

352 630 433 696 bono
456 630 695 695 continerentur.

407 857 428 904 l.
450 851 503 919 [tta
520 867 570 906 om.
588 851 637 917 nh]
675 857 697 900 2.
708 851 878 902 communitur
895 853 917 902 E
935 850 1081 902 continentur
1099 853 1115 900 L

351 1075 412 1134 Eri.
436 1085 466 1134 et
488 1075 565 1152 Spir.
593 1077 635 1134 ait
662 1095 726 1134 esse
753 1081 898 1152 qnisquam
920 1109 961 1118 -
989 1079 1148 1151 quisquanu
1183 1095 1199 1133 e
1227 1077 1411 1134 denrionuu

352 1162 430 1221 Gud.
457 1165 471 1218 l
496 1171 526 1220 et
546 1163 614 1220 Bas.
637 1182 764 1236 umquam
786 1197 828 1206 ψ
850 1165 972 1238 quisque,
996 1163 1021 1218 si
1043 1162 1130 1219 modo
1152 1162 1207 1220 hoc
1218 1161 1309 1220 homo
1326 1179 1412 1219 socors

350 1247 449 1304 verius
472 1247 556 1304 dixit.
584 1246 624 1325 [B
647 1257 680 1304 ut
701 1247 778 1325 Eri]
828 1245 921 1325 (Nihil
947 1250 1091 1323 qnisquam
1119 1267 1244 1322 unquam
1276 1248 1313 1304 de
1341 1246 1412 1305 orn.

351 1333 392 1392 II.
409 1333 484 1400 122,
507 1336 532 1390 si
547 1353 673 1408 remquam
685 1337 835 1410 quidquam
847 1333 885 1390 ad
896 1335 962 1391 Art.
979 1333 1174 1404 x111,25‚u;
1197 1333 1301 1390 citavit
1314 1331 1412 1390 Gaius:

351 1419 433 1476 Lael.
457 1419 511 1475 82:
534 1438 618 1494 neque
639 1421 789 1494 quidquam
812 1419 962 1494 uniquam.)
990 1417 1102 1496 [Etiam
1125 1418 1151 1476 B
1174 1438 1230 1476 om.
1253 1415 1326 1497 iun]

435 1523 600 1578 quamquam
622 1504 783 1582 sumunda)
805 1505 852 1562 Ex
864 1505 1121 1562 circumlocutione
1133 1503 1258 1560 relativa
1269 1502 1341 1583 (itta,
1353 1521 1412 1577 quat

351 1600 413 1646 annu
434 1585 526 1670 entra)
548 1591 670 1648 verbum
693 1590 723 1647 in
745 1591 800 1648 hac
823 1590 1020 1660 concessione,
1042 1608 1118 1664 quae
1141 1609 1178 1646 ex
1201 1589 1411 1664 primariasen·

351 1675 444 1732 tantia
465 1683 603 1732 nascatur
624 1685 654 1732 et
676 1695 741 1732 cum
764 1695 799 1733 ea
822 1676 1031 1752 coniungetur,
1059 1693 1119 1732 uon
1142 1675 1294 1732 commode
1317 1673 1410 1731 audiri

349 1759 437 1817 facile
459 1770 591 1837 apparet.
624 1762 739 1836 Itaque,
763 1761 789 1819 si
811 1761 884 1818 nihil
907 1772 952 1818 est
973 1761 1081 1831 mendi,
1105 1759 1210 1820 Cicero
1221 1759 1269 1816 hic
1281 1779 1317 1816 ea
1329 1759 1412 1818 torna

350 1845 490 1904 orationis
512 1865 583 1904 usus
605 1847 730 1918 videtur,
753 1865 812 1921 que
833 1847 1005 1922 posterioris
1017 1846 1122 1904 aetatis
1139 1846 1306 1921 scriptores,
1330 1844 1410 1918 Quin·

350 1931 479 2002 cilianus,
502 1933 633 1993 Tacitus.
656 1933 717 2002 alii,
740 1952 798 1990 non
821 1951 888 1990 raro
911 1941 1041 2002 utuntur,
1064 1931 1128 2006 ipse
1140 1931 1260 2005 eiusque
1272 1930 1409 2005 aequales

349 2017 428 2092 quod
450 2017 550 2086 sciam,
573 2037 716 2092 nusquam
739 2018 820 2088 alibi,
844 2028 877 2075 ut
898 2037 1062 2092 quamquam
1083 2017 1229 2092 particula
1249 2017 1314 2073 sine
1332 2015 1408 2072 verbo

350 2121 416 2160 cum
438 2103 584 2160 ediectivo
607 2104 800 2179 perticipiove
824 2113 874 2160 unt
896 2104 1038 2161 adverbio
1060 2102 1219 2158 vocibusre
1241 2121 1297 2178 pro
1318 2101 1410 2157 edun·

350 2187 399 2245 bio
420 2188 525 2264 positis
546 2189 741 2264 coniungatur
763 2189 902 2266 (Quintil.
913 2190 970 2263 IX,
990 2190 1018 2258 2,
1035 2189 1090 2246 53ε
1120 2191 1309 2245 tnrnrmn'tatem
1328 2189 1408 2262 pum'·

348 2275 421 2344 nnn,
445 2293 610 2348 quamquam
628 2293 680 2349 per
702 2294 731 2332 ae
752 2279 934 2349 emundantem,
969 2285 1056 2330 moran
1077 2277 1155 2331 etium
1178 2276 1206 2330 vi
1225 2276 1352 2330 cratinus
1371 2291 1408 2327 es·

348 2369 474 2432 aqqerat3
497 2360 557 2416 alia
568 2379 584 2416 e
596 2359 780 2432 Quintiliano
792 2359 955 2418 Bonnellus
971 2360 1075 2429 habet;
1097 2358 1193 2417 Tacit.
1205 2359 1284 2416 Anu.
1297 2359 1351 2424 vl,
1363 2357 1408 2412 30:

350 2445 424 2516 daec,
447 2447 517 2501 mira
539 2465 713 2520 quamquam,
730 2449 815 2520 fidam
834 2467 867 2502 en
883 2465 912 2502 ao
929 2446 1070 2502 trahebant
1081 2455 1150 2514 cet,
1172 2444 1274 2502 Iuven.
1292 2445 1345 2509 lu,
1363 2442 1407 2498 to:

348 2531 486 2606 Intenpres
508 2533 593 2604 Qum
615 2534 798 2588 sanctissimus
820 2535 921 2602 ornnem,
950 2550 1115 2605 quamquam
1142 2530 1314 2606 Tonponnn
1341 2529 1406 2584 diris.

348 2617 493 2672 nectenda
511 2617 627 2692 panchat
648 2620 743 2675 inernn'
757 2615 888 2695 nuntia).
932 2616 1038 2690 Neque
1060 2615 1139 2672 enim
1160 2613 1405 2672 adhancfornnm

348 2701 507 2776 quidquam
531 2701 671 2777 pertinet.
705 2703 784 2777 quod
813 2713 843 2759 et
865 2701 969 2762 Cicero
998 2701 1100 2759 etalii
1123 2720 1224 2758 omnes
1246 2703 1365 2775 qnannn's
1384 2705 1406 2750 et

348 2790 453 2844 etiarnsi
473 2797 503 2844 et
524 2791 574 2844 etsi
595 2787 637 2844 sic
659 2797 781 2863 ponunt,
805 2797 838 2844 ut
859 2787 898 2856 id,
922 2787 1000 2862 quod
1012 2786 1183 2856 subiciatur,
1207 2803 1327 2854 eunuco,
1340 2780 1405 2858 quod

348 2872 526 2930 contrarium
549 2881 698 2948 sequatur,
721 2891 874 2931 commune
897 2873 1018 2930 verbum
1042 2872 1156 2946 habeat,
1171 2867 1350 2953 (annuncietur
1361 2869 1405 2924 uu

348 2961 506 3033 suspicnnra,
530 2969 559 3016 ut
582 2980 632 3016 nou
656 2963 712 3016 cirre
733 2969 889 3034 arannento
910 2959 1080 3028 ntaledicer03
1114 2960 1165 3014 etri
1190 2957 1221 3013 in
1248 2957 1302 3013 hac
1322 2955 1404 3012 fornu

348 3044 426 3117 apud
438 3043 609 3102 Ciceronem
622 3045 730 3120 legitur
740 3045 788 3102 hic
800 3045 841 3109 ΙΙ,
855 3046 905 3115 45,
918 3045 955 3106 V,
964 3045 1014 3113 88,
1025 3043 1120 3100 Aced.
1132 3043 1173 3112 II,
1188 3043 1216 3112 3,
1228 3043 1314 3099 Tusc.
1325 3041 1349 3101 1.
1362 3041 1403 3094 84.

348 3128 548 3200 deorsum,
571 3133 617 3198 14,
647 3150 700 3204 pro
713 3131 812 3188 Deioi.
833 3132 880 3202 17,
898 3130 936 3186 ad
947 3130 1013 3186 Art.
1025 3129 1113 3186 XIII.
1129 3129 1179 3196 28,
1198 3129 1227 3198 3,
1256 3143 1405 3202 quamquem

348 3214 443 3272 Parti.
467 3213 562 3272 Orati
581 3217 632 3286 88,
650 3215 779 3291 Philipp.
798 3215 869 3286 Vll,
883 3216 911 3287 7,
930 3216 965 3272 de
978 3215 1078 3272 Divin.
1096 3215 1121 3285 I,
1141 3209 1204 3294 28).
1243 3208 1404 3271 Huiusmodi

347 3300 493 3357 oratione:
507 3303 630 3357 Enim-rm
639 3303 716 3370 dona,
729 3301 1030 3378 tranantqnamqnnn)
1038 3302 1253 3374 enpctnndumon
1262 3309 1342 3355 terrun
1354 3315 1405 3352 ron·

347 3387 463 3442 tinantm
484 3406 584 3443 summo
607 3389 672 3443 borio
694 3387 797 3445 Cicero
820 3405 977 3460 numquam
1001 3403 1071 3442 usus
1088 3395 1141 3442 est.
1171 3385 1230 3444 Sed
1242 3399 1402 3458 quamquam

347 3489 483 3546 magnam
500 3471 712 3528 dubitationem
729 3471 802 3528 haec
814 3471 956 3529 orationis
967 3471 1062 3528 forma
1073 3471 1162 3526 habet.
1184 3469 1326 3544 facileque
1346 3475 1404 3522 anu

346 3575 448 3612 surano
464 3557 600 3614 excidere
612 3557 708 3632 potuit
728 3567 800 3628 sunit,
822 3575 880 3615 non
893 3558 986 3614 audeo
997 3565 1095 3612 taruen
1107 3556 1263 3631 corrigere,
1285 3552 1357 3627 quod
1372 3567 1402 3606 ex

346 3640 406 3696 alia
417 3659 534 3715 quoque
546 3651 629 3716 parte
642 3643 822 3700 concinnitas
835 3643 976 3700 orationis
987 3642 1035 3698 hic
1047 3642 1238 3699 desideratur.
1261 3634 1402 3699 Concessio

347 3726 424 3783 enim
447 3726 574 3784 refertur
595 3727 634 3784 ad
655 3728 731 3784 hanc
753 3728 954 3804 negationem:
977 3747 1028 3784 neon
1050 3731 1216 3784 couniuntur
1226 3745 1322 3784 urrunnu
1333 3724 1401 3782 toan

347 3831 449 3869 varum
472 3831 507 3869 ea
528 3813 602 3870 latet
622 3813 737 3871 inclusa
758 3814 788 3870 in
811 3813 1005 3872 condicionali
1029 3812 1170 3870 orationis
1192 3811 1286 3870 forma
1301 3810 1338 3888 (si
1350 3825 1400 3864 cni·

347 3900 501 3969 nocerentur,
524 3918 670 3973 numquam
692 3904 836 3973 qurfsqnnu
852 3919 981 3956 strumum
995 3899 1089 3954 borium
1101 3896 1320 3972 consequeretur),
1344 3909 1400 3948 con·

347 3983 441 4040 cessio
463 3993 561 4041 autern
584 3984 758 4059 interposita
780 3995 825 4042 est
846 3985 903 4060 ipsi
926 3984 1101 4050 condicioni,
1125 3983 1162 4040 ad
1179 4001 1266 4057 quam
1277 3990 1342 4056 apra
1352 3993 1397 4032 11011

347 4077 406 4138 est;
429 4069 529 4144 itaque
552 4079 638 4126 tumen
661 4070 729 4128 addi
752 4089 809 4127 non
833 4079 944 4145 potest3
978 4069 1020 4126 sic
1043 4069 1119 4126 enim
1143 4069 1241 4144 potius
1263 4063 1397 4124 dicendum

347 4154 464 4211 videtur
474 4154 582 4212 fuisse:
599 4159 625 4212 sr'
634 4165 752 4227 euterun,
776 4157 865 4230 qnod
886 4157 1033 4230 enqetnrdn
1045 4165 1116 4222 sunit,
1139 4155 1213 4211 ideo
1229 4157 1303 4211 etrum
1314 4163 1398 4208 sunrnn

347 4239 413 4295 borno
434 4243 636 4311 contererentur,
660 4261 805 4316 numquam
827 4243 969 4316 qnisquam
992 4251 1047 4297 ceu
1091 4241 1127 4297 In
1150 4240 1206 4296 hnc
1222 4235 1398 4316 igituruium

348 4322 505 4400 diligenter
527 4325 711 4383 conformata
733 4327 865 4384 oratione
887 4327 949 4383 fieri
975 4335 1087 4401 potest,
1121 4336 1154 4383 ut
1176 4327 1205 4382 in
1228 4325 1278 4381 illa
1298 4335 1396 4396 quoque
