2998 5020
520 421 564 467 nr
588 421 667 468 MAL.
686 423 748 469 ms.
767 425 796 471 v.
1122 403 1185 469 603

106 595 261 673 parentes,
282 590 374 654 liberi.
418 588 478 654 sm
503 588 558 654 hoe
583 589 714 654 alterum
734 611 828 674 penus
854 613 916 657 non
937 595 1106 659 contiuetcu
1125 595 1187 676 tine

111 695 260 758 hortorum
281 695 325 774 (a.
337 695 415 776 23),
437 697 466 755 et
487 697 590 756 tamen
611 695 715 757 unum
735 693 779 758 acl
798 714 867 758 mem
889 695 1078 776 referuntur;
1112 719 1186 763 nam

110 802 239 862 murno
261 801 382 859 tuemur
401 795 440 859 iis
460 794 575 876 officiis,
598 816 677 877 quae
698 797 843 861 oriuntur
863 819 885 862 a
905 799 1075 866 annuens.
1117 799 1185 865 Vu-

110 900 187 964 tutis
202 897 428 980 praestantiam
450 897 503 979 qui
524 918 586 961 non
607 898 716 976 uident,
737 899 760 962 ii
782 905 884 964 tamen
903 899 1003 983 pluria
1019 908 1186 982 moventem,

110 1023 192 1084 quae
212 1001 300 1064 hahet
319 999 543 1063 simulitudinem
564 999 736 1066 honestatis.
782 1001 836 1067 Eu
862 1004 972 1067 uirtute
998 1010 1027 1069 el
1054 1008 1187 1087 eorporis

109 1105 197 1169 bonis
217 1101 392 1170 cumulatur
413 1107 441 1165 a
462 1102 626 1166 absolvitur
648 1109 815 1168 extremam
837 1110 865 1169 et
886 1125 1039 1171 summum
1056 1108 1186 1188 bonnm,-

108 1207 163 1272 secl
184 1213 284 1270 tamen
306 1210 428 1268 tanturn
449 1205 550 1269 ceteris
560 1205 658 1270 oirtus
662 1212 813 1286 praestat,
834 1213 878 1285 ut,
901 1209 1033 1290 quieam
1043 1209 1185 1290 habeant,

108 1330 227 1390 uenter
247 1310 310 1374 sint
331 1308 408 1372 beati
430 1307 474 1389 (e.
487 1311 560 1390 24).
606 1307 659 1372 Eu
686 1307 743 1372 hac
766 1309 861 1389 plena
883 1315 912 1373 et
932 1311 1070 1392 perfecta
1091 1314 1185 1394 eupli

109 1412 228 1476 atton
248 1410 358 1475 summi
380 1409 448 1473 boni
475 1409 529 1473 alii
549 1409 722 1491 philosophi
737 1411 911 1492 particulas
933 1415 1084 1494 qtcasdon
1105 1418 1186 1480 arn'-

102 1517 260 1596 puerunt;
282 1511 373 1578 Stoici
395 1513 499 1575 omnia
520 1512 563 1576 ael
583 1531 613 1577 se
635 1515 760 1578 oculatis
775 1515 947 1580 nominibus
964 1516 1187 1583 transtulerant

109 1619 157 1700 (c.
169 1617 242 1699 25).
288 1614 341 1678 Aul
359 1615 451 1695 tinem
466 1616 617 1694 poemia
638 1614 762 1682 Pisonis
782 1616 994 1698 amputatione,
1018 1619 1065 1683 M.
1084 1618 1186 1684 Cicero

108 1720 207 1783 neren
228 1739 258 1783 se
279 1718 359 1795 dicit,
381 1722 416 1780 ut
437 1718 535 1782 uirtus
556 1718 675 1782 beotam
697 1718 793 1782 uitam
814 1719 929 1801 efficere
943 1723 1056 1801 possit,
1078 1724 1119 1801 si,
1151 1729 1188 1787 ut

108 1820 305 1902 Peripatetici
308 1825 428 1900 putent,
451 1819 514 1883 alia
536 1820 616 1883 borea
637 1825 665 1884 et
685 1820 770 1886 mala
791 1823 852 1887 sint
866 1828 993 1904 praeter
1003 1825 1186 1890 honestatem

108 1930 138 1990 et
160 1923 385 2004 turpitudinem.
428 1920 502 1986 Pisa
523 1921 599 1986 illud
619 1943 682 1986 uon
703 1925 805 1989 miuus
824 1925 858 1987 lu
874 1924 1078 2005 Peripatetico
1099 1927 1185 2016 elisei

101 2026 196 2108 plina
218 2025 295 2107 efflei
321 2025 435 2089 tamar
461 2045 555 2106 quam
581 2025 667 2106 apul
688 2024 814 2104 Stoicos,
848 2047 868 2090 a
898 2029 1006 2108 quibus
1027 2049 1138 2109 aspera
1159 2036 1188 2094 et

107 2129 260 2195 reiciendo
281 2126 478 2209 appellentur,
500 2147 579 2208 qnae
600 2148 621 2191 a
643 2127 851 2210 Peripateticis
866 2129 950 2194 nmla
967 2132 1011 2213 (c.
1024 2135 1097 2216 26).
1137 2130 1186 2196 Ol

107 2234 209 2298 cerem
231 2231 323 2296 Stoici
344 2230 559 2294 constantiores
579 2230 719 2294 uidentur
740 2232 1063 2316 necheatoquisquam
1075 2235 1187 2299 heatior

108 2355 170 2401 esse
185 2353 275 2415 posse
296 2335 341 2414 (c.
359 2335 519 2416 27-28).
564 2330 677 2414 Itaque
697 2331 786 2411 Piso,
814 2356 891 2399 nmio
911 2342 1032 2417 sumpto
1054 2338 1186 2415 exordio,

102 2443 272 2520 postquam
294 2455 412 2499 omnem
426 2433 651 2516 philosophiam
671 2437 705 2499 in
726 2438 790 2500 uita
802 2437 889 2501 heato
901 2439 1186 2518 comparandoru-

106 2541 174 2605 sari
202 2539 342 2616 ostendit,
375 2537 490 2602 Stoicos
521 2543 612 2621 nepot
636 2539 721 2602 nouis
752 2539 924 2605 nominihus
949 2541 1187 2606 imonstantiom

107 2641 253 2725 cfficpisse,
275 2642 300 2706 si
323 2661 386 2723 qua
406 2639 500 2720 suerit
520 2640 607 2720 apua
622 2646 731 2706 ueteres
742 2642 786 2722 (c.
799 2646 863 2726 29)
869 2665 880 2721 ,·
900 2643 952 2708 secl
972 2643 1187 2724 Peripateticos

106 2745 164 2810 sihi
185 2749 338 2821 ceinture·
359 2762 454 2824 neque
475 2743 554 2806 enim
576 2761 624 2806 eos
646 2742 708 2820 llo,
731 2765 811 2825 quae
832 2746 911 2809 bum
932 2747 1065 2834 corporis
1086 2752 1114 2810 et
1134 2767 1185 2811 en-

107 2853 199 2912 terna
220 2845 379 2926 appellent,
395 2845 498 2925 pluris
519 2845 688 2924 aestimare,
710 2847 909 2929 quamStoici
920 2849 1075 2912 cautmoela
1097 2851 1186 2913 aesti

106 2954 208 3026 ment·
235 2954 262 3012 et
283 2952 319 3010 ut
340 2953 452 3012 caerae
473 2967 521 3012 res
542 2968 579 3011 eu
595 2950 767 3029 praecipua
791 2955 882 3030 parte
909 2949 1114 3031 appellentur,
1146 2952 1188 3016 sie

104 3052 175 3134 (ieri
195 3050 230 3114 in
252 3051 355 3114 luctae
375 3051 455 3114 uitae
476 3050 683 3115 aestimatione
704 3057 731 3115 et
747 3051 948 3133 appellatione
964 3054 1008 3135 (c.
1021 3057 1093 3136 30).
1127 3053 1186 3118 Sa-

102 3155 239 3235 pientem
254 3152 329 3234 plus
349 3171 466 3232 semper
487 3153 556 3216 boul
577 3153 699 3230 halem,
728 3175 795 3217 curn
817 3155 958 3219 uirtutem
980 3155 1103 3232 habeut,
1134 3175 1187 3220 nee

108 3263 212 3320 nemen
233 3255 370 3320 omnilms
391 3253 481 3318 malis
501 3273 617 3335 senuner
638 3254 764 3320 liberum
786 3277 845 3322 esse
867 3258 912 3338 (c.
926 3261 1083 3342 31--32).

194 3357 300 3424 Serum
321 3356 442 3421 habites
461 3357 589 3439 nuptum
611 3359 661 3439 (a.
676 3363 715 3422 79
728 3379 757 3422 a.
777 3357 883 3442 one),
906 3381 966 3441 quo
989 3366 1119 3440 tempore
1135 3358 1186 3424 02>

108 3481 175 3525 cero
191 3466 264 3542 post
284 3459 483 3540 (lesensiauem
504 3459 574 3524 Seu.
593 3460 695 3526 Roscii
715 3481 746 3526 se
766 3461 947 3527 ualetudinis
969 3467 997 3526 et
1017 3463 1186 3527 studiorum

108 3583 204 3628 eausa
235 3564 269 3626 in
301 3562 463 3627 &aenam
496 3561 664 3626 contulerat
690 3567 718 3627 et
743 3563 873 3628 Athenis
899 3585 951 3630 seu
979 3586 1093 3630 mounes
1119 3586 1187 3630 eum

109 3665 260 3730 Antioelm
279 3666 342 3746 fuit
361 3665 554 3747 studiumque
569 3665 778 3748 philosophiae
805 3689 827 3731 a
849 3669 957 3750 prium
984 3668 1187 3733 musanen
1247 3727 1251 3732 .

109 3768 223 3832 cultum
254 3767 309 3832 hoc
340 3772 462 3832 auctore
489 3773 518 3830 et
543 3768 662 3832 cloetore
688 3771 844 3832 renouauit
865 3770 981 3851 (Brut.
1000 3773 1077 3848 315,
1099 3770 1184 3834 Plut.

117 3868 518 3953 thNstlffl

528 4201 773 4210 ——---—-
