3018 5052
339 417 403 482 466
729 433 774 479 nn
797 433 926 481 armans
949 433 1020 480 nou.

339 621 359 668 a
380 602 506 682 iustitia,
527 603 568 667 ad
589 619 682 684 quam
704 603 768 667 nati
791 621 860 668 esse
881 602 1054 682 videamur,
1082 603 1246 668 detrahere
1272 601 1392 685 quidde

339 705 454 785 aliquo,
486 705 568 786 quod
601 703 659 769 sibi
685 711 832 770 assumat
886 699 1012 770 Minime
1044 723 1118 770 vero
1155 705 1306 786 probatur
1335 702 1393 769 buia

340 805 535 889 disciplinae,
567 806 607 871 de
639 823 702 888 qna
728 807 852 889 loquor,
889 813 944 873 aut
976 807 1124 872 iustitiam
1156 815 1211 880 aut
1244 806 1393 872 annicitian

339 915 469 992 propter
490 908 638 974 utilitates
660 908 769 974 ascisci
796 917 852 974 aut
871 909 1006 991 probari.
1055 908 1191 974 Eaedem
1219 909 1300 974 enim
1325 907 1393 972 nuli-

301 1013 421 1110 btates
449 1017 597 1092 potemnt
628 1029 682 1076 eas
714 1009 902 1077 labefactare
928 1018 1022 1093 atque
1048 1019 1236 1092 pervertere.
1285 1009 1393 1076 Etenim

403 1237 423 1280 1.
442 1232 473 1280 ab
486 1230 576 1281 dantia
585 1231 628 1282 Or.
664 1235 688 1284 3.
701 1229 827 1300 [marmium
840 1241 883 1281 aut
895 1231 1027 1282 amr'eieeam
1037 1231 1075 1300 A]
1098 1231 1225 1282 animm
1243 1243 1285 1282 Μ
1298 1229 1394 1282 m

341 1299 505 1354 nrucnor.
539 1307 562 1350 4.
585 1298 676 1368 [Mem
694 1299 728 1368 Α]
765 1301 824 1350 anim
842 1299 972 1368 volupiae„
990 1300 1088 1354 pmcn

341 1493 410 1549 boae
426 1495 600 1568 posterioratus
621 1491 723 1549 eodem
746 1491 841 1549 modo.
885 1489 943 1570 [Ab
970 1495 1070 1549 inutilia
1097 1501 1256 1550 annotatur
1282 1512 1299 1550 e
1321 1491 1395 1568 Spin,

340 1579 379 1636 aa
399 1580 526 1635 iustitium
547 1575 626 1636 Gud.
653 1579 666 1634 1
692 1585 722 1634 et
742 1577 811 1635 Bas.
855 1575 914 1637 Sed
935 1577 1054 1635 Annrl.
1075 1597 1094 1634 a
1114 1576 1192 1656 iura]

425 1663 565 1721 deuoluere
585 1664 654 1738 quid
674 1663 708 1720 de
728 1663 832 1740 abque)
859 1662 934 1732 Qnrid
943 1663 1083 1722 Davisius
1106 1663 1396 1722 inParr.1et3uon

341 1767 405 1806 asse
432 1747 522 1806 tradit
552 1757 581 1806 et
607 1749 710 1806 abesse
738 1749 815 1819 vult,
849 1748 973 1806 Beicrus
1000 1749 1037 1807 ad
1060 1747 1118 1808 Off.
1140 1749 1198 1820 111,
1223 1749 1263 1806 22
1291 1770 1319 1825 p.
1346 1747 1396 1805 219

341 1835 430 1892 etiam
452 1834 514 1891 sine
537 1833 621 1892 libris
643 1834 804 1892 eiciendum
827 1833 919 1892 fuisse
941 1842 1035 1910 putat,
1058 1835 1156 1893 nescio
1180 1853 1241 1906 cur,
1263 1833 1397 1892 nisidorte

341 1921 410 1994 quid
430 1939 484 1995 pro
507 1921 646 1995 quidpiam
670 1920 711 1977 sic
733 1919 878 1977 infinitivo
889 1919 1020 1977 iunctum
1043 1916 1398 1996 nontuleruntaut(quod

233 2057 239 2074 ,
340 2005 376 2063 de
398 2005 504 2064 Beiero
527 2004 673 2081 suspicor)
695 2005 726 2062 in
747 2005 878 2082 generali
900 2005 1067 2064 huiusmodi
1083 2005 1200 2076 iudicio,
1224 2025 1282 2080 quo
1298 2002 1398 2079 aliquid

340 2091 522 2168 improbetur
549 2091 677 2168 (ebenum
704 2101 742 2149 eet
763 2111 781 2147 a
802 2089 889 2169 ibet.),
918 2093 1058 2148 detralm
1074 2094 1223 2167 quidquam
1255 2091 1397 2150 dicendum

341 2185 491 2253 putarunt,
515 2175 761 2252 quemadmodum
782 2177 871 2252 paulo
893 2187 961 2252 post
977 2173 1057 2256 (71),
1080 2176 1131 2234 ubi
1154 2185 1212 2234 ast:
1235 2179 1399 2234 alienamur

340 2283 359 2318 a
381 2265 498 2338 sapiente
519 2281 570 2318 nen
592 2263 669 2318 modo
690 2265 815 2319 iniuriam
836 2265 881 2319 eui
894 2265 1004 2338 facere,
1033 2263 1194 2320 Lambinus
1217 2261 1335 2338 scripsit
1353 2261 1399 2318 eni-

342 2366 438 2422 quam;
466 2365 533 2404 narn
556 2347 679 2404 dicimus
701 2345 770 2426 [Gn.
792 2349 857 2406 Lat.
881 2352 896 2418 §
920 2349 981 2406 494
1004 2346 1038 2426 b]
1060 2351 1179 2424 abiquum
1201 2367 1272 2417 ease,
1294 2363 1401 2404 areunae

342 2437 513 2507 amantiae
539 2452 609 2502 erae,
642 2451 802 2508 quamnquam
828 2436 923 2508 facere
949 2435 1056 2509 aliquid
1082 2435 1152 2507 (non
1180 2433 1260 2508 quod
1281 2428 1400 2510 negativi

343 2518 501 2593 quidquam
524 2518 571 2588 sit,
594 2527 627 2574 ut
649 2517 896 2596 Stuarenburgius
918 2519 956 2576 ad
978 2517 1036 2578 Off.
1059 2539 1087 2595 p.
1111 2520 1171 2576 219
1195 2517 1355 2594 opinatur),
1376 2516 1401 2572 in

343 2623 401 2678 qao
423 2623 529 2680 genere
552 2604 677 2680 turpiter
699 2603 792 2663 Gaius
814 2613 844 2662 et
865 2605 955 2662 aeteri
976 2605 1155 2662 recentiores
1172 2605 1248 2680 lapsi
1260 2615 1337 2676 sunt,
1358 2600 1401 2676 qui

343 2691 391 2748 111
412 2689 502 2766 Legg.
527 2691 565 2746 18
589 2689 782 2764 scripserunt:
815 2691 881 2747 nibil
902 2709 959 2748 aare
981 2694 1086 2767 turpius
1120 2711 1201 2765 quam
1223 2692 1401 2766 quempiam

342 2778 427 2848 lepori
452 2778 506 2832 uisi
530 2778 571 2832 rei
590 2776 834 2850 praelucescere,
869 2794 935 2834 cum
966 2785 1046 2834 recte
1079 2775 1214 2834 ederetur
1241 2792 1401 2851 quanquam

343 2863 454 2918 Verum
477 2861 532 2917 hoa
552 2861 682 2936 pertinet
709 2861 747 2918 ad
774 2861 936 2919 subiectum
964 2861 1126 2920 sententiae
1154 2861 1300 2920 infinitae.
1333 2856 1402 2935 quod

342 2947 477 3022 generale
500 2954 559 3016 eet3
582 2946 738 3017 obiectum,
761 2947 840 3020 quod
862 2947 988 3022 simplici
1010 2947 1156 3005 infinitivo
1178 2946 1311 3018 additur,
1345 2963 1402 3020 spe·

343 3031 416 3088 ciale
439 3042 484 3089 ast
505 3032 658 3109 (detrudere
680 3033 728 3089 boc
749 3034 791 3088 vel
811 3033 879 3091 illud
901 3030 980 3114 eet),
1002 3041 1140 3108 recteque
1167 3032 1312 3090 retinetur
1332 3030 1403 3106 qnod·

235 3153 244 3168 ·
339 3121 414 3194 piam
436 3129 487 3174 ant
508 3119 614 3193 aliqen'd
625 3125 684 3186 aut,
707 3135 782 3192 quaa
794 3117 968 3194 significatio
981 3118 1098 3176 minima
1115 3118 1282 3176 adsensum
1294 3117 1403 3181 eminet,

343 3205 418 3278 qaid.
441 3212 474 3259 ut
495 3203 527 3260 Π
549 3202 585 3260 de
607 3203 707 3260 Divin.
734 3204 807 3261 125:
830 3223 876 3262 aec
891 3206 1003 3278 saraba
1024 3223 1057 3261 ac
1078 3208 1135 3261 sine
1150 3222 1234 3260 cauae
1238 3205 1334 3278 faeere
1345 3199 1405 3277 quid

343 3291 451 3363 aliquane
473 3291 522 3346 cleo
543 3299 590 3346 eat.
633 3289 738 3363 ltaque
760 3299 839 3346 recte
849 3291 910 3356 ,ΠΙ
932 3287 990 3349 Off.
1014 3291 1053 3347 26
1066 3289 1404 3366 Stueranburgiussucerr

342 3377 457 3450 arripiam
480 3377 604 3431 iniuriam
626 3374 725 3432 edidit.
770 3373 955 3451 Omninoque
984 3376 1100 3451 saepius
1128 3373 1201 3432 haec
1228 3373 1324 3432 forma
1345 3389 1405 3449 pro·

343 3459 469 3517 nominis
492 3460 533 3516 sic
556 3459 683 3535 ponitur,
706 3459 756 3517 ubi
779 3461 891 3518 notioni
914 3461 1039 3537 primum
1062 3459 1237 3518 affirmative
1255 3469 1285 3517 et
1300 3457 1405 3516 infinite
1480 3523 1481 3528 ἵ

343 3555 502 3620 conceptae
524 3545 692 3621 adiungitur
714 3546 840 3622 negatio,
863 3557 897 3603 ut
918 3547 973 3603 hoc
995 3565 1084 3622 opere
1106 3547 1145 3616 V,
1159 3546 1214 3602 35:
1235 3557 1266 3603 ut
1281 3564 1329 3603 aec
1344 3545 1407 3601 absit
1480 3539 1481 3560 ¹

344 3632 411 3705 quid
433 3649 522 3686 eertum
543 3649 590 3687 erec
612 3649 721 3705 aeqrum
743 3633 939 3689 debilitatumve
960 3634 1008 3702 eit;
1030 3632 1067 3689 ad
1091 3633 1154 3688 Ata
1178 3632 1217 3702 V,
1244 3633 1292 3702 11,
1306 3632 1340 3688 5:
1366 3645 1406 3684 aec
1480 3679 1481 3704 ζ

343 3716 489 3773 arnebercule
511 3717 602 3787 babeo,
625 3719 699 3791 quod
719 3717 809 3774 erlbac
831 3737 908 3792 qraem
930 3736 1050 3775 acumen
1062 3735 1191 3786 racemum
1215 3715 1407 3786 0111119οε
1480 3725 1481 3772 1

344 3821 395 3858 aare
417 3805 502 3875 inopis
524 3812 563 3859 eat
584 3812 677 3860 centra
688 3813 812 3859 rroturam
830 3803 937 3859 erardus
954 3813 1001 3860 aut
1012 3813 1114 3876 epactas
1130 3811 1178 3859 aut
1193 3803 1264 3876 quid
1278 3799 1407 3860 eiusmodi·
1480 3819 1481 3842 ¹

276 3901 283 3925 ⁶
345 3885 439 3967 [Sver.
447 3887 517 3944 Ner.
526 3889 580 3945 40:
603 3907 654 3945 neu
665 3889 809 3945 rescribere
820 3892 953 3963 cuiquam,
971 3907 1023 3944 nea
1034 3891 1163 3945 mandare
1174 3891 1243 3962 quid
1253 3885 1408 3963 autpraeri·
1480 3905 1481 3966 ᾗ

340 3992 414 4048 pere.
449 3971 509 4032 cfr.
528 3976 633 4048 aliquid
650 3973 713 4031 Ide
725 3973 808 4031 Orat.
824 3976 876 4044 143
899 3993 952 4049 pro
965 3973 1080 4032 Cluent.
1096 3974 1178 4043 1133*
1193 3993 1247 4049 pro
1260 3973 1335 4033 Sest,
1348 3965 1408 4044 82]
1480 4027 1481 4030 ,

346 4058 425 4116 Satis
447 4069 578 4134 apparet
601 4060 673 4117 haec
695 4077 753 4116 uon
777 4068 909 4134 spectare
921 4059 957 4116 ad
969 4058 1183 4118 defendendum
1195 4058 1268 4116 illud
1279 4059 1311 4116 11
1322 4059 1408 4132 Legg.
1480 4049 1481 4088 ³

348 4145 401 4200 aa:
424 4147 505 4202 troierit
524 4147 692 4219 quidatatui
715 4145 856 4201 ubirecta
868 4145 1028 4202 Lambinus
1050 4147 1208 4220 quidquem.
1241 4145 1410 4219 Panlopost
1480 4157 1481 4222 j

346 4231 450 4285 eaedem
463 4233 609 4305 uolrrplatee
620 4250 678 4288 non
696 4227 743 4312 (ut
755 4229 883 4296 Orellins
895 4230 950 4306 ait)
968 4251 1043 4288 nnus
1055 4230 1118 4288 aod.
1130 4239 1217 4288 notus
1228 4238 1257 4286 et
1268 4229 1312 4286 ed.
1323 4229 1409 4296 vict,

346 4315 396 4370 sed
409 4315 484 4372 Pull.
504 4327 620 4390 praeter
641 4325 710 4386 trae,
733 4314 812 4374 Oxx.
835 4335 944 4387 omnes,
968 4317 1111 4374 editiones
1134 4323 1202 4373 ante
1225 4314 1410 4378 Lambinum;

348 4401 472 4457 utilitates
495 4419 551 4476 mg.
575 4401 664 4472 Crat,
687 4401 763 4459 Pell.
787 4411 856 4474 tres,
879 4401 962 4459 Parr.
989 4405 1015 4474 1,
1034 4403 1063 4472 3,
1085 4401 1193 4473 1118881,
1216 4399 1281 4479 [Β].
1313 4397 1410 4478 [Quae
