<?xml version="1.0" encoding="UTF-8"?>
<!DOCTYPE html PUBLIC "-//W3C//DTD XHTML 1.0 Transitional//EN"
    "http://www.w3.org/TR/xhtml1/DTD/xhtml1-transitional.dtd">
<html xmlns="http://www.w3.org/1999/xhtml" xml:lang="en" lang="en">
 <head>
  <title>
</title>
<meta http-equiv="Content-Type" content="text/html;charset=utf-8" />
  <meta name='ocr-system' content='tesseract 3.04.00' />
  <meta name='ocr-capabilities' content='ocr_page ocr_carea ocr_par ocr_line ocrx_word'/>
</head>
<body>
  <div class='ocr_page' id='page_1' title='image "./definibusbonoru04cicegoog_0092.png"; bbox 0 0 2928 5012; ppageno 0'>
   <div class='ocr_carea' id='block_1_1' title="bbox 309 389 992 453">
    <p class='ocr_par' dir='ltr' id='par_1_1' title="bbox 309 389 992 453">
     <span class='ocr_line' id='line_1_1' title="bbox 309 389 992 453; baseline -0.003 0"><span class='ocrx_word' id='word_1_1' title='bbox 309 389 350 453; x_wconf 80' lang='lat'>14</span> <span class='ocrx_word' id='word_1_2' title='bbox 700 405 746 452; x_wconf 84' lang='lat' dir='ltr'>nn</span> <span class='ocrx_word' id='word_1_3' title='bbox 767 404 898 452; x_wconf 72' lang='lat' dir='ltr'>sumus</span> <span class='ocrx_word' id='word_1_4' title='bbox 920 404 992 452; x_wconf 84' lang='lat' dir='ltr'>non.</span> 
     </span>
    </p>
   </div>
   <div class='ocr_carea' id='block_1_2' title="bbox 307 572 1390 862">
    <p class='ocr_par' dir='ltr' id='par_1_2' title="bbox 307 572 1390 862">
     <span class='ocr_line' id='line_1_2' title="bbox 309 572 1390 658; baseline 0 -18"><span class='ocrx_word' id='word_1_5' title='bbox 309 575 393 658; x_wconf 92' lang='lat' dir='ltr'>pidis</span> <span class='ocrx_word' id='word_1_6' title='bbox 414 574 527 641; x_wconf 75' lang='lat' dir='ltr'>labidis</span> <span class='ocrx_word' id='word_1_7' title='bbox 549 575 696 640; x_wconf 85' lang='lat' dir='ltr'>delectari</span> <span class='ocrx_word' id='word_1_8' title='bbox 718 573 815 655; x_wconf 86' lang='lat' dir='ltr'>dicat,</span> <span class='ocrx_word' id='word_1_9' title='bbox 844 573 974 640; x_wconf 86' lang='lat' dir='ltr'>Latinas</span> <span class='ocrx_word' id='word_1_10' title='bbox 996 573 1117 640; x_wconf 76' lang='lat' dir='ltr'><strong>litteras</strong></span> <span class='ocrx_word' id='word_1_11' title='bbox 1139 573 1260 640; x_wconf 78' lang='lat' dir='ltr'>oderit?</span> <span class='ocrx_word' id='word_1_12' title='bbox 1304 572 1390 656; x_wconf 83' lang='lat' dir='ltr'>Syn·</span> 
     </span>
     <span class='ocr_line' id='line_1_3' title="bbox 308 675 1390 772; baseline -0.002 -30"><span class='ocrx_word' id='word_1_13' title='bbox 308 677 447 760; x_wconf 81' lang='lat' dir='ltr'>ephebos</span> <span class='ocrx_word' id='word_1_14' title='bbox 469 695 552 772; x_wconf 61' lang='lat' dir='ltr'>ego,</span> <span class='ocrx_word' id='word_1_15' title='bbox 568 676 684 758; x_wconf 87' lang='lat' dir='ltr'>inquit,</span> <span class='ocrx_word' id='word_1_16' title='bbox 717 675 822 758; x_wconf 89' lang='lat' dir='ltr'>potius</span> <span class='ocrx_word' id='word_1_17' title='bbox 851 676 974 742; x_wconf 75' lang='lat' dir='ltr'>Caecilii</span> <span class='ocrx_word' id='word_1_18' title='bbox 996 683 1052 742; x_wconf 89' lang='lat' dir='ltr'>aut</span> <span class='ocrx_word' id='word_1_19' title='bbox 1071 675 1223 742; x_wconf 85' lang='lat' dir='ltr'>Andriam</span> <span class='ocrx_word' id='word_1_20' title='bbox 1244 675 1390 742; x_wconf 80' lang='lat' dir='ltr'>Terentii</span> 
     </span>
     <span class='ocr_line' id='line_1_4' title="bbox 307 777 1390 862; baseline 0 -18"><span class='ocrx_word' id='word_1_21' title='bbox 307 797 402 862; x_wconf 86' lang='lat' dir='ltr'>quam</span> <span class='ocrx_word' id='word_1_22' title='bbox 433 785 599 860; x_wconf 89' lang='lat' dir='ltr'>utramque</span> <span class='ocrx_word' id='word_1_23' title='bbox 631 778 796 844; x_wconf 84' lang='lat' dir='ltr'>Menandri</span> <span class='ocrx_word' id='word_1_24' title='bbox 828 777 950 861; x_wconf 80' lang='lat' dir='ltr'>legam?</span> <span class='ocrx_word' id='word_1_25' title='bbox 994 779 1024 844; x_wconf 85' lang='lat'>5.</span> <span class='ocrx_word' id='word_1_26' title='bbox 1057 780 1086 843; x_wconf 89' lang='lat' dir='ltr'>A</span> <span class='ocrx_word' id='word_1_27' title='bbox 1118 778 1230 860; x_wconf 80' lang='lat' dir='ltr'>quibtas</span> <span class='ocrx_word' id='word_1_28' title='bbox 1262 786 1390 844; x_wconf 85' lang='lat' dir='ltr'>tantum</span> 
     </span>
    </p>
   </div>
   <div class='ocr_carea' id='block_1_3' title="bbox 380 964 959 1018">
    <p class='ocr_par' dir='ltr' id='par_1_3' title="bbox 380 964 959 1018">
     <span class='ocr_line' id='line_1_5' title="bbox 380 964 959 1018; baseline -0.002 -2"><span class='ocrx_word' id='word_1_29' title='bbox 380 971 401 1016; x_wconf 87' lang='lat'>1.</span> <span class='ocrx_word' id='word_1_30' title='bbox 420 965 512 1016; x_wconf 77' lang='lat' dir='ltr'>litteras</span> <span class='ocrx_word' id='word_1_31' title='bbox 530 981 586 1016; x_wconf 85' lang='lat' dir='ltr'>cnm</span> <span class='ocrx_word' id='word_1_32' title='bbox 605 967 677 1016; x_wconf 83' lang='lat' dir='ltr'>uncis</span> <span class='ocrx_word' id='word_1_33' title='bbox 695 964 737 1018; x_wconf 91' lang='lat' dir='ltr'>Or.</span> <span class='ocrx_word' id='word_1_34' title='bbox 783 970 806 1014; x_wconf 79' lang='grc'>8.</span> <span class='ocrx_word' id='word_1_35' title='bbox 826 975 875 1015; x_wconf 84' lang='lat' dir='ltr'>tom</span> <span class='ocrx_word' id='word_1_36' title='bbox 893 965 959 1018; x_wconf 82' lang='lat' dir='ltr'>cer.</span> 
     </span>
    </p>
   </div>
   <div class='ocr_carea' id='block_1_4' title="bbox 245 1157 1393 4568">
    <p class='ocr_par' dir='ltr' id='par_1_4' title="bbox 304 1157 1393 2773">
     <span class='ocr_line' id='line_1_6' title="bbox 308 1157 1391 1232; baseline -0.001 -16"><span class='ocrx_word' id='word_1_37' title='bbox 308 1169 379 1216; x_wconf 77' lang='lat' dir='ltr'>teras</span> <span class='ocrx_word' id='word_1_38' title='bbox 401 1157 585 1228; x_wconf 83' lang='lat' dir='ltr'>damnarunt,</span> <span class='ocrx_word' id='word_1_39' title='bbox 609 1167 643 1214; x_wconf 88' lang='lat' dir='ltr'>ut</span> <span class='ocrx_word' id='word_1_40' title='bbox 669 1164 759 1216; x_wconf 88' lang='lat' dir='ltr'>esset:</span> <span class='ocrx_word' id='word_1_41' title='bbox 782 1160 832 1232; x_wconf 81' lang='lat' dir='ltr'>pai</span> <span class='ocrx_word' id='word_1_42' title='bbox 856 1176 885 1214; x_wconf 83' lang='lat' dir='ltr'>se</span> <span class='ocrx_word' id='word_1_43' title='bbox 917 1159 1010 1214; x_wconf 66' lang='grc' dir='ltr'>ἱίεάοηι</span> <span class='ocrx_word' id='word_1_44' title='bbox 1033 1157 1177 1232; x_wconf 69' lang='lat' dir='ltr'>Euripidis</span> <span class='ocrx_word' id='word_1_45' title='bbox 1197 1157 1304 1231; x_wconf 79' lang='lat' dir='ltr'>sabulis</span> <span class='ocrx_word' id='word_1_46' title='bbox 1336 1159 1391 1215; x_wconf 82' lang='lat' dir='ltr'>de·</span> 
     </span>
     <span class='ocr_line' id='line_1_7' title="bbox 307 1242 1392 1319; baseline -0.001 -19"><span class='ocrx_word' id='word_1_47' title='bbox 307 1245 401 1300; x_wconf 67' lang='lat' dir='ltr'>lectari</span> <span class='ocrx_word' id='word_1_48' title='bbox 421 1245 501 1309; x_wconf 81' lang='lat' dir='ltr'>dicat,</span> <span class='ocrx_word' id='word_1_49' title='bbox 525 1245 644 1300; x_wconf 78' lang='lat' dir='ltr'>Latbtas</span> <span class='ocrx_word' id='word_1_50' title='bbox 667 1244 770 1300; x_wconf 66' lang='lat' dir='ltr'>oderit?</span> <span class='ocrx_word' id='word_1_51' title='bbox 814 1243 873 1302; x_wconf 86' lang='lat' dir='ltr'>Sed</span> <span class='ocrx_word' id='word_1_52' title='bbox 905 1261 1009 1319; x_wconf 84' lang='lat' dir='ltr'>parurn</span> <span class='ocrx_word' id='word_1_53' title='bbox 1039 1242 1180 1299; x_wconf 83' lang='lat' dir='ltr'>concinne</span> <span class='ocrx_word' id='word_1_54' title='bbox 1203 1259 1392 1318; x_wconf 89' lang='lat' dir='ltr'>componun·</span> 
     </span>
     <span class='ocr_line' id='line_1_8' title="bbox 306 1327 1391 1404; baseline -0.001 -19"><span class='ocrx_word' id='word_1_55' title='bbox 306 1338 355 1385; x_wconf 88' lang='lat' dir='ltr'>tur</span> <span class='ocrx_word' id='word_1_56' title='bbox 377 1331 522 1404; x_wconf 71' lang='lat' dir='ltr'>Eanpidio</span> <span class='ocrx_word' id='word_1_57' title='bbox 552 1336 582 1384; x_wconf 89' lang='lat' dir='ltr'>et</span> <span class='ocrx_word' id='word_1_58' title='bbox 605 1329 736 1398; x_wconf 66' lang='grc' dir='ltr'><em>Εαίἱηαε,</em></span> <span class='ocrx_word' id='word_1_59' title='bbox 771 1346 836 1385; x_wconf 82' lang='lat' dir='ltr'>curn</span> <span class='ocrx_word' id='word_1_60' title='bbox 870 1329 991 1386; x_wconf 80' lang='lat' dir='ltr'>deberet</span> <span class='ocrx_word' id='word_1_61' title='bbox 1022 1345 1087 1386; x_wconf 89' lang='lat' dir='ltr'>esse</span> <span class='ocrx_word' id='word_1_62' title='bbox 1123 1327 1236 1386; x_wconf 62' lang='lat' dir='ltr'>&amp;aaa</span> <span class='ocrx_word' id='word_1_63' title='bbox 1258 1361 1299 1369; x_wconf 98' lang='lat'>—</span> <span class='ocrx_word' id='word_1_64' title='bbox 1322 1329 1391 1384; x_wconf 86' lang='lat' dir='ltr'>La-</span> 
     </span>
     <span class='ocr_line' id='line_1_9' title="bbox 306 1413 1393 1490; baseline -0.002 -19"><span class='ocrx_word' id='word_1_65' title='bbox 306 1417 384 1472; x_wconf 83' lang='lat' dir='ltr'>tinae.</span> <span class='ocrx_word' id='word_1_66' title='bbox 440 1413 596 1485; x_wconf 78' lang='lat' dir='ltr'>Davisius,</span> <span class='ocrx_word' id='word_1_67' title='bbox 630 1414 709 1488; x_wconf 92' lang='lat' dir='ltr'>quod</span> <span class='ocrx_word' id='word_1_68' title='bbox 746 1413 820 1471; x_wconf 87' lang='lat' dir='ltr'>haec</span> <span class='ocrx_word' id='word_1_69' title='bbox 849 1432 915 1471; x_wconf 89' lang='lat' dir='ltr'>oum</span> <span class='ocrx_word' id='word_1_70' title='bbox 950 1413 1151 1489; x_wconf 84' lang='lat' dir='ltr'>superioribus</span> <span class='ocrx_word' id='word_1_71' title='bbox 1179 1413 1393 1490; x_wconf 85' lang='lat' dir='ltr'>coniungenda</span> 
     </span>
     <span class='ocr_line' id='line_1_10' title="bbox 307 1499 1392 1576; baseline 0.002 -20"><span class='ocrx_word' id='word_1_72' title='bbox 307 1517 371 1558; x_wconf 88' lang='lat' dir='ltr'>esse</span> <span class='ocrx_word' id='word_1_73' title='bbox 394 1500 553 1570; x_wconf 82' lang='lat' dir='ltr'>sentiebat,</span> <span class='ocrx_word' id='word_1_74' title='bbox 587 1499 676 1557; x_wconf 87' lang='lat' dir='ltr'>etiam</span> <span class='ocrx_word' id='word_1_75' title='bbox 709 1507 831 1575; x_wconf 88' lang='lat' dir='ltr'>propter</span> <span class='ocrx_word' id='word_1_76' title='bbox 857 1517 1018 1576; x_wconf 88' lang='lat' dir='ltr'>pronomen</span> <span class='ocrx_word' id='word_1_77' title='bbox 1040 1500 1148 1568; x_wconf 71' lang='lat' dir='ltr'>stadem,</span> <span class='ocrx_word' id='word_1_78' title='bbox 1177 1499 1255 1573; x_wconf 87' lang='lat' dir='ltr'>quod</span> <span class='ocrx_word' id='word_1_79' title='bbox 1277 1499 1392 1558; x_wconf 83' lang='lat' dir='ltr'>melius</span> 
     </span>
     <span class='ocr_line' id='line_1_11' title="bbox 305 1583 1391 1660; baseline 0 -18"><span class='ocrx_word' id='word_1_80' title='bbox 305 1594 511 1642; x_wconf 86' lang='lat' dir='ltr'>annecteretur</span> <span class='ocrx_word' id='word_1_81' title='bbox 532 1584 676 1660; x_wconf 82' lang='lat' dir='ltr'>superiori</span> <span class='ocrx_word' id='word_1_82' title='bbox 713 1603 802 1659; x_wconf 88' lang='lat' dir='ltr'>quam</span> <span class='ocrx_word' id='word_1_83' title='bbox 834 1585 864 1642; x_wconf 92' lang='lat' dir='ltr'>in</span> <span class='ocrx_word' id='word_1_84' title='bbox 897 1603 991 1642; x_wconf 87' lang='lat' dir='ltr'>novae</span> <span class='ocrx_word' id='word_1_85' title='bbox 1025 1583 1264 1660; x_wconf 81' lang='lat' dir='ltr'>interrogationis</span> <span class='ocrx_word' id='word_1_86' title='bbox 1296 1585 1391 1643; x_wconf 88' lang='lat' dir='ltr'>initio</span> 
     </span>
     <span class='ocr_line' id='line_1_12' title="bbox 306 1670 1392 1747; baseline 0.001 -20"><span class='ocrx_word' id='word_1_87' title='bbox 306 1679 474 1747; x_wconf 82' lang='lat' dir='ltr'>poneretur,</span> <span class='ocrx_word' id='word_1_88' title='bbox 496 1670 612 1746; x_wconf 86' lang='lat' dir='ltr'>longius</span> <span class='ocrx_word' id='word_1_89' title='bbox 635 1687 808 1746; x_wconf 85' lang='lat' dir='ltr'>progressus</span> <span class='ocrx_word' id='word_1_90' title='bbox 825 1670 898 1727; x_wconf 87' lang='lat' dir='ltr'>haec</span> <span class='ocrx_word' id='word_1_91' title='bbox 915 1670 1028 1727; x_wconf 86' lang='lat' dir='ltr'>omnia:</span> <span class='ocrx_word' id='word_1_92' title='bbox 1049 1671 1167 1726; x_wconf 80' lang='lat' dir='ltr'>Latinae</span> <span class='ocrx_word' id='word_1_93' title='bbox 1184 1672 1286 1727; x_wconf 60' lang='lat' dir='ltr'>adeas</span> <span class='ocrx_word' id='word_1_94' title='bbox 1297 1673 1392 1728; x_wconf 71' lang='lat' dir='ltr'>orlei-it</span> 
     </span>
     <span class='ocr_line' id='line_1_13' title="bbox 308 1753 1391 1834; baseline -0.001 -21"><span class='ocrx_word' id='word_1_95' title='bbox 308 1756 434 1813; x_wconf 84' lang='lat' dir='ltr'>eiciebat</span> <span class='ocrx_word' id='word_1_96' title='bbox 456 1756 545 1834; x_wconf 88' lang='lat' dir='ltr'>(quae</span> <span class='ocrx_word' id='word_1_97' title='bbox 567 1755 692 1812; x_wconf 86' lang='lat' dir='ltr'>aberant</span> <span class='ocrx_word' id='word_1_98' title='bbox 713 1774 731 1811; x_wconf 87' lang='lat' dir='ltr'>a</span> <span class='ocrx_word' id='word_1_99' title='bbox 753 1757 822 1813; x_wconf 83' lang='lat' dir='ltr'>Par.</span> <span class='ocrx_word' id='word_1_100' title='bbox 835 1757 863 1826; x_wconf 81' lang='grc'>2,</span> <span class='ocrx_word' id='word_1_101' title='bbox 887 1774 1020 1831; x_wconf 85' lang='lat' dir='ltr'>quaeque</span> <span class='ocrx_word' id='word_1_102' title='bbox 1031 1765 1134 1830; x_wconf 85' lang='lat' dir='ltr'>postea</span> <span class='ocrx_word' id='word_1_103' title='bbox 1145 1753 1239 1813; x_wconf 86' lang='lat' dir='ltr'>Gzius</span> <span class='ocrx_word' id='word_1_104' title='bbox 1255 1755 1285 1812; x_wconf 91' lang='lat' dir='ltr'>in</span> <span class='ocrx_word' id='word_1_105' title='bbox 1303 1754 1391 1831; x_wconf 88' lang='lat' dir='ltr'>Spir.</span> 
     </span>
     <span class='ocr_line' id='line_1_14' title="bbox 307 1838 1390 1916; baseline 0.001 -19"><span class='ocrx_word' id='word_1_106' title='bbox 307 1851 337 1898; x_wconf 91' lang='lat' dir='ltr'>et</span> <span class='ocrx_word' id='word_1_107' title='bbox 358 1840 438 1900; x_wconf 88' lang='lat' dir='ltr'>Gud.</span> <span class='ocrx_word' id='word_1_108' title='bbox 462 1842 479 1898; x_wconf 81' lang='grc'>2</span> <span class='ocrx_word' id='word_1_109' title='bbox 503 1860 561 1898; x_wconf 91' lang='lat' dir='ltr'>non</span> <span class='ocrx_word' id='word_1_110' title='bbox 590 1840 718 1911; x_wconf 85' lang='lat' dir='ltr'>invenit,</span> <span class='ocrx_word' id='word_1_111' title='bbox 753 1841 789 1898; x_wconf 91' lang='lat' dir='ltr'>de</span> <span class='ocrx_word' id='word_1_112' title='bbox 817 1860 876 1915; x_wconf 91' lang='lat' dir='ltr'>qno</span> <span class='ocrx_word' id='word_1_113' title='bbox 904 1859 1049 1898; x_wconf 89' lang='lat' dir='ltr'>consensu</span> <span class='ocrx_word' id='word_1_114' title='bbox 1076 1841 1134 1898; x_wconf 91' lang='lat' dir='ltr'>vid.</span> <span class='ocrx_word' id='word_1_115' title='bbox 1157 1841 1195 1898; x_wconf 88' lang='lat' dir='ltr'>ad</span> <span class='ocrx_word' id='word_1_116' title='bbox 1224 1838 1293 1915; x_wconf 77' lang='lat' dir='ltr'>at);</span> <span class='ocrx_word' id='word_1_117' title='bbox 1327 1861 1390 1916; x_wconf 90' lang='lat' dir='ltr'>pro</span> 
     </span>
     <span class='ocr_line' id='line_1_15' title="bbox 306 1926 1391 2002; baseline 0.001 -19"><span class='ocrx_word' id='word_1_118' title='bbox 306 1929 355 2001; x_wconf 81' lang='lat' dir='ltr'>qui</span> <span class='ocrx_word' id='word_1_119' title='bbox 386 1945 423 1983; x_wconf 88' lang='lat' dir='ltr'>ex</span> <span class='ocrx_word' id='word_1_120' title='bbox 456 1945 515 1984; x_wconf 90' lang='lat' dir='ltr'>uno</span> <span class='ocrx_word' id='word_1_121' title='bbox 548 1926 595 1983; x_wconf 85' lang='lat' dir='ltr'>El.</span> <span class='ocrx_word' id='word_1_122' title='bbox 628 1926 717 1983; x_wconf 84' lang='lat' dir='ltr'>scribi</span> <span class='ocrx_word' id='word_1_123' title='bbox 750 1927 870 1983; x_wconf 85' lang='lat' dir='ltr'>volebat</span> <span class='ocrx_word' id='word_1_124' title='bbox 902 1929 1014 2002; x_wconf 80' lang='lat' dir='ltr'>quique,</span> <span class='ocrx_word' id='word_1_125' title='bbox 1048 1945 1141 2002; x_wconf 86' lang='lat' dir='ltr'>prava</span> <span class='ocrx_word' id='word_1_126' title='bbox 1176 1927 1391 1984; x_wconf 84' lang='lat' dir='ltr'>coniunctione</span> 
     </span>
     <span class='ocr_line' id='line_1_16' title="bbox 306 2011 1391 2070; baseline -0.001 -1"><span class='ocrx_word' id='word_1_127' title='bbox 306 2011 520 2069; x_wconf 86' lang='lat' dir='ltr'>contrariorum</span> <span class='ocrx_word' id='word_1_128' title='bbox 537 2012 743 2069; x_wconf 86' lang='lat' dir='ltr'>membrorum.</span> <span class='ocrx_word' id='word_1_129' title='bbox 782 2012 908 2070; x_wconf 84' lang='lat' dir='ltr'>Easdem</span> <span class='ocrx_word' id='word_1_130' title='bbox 929 2031 1018 2069; x_wconf 85' lang='lat' dir='ltr'>voees</span> <span class='ocrx_word' id='word_1_131' title='bbox 1040 2012 1208 2069; x_wconf 86' lang='lat' dir='ltr'>omittentes</span> <span class='ocrx_word' id='word_1_132' title='bbox 1227 2011 1391 2069; x_wconf 86' lang='lat' dir='ltr'>Ernestius</span> 
     </span>
     <span class='ocr_line' id='line_1_17' title="bbox 306 2096 1392 2174; baseline 0 -20"><span class='ocrx_word' id='word_1_133' title='bbox 306 2117 365 2154; x_wconf 84' lang='lat' dir='ltr'>cam</span> <span class='ocrx_word' id='word_1_134' title='bbox 377 2097 465 2155; x_wconf 83' lang='lat' dir='ltr'>scribi</span> <span class='ocrx_word' id='word_1_135' title='bbox 478 2097 581 2168; x_wconf 86' lang='lat' dir='ltr'>voluit,</span> <span class='ocrx_word' id='word_1_136' title='bbox 594 2096 687 2156; x_wconf 78' lang='lat' dir='ltr'>Gaius</span> <span class='ocrx_word' id='word_1_137' title='bbox 699 2099 773 2172; x_wconf 83' lang='lat' dir='ltr'>qood</span> <span class='ocrx_word' id='word_1_138' title='bbox 784 2097 910 2174; x_wconf 75' lang='lat' dir='ltr'>scripsit</span> <span class='ocrx_word' id='word_1_139' title='bbox 939 2097 1031 2155; x_wconf 86' lang='lat' dir='ltr'>Nulla</span> <span class='ocrx_word' id='word_1_140' title='bbox 1042 2098 1161 2155; x_wconf 89' lang='lat' dir='ltr'>omnino</span> <span class='ocrx_word' id='word_1_141' title='bbox 1172 2096 1289 2155; x_wconf 87' lang='lat' dir='ltr'>illorum</span> <span class='ocrx_word' id='word_1_142' title='bbox 1302 2098 1392 2154; x_wconf 90' lang='lat' dir='ltr'>codi-</span> 
     </span>
     <span class='ocr_line' id='line_1_18' title="bbox 307 2182 1392 2258; baseline 0.001 -18"><span class='ocrx_word' id='word_1_143' title='bbox 307 2201 373 2240; x_wconf 90' lang='lat' dir='ltr'>cum</span> <span class='ocrx_word' id='word_1_144' title='bbox 395 2191 440 2239; x_wconf 90' lang='lat' dir='ltr'>est</span> <span class='ocrx_word' id='word_1_145' title='bbox 462 2183 621 2240; x_wconf 87' lang='lat' dir='ltr'>auctoritas</span> <span class='ocrx_word' id='word_1_146' title='bbox 644 2182 673 2239; x_wconf 92' lang='lat' dir='ltr'>in</span> <span class='ocrx_word' id='word_1_147' title='bbox 701 2182 738 2240; x_wconf 87' lang='lat' dir='ltr'>iis</span> <span class='ocrx_word' id='word_1_148' title='bbox 766 2183 949 2254; x_wconf 87' lang='lat' dir='ltr'>omittendis,</span> <span class='ocrx_word' id='word_1_149' title='bbox 983 2201 1058 2257; x_wconf 84' lang='lat' dir='ltr'>quae</span> <span class='ocrx_word' id='word_1_150' title='bbox 1080 2183 1234 2256; x_wconf 87' lang='lat' dir='ltr'>utriusque</span> <span class='ocrx_word' id='word_1_151' title='bbox 1266 2185 1392 2258; x_wconf 85' lang='lat' dir='ltr'>generis</span> 
     </span>
     <span class='ocr_line' id='line_1_19' title="bbox 306 2267 1391 2344; baseline 0.002 -20"><span class='ocrx_word' id='word_1_152' title='bbox 306 2267 396 2324; x_wconf 84' lang='lat' dir='ltr'>ceteri</span> <span class='ocrx_word' id='word_1_153' title='bbox 417 2268 554 2325; x_wconf 88' lang='lat' dir='ltr'>retinent.</span> <span class='ocrx_word' id='word_1_154' title='bbox 587 2269 622 2325; x_wconf 93' lang='lat' dir='ltr'>In</span> <span class='ocrx_word' id='word_1_155' title='bbox 645 2277 747 2326; x_wconf 86' lang='lat' dir='ltr'>nostra</span> <span class='ocrx_word' id='word_1_156' title='bbox 768 2269 914 2344; x_wconf 86' lang='lat' dir='ltr'>scripture</span> <span class='ocrx_word' id='word_1_157' title='bbox 930 2268 955 2325; x_wconf 91' lang='lat' dir='ltr'>si</span> <span class='ocrx_word' id='word_1_158' title='bbox 972 2267 1125 2325; x_wconf 87' lang='lat' dir='ltr'>omittatur</span> <span class='ocrx_word' id='word_1_159' title='bbox 1142 2271 1252 2338; x_wconf 82' lang='lat' dir='ltr'>litteras,</span> <span class='ocrx_word' id='word_1_160' title='bbox 1275 2267 1391 2326; x_wconf 86' lang='lat' dir='ltr'>vitiose</span> 
     </span>
     <span class='ocr_line' id='line_1_20' title="bbox 306 2352 1392 2429; baseline 0.001 -19"><span class='ocrx_word' id='word_1_161' title='bbox 306 2352 383 2410; x_wconf 87' lang='lat' dir='ltr'>idem</span> <span class='ocrx_word' id='word_1_162' title='bbox 410 2353 441 2409; x_wconf 92' lang='lat' dir='ltr'>in</span> <span class='ocrx_word' id='word_1_163' title='bbox 469 2353 580 2411; x_wconf 84' lang='lat' dir='ltr'>causali</span> <span class='ocrx_word' id='word_1_164' title='bbox 613 2354 758 2412; x_wconf 88' lang='lat' dir='ltr'>sententia</span> <span class='ocrx_word' id='word_1_165' title='bbox 780 2354 909 2424; x_wconf 86' lang='lat' dir='ltr'>dicetur,</span> <span class='ocrx_word' id='word_1_166' title='bbox 943 2354 1021 2428; x_wconf 91' lang='lat' dir='ltr'>quod</span> <span class='ocrx_word' id='word_1_167' title='bbox 1054 2353 1083 2410; x_wconf 92' lang='lat' dir='ltr'>in</span> <span class='ocrx_word' id='word_1_168' title='bbox 1117 2353 1270 2429; x_wconf 67' lang='lat' dir='ltr'>primeriac</span> <span class='ocrx_word' id='word_1_169' title='bbox 1303 2372 1392 2411; x_wconf 85' lang='lat' dir='ltr'>nnnc</span> 
     </span>
     <span class='ocr_line' id='line_1_21' title="bbox 305 2438 1391 2514; baseline 0.001 -20"><span class='ocrx_word' id='word_1_170' title='bbox 305 2439 471 2514; x_wconf 85' lang='lat' dir='ltr'>generalius</span> <span class='ocrx_word' id='word_1_171' title='bbox 504 2447 549 2496; x_wconf 89' lang='lat' dir='ltr'>est</span> <span class='ocrx_word' id='word_1_172' title='bbox 580 2438 736 2514; x_wconf 86' lang='lat' dir='ltr'>posterius.</span> <span class='ocrx_word' id='word_1_173' title='bbox 786 2440 893 2498; x_wconf 83' lang='lat' dir='ltr'>Medea</span> <span class='ocrx_word' id='word_1_174' title='bbox 921 2439 1010 2496; x_wconf 86' lang='lat' dir='ltr'>Ennii</span> <span class='ocrx_word' id='word_1_175' title='bbox 1038 2438 1192 2496; x_wconf 89' lang='lat' dir='ltr'>notissima</span> <span class='ocrx_word' id='word_1_176' title='bbox 1219 2448 1272 2496; x_wconf 85' lang='lat' dir='ltr'>est.</span> <span class='ocrx_word' id='word_1_177' title='bbox 1316 2441 1391 2496; x_wconf 84' lang='lat' dir='ltr'>An-</span> 
     </span>
     <span class='ocr_line' id='line_1_22' title="bbox 305 2523 1390 2600; baseline 0.002 -20"><span class='ocrx_word' id='word_1_178' title='bbox 305 2524 404 2600; x_wconf 88' lang='lat' dir='ltr'>tiopae</span> <span class='ocrx_word' id='word_1_179' title='bbox 428 2523 631 2596; x_wconf 84' lang='lat' dir='ltr'>Pacuvianae,</span> <span class='ocrx_word' id='word_1_180' title='bbox 654 2524 685 2580; x_wconf 91' lang='lat' dir='ltr'>in</span> <span class='ocrx_word' id='word_1_181' title='bbox 707 2544 767 2599; x_wconf 87' lang='lat' dir='ltr'>que</span> <span class='ocrx_word' id='word_1_182' title='bbox 788 2525 972 2582; x_wconf 68' lang='lat' dir='ltr'>uocabatur</span> <span class='ocrx_word' id='word_1_183' title='bbox 994 2525 1143 2582; x_wconf 88' lang='lat' dir='ltr'>contentio</span> <span class='ocrx_word' id='word_1_184' title='bbox 1165 2524 1288 2582; x_wconf 82' lang='lat' dir='ltr'>fratrmn</span> <span class='ocrx_word' id='word_1_185' title='bbox 1302 2525 1390 2582; x_wconf 88' lang='lat' dir='ltr'>Tbe-</span> 
     </span>
     <span class='ocr_line' id='line_1_23' title="bbox 305 2609 1389 2687; baseline 0.001 -21"><span class='ocrx_word' id='word_1_186' title='bbox 305 2609 463 2680; x_wconf 86' lang='lat' dir='ltr'>banorum,</span> <span class='ocrx_word' id='word_1_187' title='bbox 487 2610 573 2666; x_wconf 89' lang='lat' dir='ltr'>Zethi</span> <span class='ocrx_word' id='word_1_188' title='bbox 601 2619 630 2667; x_wconf 87' lang='lat' dir='ltr'>et</span> <span class='ocrx_word' id='word_1_189' title='bbox 652 2610 845 2687; x_wconf 78' lang='lat' dir='ltr'>Amphionis,</span> <span class='ocrx_word' id='word_1_190' title='bbox 867 2609 1034 2687; x_wconf 82' lang='lat' dir='ltr'>fragmenta</span> <span class='ocrx_word' id='word_1_191' title='bbox 1056 2619 1124 2668; x_wconf 89' lang='lat' dir='ltr'>sunt</span> <span class='ocrx_word' id='word_1_192' title='bbox 1145 2609 1224 2685; x_wconf 85' lang='lat' dir='ltr'>apud</span> <span class='ocrx_word' id='word_1_193' title='bbox 1241 2610 1389 2667; x_wconf 84' lang='lat' dir='ltr'>Bothiurn</span> 
     </span>
     <span class='ocr_line' id='line_1_24' title="bbox 304 2692 1221 2773; baseline -0.002 -20"><span class='ocrx_word' id='word_1_194' title='bbox 304 2714 334 2770; x_wconf 89' lang='lat' dir='ltr'>p.</span> <span class='ocrx_word' id='word_1_195' title='bbox 361 2695 418 2753; x_wconf 78' lang='lat'>102</span> <span class='ocrx_word' id='word_1_196' title='bbox 442 2693 535 2772; x_wconf 85' lang='lat' dir='ltr'>[apud</span> <span class='ocrx_word' id='word_1_197' title='bbox 557 2694 761 2764; x_wconf 86' lang='lat' dir='ltr'>Ribbeokium,</span> <span class='ocrx_word' id='word_1_198' title='bbox 785 2697 875 2772; x_wconf 84' lang='lat' dir='ltr'>Trag.</span> <span class='ocrx_word' id='word_1_199' title='bbox 897 2697 962 2754; x_wconf 88' lang='lat' dir='ltr'>Lat.</span> <span class='ocrx_word' id='word_1_200' title='bbox 985 2695 1080 2769; x_wconf 88' lang='lat' dir='ltr'>Reliq.</span> <span class='ocrx_word' id='word_1_201' title='bbox 1103 2715 1131 2771; x_wconf 94' lang='lat' dir='ltr'>p.</span> <span class='ocrx_word' id='word_1_202' title='bbox 1156 2692 1221 2773; x_wconf 79' lang='grc'><strong>62].</strong></span> 
     </span>
    </p>

    <p class='ocr_par' dir='ltr' id='par_1_5' title="bbox 390 2778 1391 2858">
     <span class='ocr_line' id='line_1_25' title="bbox 390 2778 1391 2858; baseline 0.003 -22"><span class='ocrx_word' id='word_1_203' title='bbox 390 2778 550 2856; x_wconf 78' lang='lat' dir='ltr'>Erm&#39;pt&#39;dis)</span> <span class='ocrx_word' id='word_1_204' title='bbox 567 2781 647 2838; x_wconf 89' lang='lat' dir='ltr'>Vict.</span> <span class='ocrx_word' id='word_1_205' title='bbox 659 2782 722 2838; x_wconf 87' lang='lat' dir='ltr'>cod.</span> <span class='ocrx_word' id='word_1_206' title='bbox 734 2783 883 2858; x_wconf 79' lang='lat' dir='ltr'>Erm&#39;pide,</span> <span class='ocrx_word' id='word_1_207' title='bbox 901 2783 996 2852; x_wconf 88' lang='lat' dir='ltr'>idest,</span> <span class='ocrx_word' id='word_1_208' title='bbox 1015 2783 1147 2856; x_wconf 80' lang='lat' dir='ltr'>Erm&#39;pidi</span> <span class='ocrx_word' id='word_1_209' title='bbox 1152 2799 1159 2852; x_wconf 85' lang='lat'><em>3</em></span> <span class='ocrx_word' id='word_1_210' title='bbox 1181 2781 1241 2837; x_wconf 84' lang='lat' dir='ltr'>vid.</span> <span class='ocrx_word' id='word_1_211' title='bbox 1253 2780 1317 2850; x_wconf 77' lang='lat' dir='ltr'>ed§</span> <span class='ocrx_word' id='word_1_212' title='bbox 1334 2784 1391 2839; x_wconf 83' lang='lat'>14.</span> 
     </span>
    </p>

    <p class='ocr_par' dir='ltr' id='par_1_6' title="bbox 303 2866 1391 3628">
     <span class='ocr_line' id='line_1_26' title="bbox 390 2866 1388 2943; baseline 0.004 -21"><span class='ocrx_word' id='word_1_213' title='bbox 390 2866 561 2942; x_wconf 76' lang='lat' dir='ltr'>Synephebos</span> <span class='ocrx_word' id='word_1_214' title='bbox 582 2885 637 2940; x_wconf 75' lang='lat' dir='ltr'>epo,</span> <span class='ocrx_word' id='word_1_215' title='bbox 660 2866 758 2943; x_wconf 79' lang='lat' dir='ltr'>inqtdt)</span> <span class='ocrx_word' id='word_1_216' title='bbox 782 2867 877 2924; x_wconf 88' lang='lat' dir='ltr'>Paulo</span> <span class='ocrx_word' id='word_1_217' title='bbox 899 2867 1070 2942; x_wconf 85' lang='lat' dir='ltr'>abruptiore</span> <span class='ocrx_word' id='word_1_218' title='bbox 1093 2866 1226 2924; x_wconf 84' lang='lat' dir='ltr'>oratione</span> <span class='ocrx_word' id='word_1_219' title='bbox 1254 2866 1388 2941; x_wconf 88' lang='lat' dir='ltr'>primum</span> 
     </span>
     <span class='ocr_line' id='line_1_27' title="bbox 304 2949 1391 3028; baseline 0.004 -21"><span class='ocrx_word' id='word_1_220' title='bbox 304 2949 366 3007; x_wconf 88' lang='lat' dir='ltr'>iere</span> <span class='ocrx_word' id='word_1_221' title='bbox 388 2950 481 3021; x_wconf 86' lang='lat' dir='ltr'>idem,</span> <span class='ocrx_word' id='word_1_222' title='bbox 516 2951 595 3026; x_wconf 89' lang='lat' dir='ltr'>quod</span> <span class='ocrx_word' id='word_1_223' title='bbox 616 2961 739 3028; x_wconf 83' lang='lat' dir='ltr'>negarat</span> <span class='ocrx_word' id='word_1_224' title='bbox 761 2971 938 3027; x_wconf 85' lang='lat' dir='ltr'>quemquam</span> <span class='ocrx_word' id='word_1_225' title='bbox 961 2953 1121 3022; x_wconf 78' lang='lat' dir='ltr'>dictinum,</span> <span class='ocrx_word' id='word_1_226' title='bbox 1145 2951 1202 3010; x_wconf 92' lang='lat' dir='ltr'>sibi</span> <span class='ocrx_word' id='word_1_227' title='bbox 1224 2970 1242 3008; x_wconf 87' lang='lat' dir='ltr'>a</span> <span class='ocrx_word' id='word_1_228' title='bbox 1263 2951 1391 3011; x_wconf 82' lang='lat' dir='ltr'>diversa</span> 
     </span>
     <span class='ocr_line' id='line_1_28' title="bbox 303 3035 1388 3112; baseline 0.005 -21"><span class='ocrx_word' id='word_1_229' title='bbox 303 3044 387 3112; x_wconf 85' lang='lat' dir='ltr'>parte</span> <span class='ocrx_word' id='word_1_230' title='bbox 415 3036 473 3094; x_wconf 90' lang='lat' dir='ltr'>dici</span> <span class='ocrx_word' id='word_1_231' title='bbox 500 3035 587 3107; x_wconf 83' lang='lat' dir='ltr'>facit3</span> <span class='ocrx_word' id='word_1_232' title='bbox 621 3037 741 3108; x_wconf 90' lang='lat' dir='ltr'>deinde,</span> <span class='ocrx_word' id='word_1_233' title='bbox 776 3056 842 3095; x_wconf 85' lang='lat' dir='ltr'>cunt</span> <span class='ocrx_word' id='word_1_234' title='bbox 875 3047 988 3095; x_wconf 82' lang='lat' dir='ltr'>tantum</span> <span class='ocrx_word' id='word_1_235' title='bbox 1029 3037 1166 3094; x_wconf 88' lang='lat' dir='ltr'>universe</span> <span class='ocrx_word' id='word_1_236' title='bbox 1205 3037 1388 3096; x_wconf 76' lang='lat' dir='ltr'>sententiam</span> 
     </span>
     <span class='ocr_line' id='line_1_29' title="bbox 304 3121 1391 3200; baseline 0.002 -22"><span class='ocrx_word' id='word_1_237' title='bbox 304 3121 432 3196; x_wconf 85' lang='lat' dir='ltr'>aliquam</span> <span class='ocrx_word' id='word_1_238' title='bbox 456 3131 486 3179; x_wconf 89' lang='lat' dir='ltr'>et</span> <span class='ocrx_word' id='word_1_239' title='bbox 508 3122 670 3180; x_wconf 86' lang='lat' dir='ltr'>orationem</span> <span class='ocrx_word' id='word_1_240' title='bbox 692 3123 879 3200; x_wconf 82' lang='lat' dir='ltr'>significarit,</span> <span class='ocrx_word' id='word_1_241' title='bbox 913 3123 998 3198; x_wconf 88' lang='lat' dir='ltr'>quasi</span> <span class='ocrx_word' id='word_1_242' title='bbox 1024 3123 1105 3199; x_wconf 87' lang='lat' dir='ltr'>ipsos</span> <span class='ocrx_word' id='word_1_243' title='bbox 1132 3123 1265 3180; x_wconf 87' lang='lat' dir='ltr'>homines</span> <span class='ocrx_word' id='word_1_244' title='bbox 1286 3125 1391 3180; x_wconf 90' lang='lat' dir='ltr'>nomi-</span> 
     </span>
     <span class='ocr_line' id='line_1_30' title="bbox 303 3207 1389 3286; baseline 0.002 -22"><span class='ocrx_word' id='word_1_245' title='bbox 303 3207 397 3279; x_wconf 87' lang='lat' dir='ltr'>narit,</span> <span class='ocrx_word' id='word_1_246' title='bbox 426 3207 533 3265; x_wconf 87' lang='lat' dir='ltr'>subicit</span> <span class='ocrx_word' id='word_1_247' title='bbox 559 3209 716 3265; x_wconf 85' lang='lat' dir='ltr'>relativum</span> <span class='ocrx_word' id='word_1_248' title='bbox 738 3210 852 3284; x_wconf 85' lang='lat' dir='ltr'>plurale</span> <span class='ocrx_word' id='word_1_249' title='bbox 875 3209 907 3286; x_wconf 86' lang='lat' dir='ltr'>(a</span> <span class='ocrx_word' id='word_1_250' title='bbox 929 3208 1054 3284; x_wconf 66' lang='lat' dir='ltr'>peribas),</span> <span class='ocrx_word' id='word_1_251' title='bbox 1088 3208 1245 3265; x_wconf 88' lang='lat' dir='ltr'>durissima</span> <span class='ocrx_word' id='word_1_252' title='bbox 1276 3207 1389 3284; x_wconf 81' lang='lat' dir='ltr'>figura.</span> 
     </span>
     <span class='ocr_line' id='line_1_31' title="bbox 303 3293 1389 3370; baseline 0.001 -20"><span class='ocrx_word' id='word_1_253' title='bbox 303 3293 416 3370; x_wconf 86' lang='lat' dir='ltr'>(Aliter</span> <span class='ocrx_word' id='word_1_254' title='bbox 438 3293 568 3370; x_wconf 88' lang='lat' dir='ltr'>Philipp.</span> <span class='ocrx_word' id='word_1_255' title='bbox 591 3295 652 3365; x_wconf 93' lang='lat' dir='ltr'>IV,</span> <span class='ocrx_word' id='word_1_256' title='bbox 678 3295 696 3351; x_wconf 89' lang='grc'>3</span> <span class='ocrx_word' id='word_1_257' title='bbox 719 3295 875 3352; x_wconf 88' lang='lat' dir='ltr'>relativum</span> <span class='ocrx_word' id='word_1_258' title='bbox 899 3295 997 3352; x_wconf 87' lang='lat' dir='ltr'>laxius</span> <span class='ocrx_word' id='word_1_259' title='bbox 1019 3295 1178 3364; x_wconf 86' lang='lat' dir='ltr'>subicitur,</span> <span class='ocrx_word' id='word_1_260' title='bbox 1207 3294 1257 3351; x_wconf 86' lang='lat' dir='ltr'>sed</span> <span class='ocrx_word' id='word_1_261' title='bbox 1280 3294 1389 3370; x_wconf 85' lang='lat' dir='ltr'>singu-</span> 
     </span>
     <span class='ocr_line' id='line_1_32' title="bbox 304 3378 1390 3456; baseline 0.002 -22"><span class='ocrx_word' id='word_1_262' title='bbox 304 3379 366 3435; x_wconf 87' lang='lat' dir='ltr'>lare</span> <span class='ocrx_word' id='word_1_263' title='bbox 389 3379 477 3436; x_wconf 90' lang='lat' dir='ltr'>etde</span> <span class='ocrx_word' id='word_1_264' title='bbox 500 3399 550 3450; x_wconf 91' lang='lat' dir='ltr'>eo,</span> <span class='ocrx_word' id='word_1_265' title='bbox 585 3380 667 3436; x_wconf 88' lang='lat' dir='ltr'>cuins</span> <span class='ocrx_word' id='word_1_266' title='bbox 689 3381 779 3456; x_wconf 82' lang='lat' dir='ltr'>paulo</span> <span class='ocrx_word' id='word_1_267' title='bbox 802 3389 870 3437; x_wconf 89' lang='lat' dir='ltr'>ante</span> <span class='ocrx_word' id='word_1_268' title='bbox 893 3399 998 3438; x_wconf 87' lang='lat' dir='ltr'>nomen</span> <span class='ocrx_word' id='word_1_269' title='bbox 1022 3381 1151 3456; x_wconf 89' lang='lat' dir='ltr'>positum</span> <span class='ocrx_word' id='word_1_270' title='bbox 1174 3378 1259 3455; x_wconf 84' lang='lat' dir='ltr'>erat.)</span> <span class='ocrx_word' id='word_1_271' title='bbox 1304 3379 1390 3455; x_wconf 84' lang='lat' dir='ltr'>Syn-</span> 
     </span>
     <span class='ocr_line' id='line_1_33' title="bbox 304 3463 1390 3542; baseline 0.004 -22"><span class='ocrx_word' id='word_1_272' title='bbox 304 3463 483 3539; x_wconf 89' lang='lat' dir='ltr'>epheborum</span> <span class='ocrx_word' id='word_1_273' title='bbox 506 3464 541 3522; x_wconf 89' lang='lat' dir='ltr'>L.</span> <span class='ocrx_word' id='word_1_274' title='bbox 565 3464 688 3524; x_wconf 85' lang='lat' dir='ltr'>Caecilii</span> <span class='ocrx_word' id='word_1_275' title='bbox 712 3465 801 3524; x_wconf 86' lang='lat' dir='ltr'>Statii</span> <span class='ocrx_word' id='word_1_276' title='bbox 822 3464 987 3542; x_wconf 74' lang='lat' dir='ltr'>fragmenta</span> <span class='ocrx_word' id='word_1_277' title='bbox 1010 3484 1069 3522; x_wconf 89' lang='lat' dir='ltr'>non</span> <span class='ocrx_word' id='word_1_278' title='bbox 1091 3465 1184 3522; x_wconf 87' lang='lat' dir='ltr'>multa</span> <span class='ocrx_word' id='word_1_279' title='bbox 1206 3473 1274 3522; x_wconf 87' lang='lat' dir='ltr'>sunt</span> <span class='ocrx_word' id='word_1_280' title='bbox 1301 3467 1390 3540; x_wconf 86' lang='lat' dir='ltr'>apud</span> 
     </span>
     <span class='ocr_line' id='line_1_34' title="bbox 303 3548 1056 3628; baseline -0.003 -20"><span class='ocrx_word' id='word_1_281' title='bbox 303 3549 444 3608; x_wconf 88' lang='lat' dir='ltr'>Bothium</span> <span class='ocrx_word' id='word_1_282' title='bbox 467 3569 495 3625; x_wconf 93' lang='lat' dir='ltr'>p.</span> <span class='ocrx_word' id='word_1_283' title='bbox 522 3551 580 3607; x_wconf 82' lang='grc'>146</span> <span class='ocrx_word' id='word_1_284' title='bbox 605 3548 699 3628; x_wconf 86' lang='lat' dir='ltr'>[apud</span> <span class='ocrx_word' id='word_1_285' title='bbox 721 3551 916 3609; x_wconf 86' lang='lat' dir='ltr'>Ribbeckium</span> <span class='ocrx_word' id='word_1_286' title='bbox 938 3572 967 3627; x_wconf 92' lang='lat' dir='ltr'>p.</span> <span class='ocrx_word' id='word_1_287' title='bbox 992 3549 1056 3628; x_wconf 88' lang='lat'>58].</span> 
     </span>
    </p>

    <p class='ocr_par' dir='ltr' id='par_1_7' title="bbox 301 3635 1390 4142">
     <span class='ocr_line' id='line_1_35' title="bbox 390 3635 1389 3712; baseline 0.001 -21"><span class='ocrx_word' id='word_1_288' title='bbox 390 3635 417 3691; x_wconf 79' lang='lat'>5.</span> <span class='ocrx_word' id='word_1_289' title='bbox 440 3637 467 3690; x_wconf 88' lang='lat' dir='ltr'><strong><em>A</em></strong></span> <span class='ocrx_word' id='word_1_290' title='bbox 489 3637 586 3710; x_wconf 80' lang='lat' dir='ltr'>quibus</span> <span class='ocrx_word' id='word_1_291' title='bbox 608 3635 724 3712; x_wconf 81' lang='lat' dir='ltr'>tautam)</span> <span class='ocrx_word' id='word_1_292' title='bbox 748 3637 871 3694; x_wconf 87' lang='lat' dir='ltr'>Rariore</span> <span class='ocrx_word' id='word_1_293' title='bbox 900 3637 1036 3712; x_wconf 82' lang='lat' dir='ltr'>exemplo</span> <span class='ocrx_word' id='word_1_294' title='bbox 1064 3646 1166 3693; x_wconf 83' lang='lat' dir='ltr'>tantam</span> <span class='ocrx_word' id='word_1_295' title='bbox 1188 3637 1315 3692; x_wconf 80' lang='lat' dir='ltr'>dissentio</span> <span class='ocrx_word' id='word_1_296' title='bbox 1338 3635 1389 3692; x_wconf 89' lang='lat' dir='ltr'>di·</span> 
     </span>
     <span class='ocr_line' id='line_1_36' title="bbox 302 3719 1389 3797; baseline 0.002 -21"><span class='ocrx_word' id='word_1_297' title='bbox 302 3720 378 3778; x_wconf 89' lang='lat' dir='ltr'>citur</span> <span class='ocrx_word' id='word_1_298' title='bbox 395 3739 448 3797; x_wconf 92' lang='lat' dir='ltr'>pro</span> <span class='ocrx_word' id='word_1_299' title='bbox 461 3731 534 3777; x_wconf 74' lang='lat' dir='ltr'>terito</span> <span class='ocrx_word' id='word_1_300' title='bbox 545 3741 631 3796; x_wconf 81' lang='lat' dir='ltr'>opere,</span> <span class='ocrx_word' id='word_1_301' title='bbox 651 3721 789 3796; x_wconf 88' lang='lat' dir='ltr'>quoniam</span> <span class='ocrx_word' id='word_1_302' title='bbox 801 3733 903 3780; x_wconf 76' lang='lat' dir='ltr'>tanaim</span> <span class='ocrx_word' id='word_1_303' title='bbox 914 3721 976 3780; x_wconf 84' lang='lat' dir='ltr'>fere</span> <span class='ocrx_word' id='word_1_304' title='bbox 988 3723 1025 3780; x_wconf 89' lang='lat' dir='ltr'>iis</span> <span class='ocrx_word' id='word_1_305' title='bbox 1038 3722 1124 3780; x_wconf 89' lang='lat' dir='ltr'>modo</span> <span class='ocrx_word' id='word_1_306' title='bbox 1137 3721 1235 3778; x_wconf 85' lang='lat' dir='ltr'>verbis</span> <span class='ocrx_word' id='word_1_307' title='bbox 1252 3719 1389 3791; x_wconf 79' lang='lat' dir='ltr'>additur,</span> 
     </span>
     <span class='ocr_line' id='line_1_37' title="bbox 301 3805 1390 3882; baseline 0.004 -21"><span class='ocrx_word' id='word_1_308' title='bbox 301 3805 331 3862; x_wconf 93' lang='lat' dir='ltr'>in</span> <span class='ocrx_word' id='word_1_309' title='bbox 355 3806 462 3880; x_wconf 86' lang='lat' dir='ltr'>quibus</span> <span class='ocrx_word' id='word_1_310' title='bbox 485 3807 578 3882; x_wconf 84' lang='lat' dir='ltr'>magis</span> <span class='ocrx_word' id='word_1_311' title='bbox 600 3825 654 3882; x_wconf 93' lang='lat' dir='ltr'>pro</span> <span class='ocrx_word' id='word_1_312' title='bbox 677 3808 862 3866; x_wconf 85' lang='lat' dir='ltr'>substantivo</span> <span class='ocrx_word' id='word_1_313' title='bbox 890 3827 1056 3866; x_wconf 86' lang='lat' dir='ltr'>mensuram</span> <span class='ocrx_word' id='word_1_314' title='bbox 1084 3808 1195 3864; x_wconf 87' lang='lat' dir='ltr'>indicet</span> <span class='ocrx_word' id='word_1_315' title='bbox 1216 3823 1303 3880; x_wconf 87' lang='lat' dir='ltr'>quam</span> <span class='ocrx_word' id='word_1_316' title='bbox 1327 3826 1390 3881; x_wconf 89' lang='lat' dir='ltr'>pro</span> 
     </span>
     <span class='ocr_line' id='line_1_38' title="bbox 303 3891 1389 3968; baseline 0.002 -21"><span class='ocrx_word' id='word_1_317' title='bbox 303 3891 445 3948; x_wconf 86' lang='lat' dir='ltr'>adverbio</span> <span class='ocrx_word' id='word_1_318' title='bbox 467 3892 606 3968; x_wconf 84' lang='lat' dir='ltr'>gradum,</span> <span class='ocrx_word' id='word_1_319' title='bbox 629 3901 662 3949; x_wconf 89' lang='lat' dir='ltr'>ut</span> <span class='ocrx_word' id='word_1_320' title='bbox 682 3911 747 3949; x_wconf 86' lang='lat' dir='ltr'>curn</span> <span class='ocrx_word' id='word_1_321' title='bbox 776 3904 875 3950; x_wconf 70' lang='lat' dir='ltr'>motion</span> <span class='ocrx_word' id='word_1_322' title='bbox 899 3895 1005 3964; x_wconf 81' lang='lat' dir='ltr'>obesse,</span> <span class='ocrx_word' id='word_1_323' title='bbox 1029 3903 1133 3950; x_wconf 74' lang='lat' dir='ltr'>torrtzca</span> <span class='ocrx_word' id='word_1_324' title='bbox 1151 3894 1281 3968; x_wconf 78' lang='lat' dir='ltr'>profi-cere</span> <span class='ocrx_word' id='word_1_325' title='bbox 1308 3891 1389 3949; x_wconf 89' lang='lat' dir='ltr'>dici·</span> 
     </span>
     <span class='ocr_line' id='line_1_39' title="bbox 303 3977 1389 4053; baseline 0.004 -21"><span class='ocrx_word' id='word_1_326' title='bbox 303 3985 366 4046; x_wconf 69' lang='lat' dir='ltr'>tur,</span> <span class='ocrx_word' id='word_1_327' title='bbox 389 3995 443 4034; x_wconf 92' lang='lat' dir='ltr'>nec</span> <span class='ocrx_word' id='word_1_328' title='bbox 471 3977 558 4053; x_wconf 85' lang='lat' dir='ltr'>longe</span> <span class='ocrx_word' id='word_1_329' title='bbox 581 3979 690 4035; x_wconf 83' lang='lat' dir='ltr'>abeunt</span> <span class='ocrx_word' id='word_1_330' title='bbox 712 3977 733 4034; x_wconf 91' lang='lat' dir='ltr'>ii</span> <span class='ocrx_word' id='word_1_331' title='bbox 761 3978 827 4050; x_wconf 88' lang='lat' dir='ltr'>loci,</span> <span class='ocrx_word' id='word_1_332' title='bbox 856 3979 887 4036; x_wconf 92' lang='lat' dir='ltr'>in</span> <span class='ocrx_word' id='word_1_333' title='bbox 910 3979 1016 4053; x_wconf 88' lang='lat' dir='ltr'>quibus</span> <span class='ocrx_word' id='word_1_334' title='bbox 1045 3979 1111 4036; x_wconf 88' lang='lat' dir='ltr'>aliis</span> <span class='ocrx_word' id='word_1_335' title='bbox 1140 3978 1258 4053; x_wconf 87' lang='lat' dir='ltr'>quidem</span> <span class='ocrx_word' id='word_1_336' title='bbox 1280 3977 1389 4036; x_wconf 84' lang='lat' dir='ltr'>verbis</span> 
     </span>
     <span class='ocr_line' id='line_1_40' title="bbox 302 4061 1389 4142; baseline 0.004 -25"><span class='ocrx_word' id='word_1_337' title='bbox 302 4061 433 4134; x_wconf 84' lang='lat' dir='ltr'>additur,</span> <span class='ocrx_word' id='word_1_338' title='bbox 457 4062 508 4119; x_wconf 88' lang='lat' dir='ltr'>sed</span> <span class='ocrx_word' id='word_1_339' title='bbox 531 4063 669 4121; x_wconf 82' lang='lat' dir='ltr'>adiuncto</span> <span class='ocrx_word' id='word_1_340' title='bbox 692 4075 829 4139; x_wconf 78' lang='lat' dir='ltr'>qzcootnm.</span> <span class='ocrx_word' id='word_1_341' title='bbox 881 4065 929 4142; x_wconf 80' lang='lat' dir='ltr'>(Si</span> <span class='ocrx_word' id='word_1_342' title='bbox 949 4083 990 4122; x_wconf 81' lang='lat' dir='ltr'>me</span> <span class='ocrx_word' id='word_1_343' title='bbox 1010 4083 1089 4122; x_wconf 82' lang='lat' dir='ltr'>omas</span> <span class='ocrx_word' id='word_1_344' title='bbox 1110 4073 1227 4133; x_wconf 66' lang='lat' dir='ltr'>totamm,</span> <span class='ocrx_word' id='word_1_345' title='bbox 1249 4073 1389 4137; x_wconf 76' lang='lat' dir='ltr'>puonbcm</span> 
     </span>
    </p>

    <p class='ocr_par' dir='ltr' id='par_1_8' title="bbox 245 4147 1388 4568">
     <span class='ocr_line' id='line_1_41' title="bbox 245 4147 1387 4226; baseline 0.005 -24"><span class='ocrx_word' id='word_1_346' title='bbox 245 4149 251 4156; x_wconf 86' lang='grc'><strong>“</strong></span> <span class='ocrx_word' id='word_1_347' title='bbox 297 4149 421 4223; x_wconf 80' lang='lat' dir='ltr'>profecto</span> <span class='ocrx_word' id='word_1_348' title='bbox 441 4167 527 4217; x_wconf 85' lang='lat' dir='ltr'>omos,</span> <span class='ocrx_word' id='word_1_349' title='bbox 551 4149 588 4206; x_wconf 88' lang='lat' dir='ltr'>ad</span> <span class='ocrx_word' id='word_1_350' title='bbox 605 4149 699 4207; x_wconf 81' lang='lat' dir='ltr'>Attio.</span> <span class='ocrx_word' id='word_1_351' title='bbox 711 4150 754 4220; x_wconf 86' lang='grc' dir='ltr'>Π,</span> <span class='ocrx_word' id='word_1_352' title='bbox 778 4151 827 4223; x_wconf 84' lang='lat'>20,</span> <span class='ocrx_word' id='word_1_353' title='bbox 842 4151 859 4207; x_wconf 83' lang='lat'>5</span> <span class='ocrx_word' id='word_1_354' title='bbox 873 4149 943 4226; x_wconf 87' lang='lat' dir='ltr'>eto.)</span> <span class='ocrx_word' id='word_1_355' title='bbox 976 4150 1067 4226; x_wconf 87' lang='lat' dir='ltr'>Apud</span> <span class='ocrx_word' id='word_1_356' title='bbox 1079 4149 1196 4207; x_wconf 88' lang='lat' dir='ltr'>Livium</span> <span class='ocrx_word' id='word_1_357' title='bbox 1208 4147 1387 4222; x_wconf 82' lang='lat' dir='ltr'>XXXVII,</span> 
     </span>
     <span class='ocr_line' id='line_1_42' title="bbox 303 4233 1388 4311; baseline 0.005 -24"><span class='ocrx_word' id='word_1_358' title='bbox 303 4233 352 4302; x_wconf 82' lang='lat' dir='ltr'>ot,</span> <span class='ocrx_word' id='word_1_359' title='bbox 369 4233 406 4288; x_wconf 77' lang='lat'>12</span> <span class='ocrx_word' id='word_1_360' title='bbox 420 4242 481 4289; x_wconf 86' lang='lat' dir='ltr'>est:</span> <span class='ocrx_word' id='word_1_361' title='bbox 503 4253 598 4291; x_wconf 70' lang='lat' dir='ltr'>nomam</span> <span class='ocrx_word' id='word_1_362' title='bbox 609 4236 661 4291; x_wconf 79' lang='lat' dir='ltr'>sibi</span> <span class='ocrx_word' id='word_1_363' title='bbox 673 4237 801 4292; x_wconf 80' lang='lat' dir='ltr'>bominem</span> <span class='ocrx_word' id='word_1_364' title='bbox 812 4246 916 4293; x_wconf 74' lang='lat' dir='ltr'>tarrtron</span> <span class='ocrx_word' id='word_1_365' title='bbox 921 4239 1068 4311; x_wconf 67' lang='lat' dir='ltr'>praeferri.</span> <span class='ocrx_word' id='word_1_366' title='bbox 1092 4235 1206 4292; x_wconf 89' lang='lat' dir='ltr'>Eodem</span> <span class='ocrx_word' id='word_1_367' title='bbox 1225 4234 1313 4290; x_wconf 89' lang='lat' dir='ltr'>modo</span> <span class='ocrx_word' id='word_1_368' title='bbox 1325 4253 1388 4292; x_wconf 84' lang='lat' dir='ltr'>nec</span> 
     </span>
     <span class='ocr_line' id='line_1_43' title="bbox 302 4316 1386 4393; baseline 0.005 -20"><span class='ocrx_word' id='word_1_369' title='bbox 302 4316 394 4374; x_wconf 87' lang='lat' dir='ltr'>multo</span> <span class='ocrx_word' id='word_1_370' title='bbox 423 4316 607 4392; x_wconf 83' lang='lat' dir='ltr'>frequentius</span> <span class='ocrx_word' id='word_1_371' title='bbox 634 4320 742 4378; x_wconf 85' lang='lat' dir='ltr'>dicitur</span> <span class='ocrx_word' id='word_1_372' title='bbox 771 4324 897 4384; x_wconf 69' lang='lat' dir='ltr'>meritam,</span> <span class='ocrx_word' id='word_1_373' title='bbox 919 4322 1003 4378; x_wconf 87' lang='lat' dir='ltr'>velut</span> <span class='ocrx_word' id='word_1_374' title='bbox 1029 4321 1067 4378; x_wconf 90' lang='lat' dir='ltr'>ad</span> <span class='ocrx_word' id='word_1_375' title='bbox 1088 4321 1182 4379; x_wconf 85' lang='lat' dir='ltr'>Attio.</span> <span class='ocrx_word' id='word_1_376' title='bbox 1205 4321 1292 4391; x_wconf 85' lang='lat' dir='ltr'>XIV,</span> <span class='ocrx_word' id='word_1_377' title='bbox 1330 4321 1386 4393; x_wconf 87' lang='lat'>13,</span> 
     </span>
     <span class='ocr_line' id='line_1_44' title="bbox 303 4403 1387 4482; baseline 0.006 -24"><span class='ocrx_word' id='word_1_378' title='bbox 303 4403 321 4458; x_wconf 83' lang='lat'><strong>3</strong></span> <span class='ocrx_word' id='word_1_379' title='bbox 355 4403 480 4480; x_wconf 83' lang='lat' dir='ltr'>(multam</span> <span class='ocrx_word' id='word_1_380' title='bbox 516 4424 557 4461; x_wconf 80' lang='lat' dir='ltr'>me</span> <span class='ocrx_word' id='word_1_381' title='bbox 590 4407 693 4463; x_wconf 76' lang='lat' dir='ltr'>litterae</span> <span class='ocrx_word' id='word_1_382' title='bbox 730 4410 912 4481; x_wconf 79' lang='lat' dir='ltr'>consolantur)</span> <span class='ocrx_word' id='word_1_383' title='bbox 952 4417 982 4463; x_wconf 92' lang='lat' dir='ltr'>et</span> <span class='ocrx_word' id='word_1_384' title='bbox 1019 4406 1098 4482; x_wconf 88' lang='lat' dir='ltr'>apud</span> <span class='ocrx_word' id='word_1_385' title='bbox 1131 4405 1289 4464; x_wconf 83' lang='lat' dir='ltr'>Caesarem</span> <span class='ocrx_word' id='word_1_386' title='bbox 1328 4426 1387 4464; x_wconf 84' lang='lat' dir='ltr'>non</span> 
     </span>
     <span class='ocr_line' id='line_1_45' title="bbox 301 4490 1388 4568; baseline 0.004 -23"><span class='ocrx_word' id='word_1_387' title='bbox 301 4491 412 4546; x_wconf 82' lang='lat' dir='ltr'>multum</span> <span class='ocrx_word' id='word_1_388' title='bbox 433 4490 565 4562; x_wconf 75' lang='lat' dir='ltr'>confidere</span> <span class='ocrx_word' id='word_1_389' title='bbox 597 4500 628 4548; x_wconf 90' lang='lat' dir='ltr'>et</span> <span class='ocrx_word' id='word_1_390' title='bbox 658 4491 737 4568; x_wconf 90' lang='lat' dir='ltr'>apud</span> <span class='ocrx_word' id='word_1_391' title='bbox 760 4491 929 4551; x_wconf 87' lang='lat' dir='ltr'>Cornelium</span> <span class='ocrx_word' id='word_1_392' title='bbox 952 4492 1150 4566; x_wconf 68' lang='lat' dir='ltr'>aliquotiens,</span> <span class='ocrx_word' id='word_1_393' title='bbox 1174 4492 1329 4568; x_wconf 85' lang='lat' dir='ltr'>(Plantam</span> <span class='ocrx_word' id='word_1_394' title='bbox 1353 4501 1388 4550; x_wconf 85' lang='lat' dir='ltr'>et</span> 
     </span>
    </p>
   </div>
   <div class='ocr_carea' id='block_1_5' title="bbox 0 0 1468 5012">
    <p class='ocr_par' dir='ltr' id='par_1_9' title="bbox 0 0 1468 5012">
     <span class='ocr_line' id='line_1_46' title="bbox 0 0 1468 5012; baseline 0 2"><span class='ocrx_word' id='word_1_395' title='bbox 0 0 1468 5012; x_wconf 95' lang='lat' dir='ltr'> </span> 
     </span>
    </p>
   </div>
  </div>
 </body>
</html>
