3000 5044
341 396 403 461 518
730 415 774 460 na
796 413 926 462 sturnus
949 413 1019 460 sou.

340 582 402 647 ista
423 581 595 664 popularia
640 583 690 648 25.
713 582 775 648 Sed
796 583 932 664 positum
953 583 994 648 sit
1016 583 1157 664 primurn,
1181 582 1402 662 nosmetipsos

342 685 572 750 commendatos
594 701 663 748 esse
685 684 773 749 nobis
795 685 989 768 primamque
1011 703 1048 750 ex
1071 683 1273 750 naturahanc
1293 683 1405 748 habere

342 786 571 868 appetitionem
593 791 629 850 ut
649 804 866 853 conservemus
889 793 1010 853 nosmet
1030 786 1125 868 ipsos.
1170 786 1236 850 Hoc
1251 785 1403 859 convenit:

342 888 481 970 sequitur
501 887 586 962 illud,
609 893 644 952 ut
664 889 961 968 animadvertamus,
995 889 1047 970 qui
1069 888 1166 952 simus
1187 887 1262 968 ipsi,
1284 893 1320 952 ut
1341 905 1404 953 nos

303 991 324 1056 5
342 990 449 1072 quales
471 996 596 1072 oportet
617 1008 694 1070 esse,
718 1008 887 1056 servemus.
931 991 1043 1056 Sumus
1070 991 1164 1072 igitur
1186 990 1340 1068 hominem
1372 1008 1405 1054 ar

341 1092 442 1158 animo
474 1101 650 1158 mustamns
684 1099 716 1158 ot
743 1111 887 1174 corpore,
921 1111 1001 1174 quae
1028 1101 1102 1157 sunt
1129 1093 1287 1156 cruusdam
1315 1091 1406 1168 modi

341 1213 459 1278 nosque
481 1199 612 1275 oportet,
635 1199 671 1258 ut
691 1195 793 1276 prime
814 1195 964 1276 appetitio
987 1194 1138 1260 naturalis
1159 1194 1310 1274 postulat,
1334 1195 1406 1258 haec

340 1296 467 1377 diligere
488 1296 737 1378 constituereque
759 1316 796 1361 ex
818 1295 866 1361 his
888 1295 981 1361 finem
1002 1297 1087 1360 illum
1105 1296 1215 1360 summi
1225 1296 1298 1361 boui
1315 1303 1406 1378 atque

340 1398 452 1478 ultimi3
475 1417 574 1480 quem,
597 1397 624 1464 si
645 1398 748 1479 prima
769 1417 844 1464 vern
866 1407 952 1478 sunt,
974 1398 1018 1463 ite
1039 1397 1183 1464 constitui
1206 1416 1331 1464 necesse
1354 1407 1406 1472 est

283 1503 447 1568 mearum
469 1519 583 1578 rerum,
605 1519 686 1582 quae
708 1501 771 1565 sint
792 1501 959 1566 seeundum
981 1507 1138 1578 naturam,
1162 1518 1255 1582 quem
1274 1499 1406 1580 plurima

340 1609 372 1667 et
393 1621 485 1686 quem
502 1602 635 1667 maxirna
651 1602 788 1684 adipisci.
833 1605 882 1668 26.
906 1602 996 1668 Hunc
1017 1603 1111 1684 igitur
1132 1601 1224 1667 finem
1245 1601 1288 1666 illi
1302 1611 1406 1668 tenue

341 1711 429 1784 runt,
452 1705 597 1786 quodque
619 1721 676 1786 ego
700 1704 839 1785 pluribus
863 1705 979 1783 verbis,
1007 1703 1051 1768 illi
1073 1705 1211 1782 brevius,
1239 1705 1407 1769 secundum

341 1813 482 1871 naturam
505 1807 618 1885 vivere,
641 1807 699 1872 hoo
720 1805 758 1870 iis
781 1807 931 1872 bonorum
954 1804 1118 1872 videbatur
1139 1814 1318 1870 extremum.

410 2033 430 2077 li
447 2029 547 2092 prinlum
564 2027 665 2091 positum
682 2029 713 2077 sit
731 2031 776 2090 (est
794 2027 822 2086 ct
841 2027 931 2078 LPcss
982 2032 1003 2077 7.
1029 2027 1121 2097 spetiem
1144 2026 1194 2094 llh]
1216 2027 1296 2092 petulco
1320 2026 1408 2078 Ll’css

336 2095 439 2164 poenitet
457 2099 474 2146 t
510 2101 532 2146 9.
552 2113 610 2146 uera
627 2096 674 2146 aim
692 2096 783 2148 LPCR
829 2101 866 2148 lo.
886 2113 948 2165 quae
965 2096 1059 2148 santC
1102 2114 1172 2160 quom
1188 2095 1292 2161 plurimo
1310 2122 1340 2133 -
1360 2097 1407 2144 dre-

338 2165 390 2215 m'us
407 2165 504 2218 secund.
523 2173 571 2212 nat.
590 2181 638 2214 om.
658 2167 677 2215 E
721 2181 791 2228 quom
809 2165 913 2214 maxima
931 2173 952 2214 et
970 2181 1040 2228 ᾳιιαιιι
1056 2163 1160 2230 plurima
1179 2168 1198 2214 t:
1243 2169 1280 2214 ¹8.
1298 2165 1336 2216 nis
1354 2176 1407 2230 ipro

340 2233 381 2298 iit)
401 2235 421 2283 Ρ
439 2234 474 2284 ius
494 2233 590 2283 Cillis
610 2235 693 2284 ELOr.
733 2233 842 2283 videntur
860 2249 946 2284 ornnes
968 2233 1059 2284 vellatur
1077 2233 1120 2284 Or.

427 2407 475 2464 25.
494 2411 610 2482 positum
633 2410 669 2464 sit
686 2405 817 2486 pm'rnam)
850 2408 938 2465 Hunc
967 2408 1098 2465 ordinem
1117 2406 1210 2465 Gaius
1233 2425 1249 2464 e
1271 2417 1409 2480 quattuor

341 2492 401 2550 suis
423 2488 477 2573 [B]
499 2493 635 2550 restituit.
663 2493 758 2550 Paulo
780 2501 848 2568 post
869 2504 931 2550 arant
952 2495 1090 2550 cniusdam
1113 2495 1193 2560 tnodi,
1215 2493 1246 2550 id
1268 2503 1327 2562 est,
1351 2511 1408 2549 cer·

340 2587 387 2636 tae
416 2578 566 2636 cuiusdam
595 2587 731 2650 naturae,
765 2597 852 2654 quarn
881 2579 1049 2636 conservari
1077 2579 1174 2648 decet3
1208 2579 1266 2635 vid.
1283 2579 1342 2638 Ill.
1362 2578 1408 2642 23,

339 2664 377 2733 V,
403 2664 451 2720 36.
496 2659 583 2743 [Μοιι
601 2667 694 2739 petitio
716 2665 804 2721 etiam
826 2665 861 2721 Β.
906 2663 1045 2723 Correxit
1066 2659 1186 2743 Aldus]

425 2752 450 2806 ai
466 2753 558 2824 prima
581 2769 642 2806 nera
664 2748 739 2826 sunt)
763 2749 813 2808 Sic
835 2749 923 2806 etiam
942 2749 1020 2826 Spir.
1042 2747 1107 2828 [B]‚
1131 2750 1247 2806 Monac.
1271 2749 1410 2806 restituit·

340 2853 396 2910 que
420 2834 607 2903 Schuetzius3
630 2834 683 2892 cfr.
706 2835 743 2892 ed
765 2835 805 2897 ΙΙ.
820 2836 869 2892 86.
892 2835 968 2892 Τιιιιι
992 2855 1062 2909 petae
1082 2839 1135 2892 sint
1156 2834 1311 2912 (prosunt)
1336 2835 1409 2892 Dav.

301 2929 304 2944 '
340 2939 356 2977 e
378 2920 453 2976 Pell.
477 2929 507 2976 et
528 2920 589 2976 suis
611 2916 722 2999 (Εξχψ,
747 2920 815 2979 Gzii
838 2921 982 2985 omnibus,
1006 2917 1083 3000 [Bp.

426 3006 475 3062 26.
498 3008 622 3080 quodque
644 3025 751 3079 σφι-η
775 3008 823 3071 lou
845 3009 878 3063 iio
900 3039 941 3047 ——
965 3003 1116 3083 uidebatur)
1139 3005 1271 3063 Verbum
1294 3005 1325 3061 in
1348 3023 1409 3062 sen·

339 3091 432 3148 tentia
453 3091 579 3148 relative
600 3088 661 3171 (epo
678 3093 805 3167 pleribus
827 3093 913 3148 verbis
934 3093 1002 3164 dim,
1025 3094 1065 3149 dli
1085 3101 1173 3148 autem
1190 3085 1408 3164 medandicum)

339 3177 441 3234 eodem
465 3177 551 3234 modo
573 3178 719 3235 omittitur
741 3182 755 3247 ξ
779 3179 797 3235 7
822 3174 894 3257 (Isto
917 3181 987 3252 ι’ρειι,
1010 3178 1243 3252 quaetuhreviter
1259 3171 1339 3256 eet).
1363 3175 1409 3234 Sic

339 3271 436 3318 autem
460 3262 581 3318 distinxi
604 3281 669 3319 cum
692 3263 907 3334 Man.‚Lamb.‚
931 3263 1011 3332 aliis,
1035 3271 1068 3318 ut
1089 3263 1162 3319 haee
1184 3262 1297 3318 omnia:
1332 3262 1409 3318 Ηιιιιι

339 3351 420 3421 ι’φίιιι·
434 3349 517 3420 ¹tinem
539 3350 580 3404 illi
600 3356 654 3404 cet.
678 3367 771 3423 usqne
794 3349 830 3405 ad
853 3359 997 3405 entrevnum
1014 3349 1044 3404 in
1056 3366 1143 3404 unam
1157 3348 1331 3404 sententiam
1345 3365 1410 3403 oon·

338 3433 438 3489 iuncta
449 3433 597 3490 contraris
607 3443 755 3509 ponantur
764 3433 810 3504 its,
834 3453 909 3508 quae
922 3435 957 3490 de
974 3432 1082 3493 Stoicis
1092 3433 1223 3490 dicturus
1236 3443 1290 3489 est.
1313 3433 1409 3508 Vulgo

339 3519 381 3576 sio
403 3519 476 3574 haec
499 3518 695 3594 distingvunt:
718 3521 843 3594 qrtodqne
865 3539 911 3592 epo
935 3551 972 3562 -
998 3522 1089 3575 mucre.
1119 3520 1179 3576 Hoc
1201 3519 1243 3574 lis
1266 3517 1409 3598 (sicenim

339 3600 449 3682 editur)
473 3605 597 3660 botrorum
620 3606 724 3661 videtur
746 3615 906 3676 extremum,
940 3613 973 3661 ut
995 3605 1067 3661 haee
1090 3613 1222 3660 extrema
1244 3603 1410 3660 verbaora·

339 3690 448 3746 tionem
460 3689 544 3763 quasi
556 3689 697 3766 colligant
708 3700 738 3747 et
748 3691 893 3748 claudant.
922 3689 980 3749 Sed
993 3709 1028 3747 ea
1039 3690 1084 3748 vis
1096 3689 1154 3746 iam
1171 3690 1248 3746 inest
1260 3689 1290 3746 in
1302 3687 1409 3766 superi·

339 3774 439 3832 oribus
453 3773 548 3852 (Hunc
565 3777 647 3848 ipitur
655 3777 739 3848 sinon
757 3771 836 3855 oet).
872 3777 999 3833 Videatur
1018 3775 1105 3832 ctiam
1124 3775 1186 3832 nod.
1202 3775 1288 3844 Mon,
1312 3791 1411 3832 omnes

340 3858 418 3930 Gaii,
442 3855 483 3929 ξ,
507 3858 562 3938 [Β]
585 3859 786 3936 editionesquo
809 3871 877 3919 ante
899 3861 1027 3932 Allium,
1051 3861 1101 3935 qui
1124 3863 1229 3917 uidetur
1252 3859 1409 3922 substituit

339 3946 419 4019 quod
430 3946 520 4003 ceteri
532 3954 689 4004 tenuerunt
710 3956 812 4020 estque
835 3947 865 4003 in
877 3967 933 4026 mg.
948 3945 1027 4006 Crat.
1073 3944 1132 4005 Sed
1159 3945 1267 4002 rectius
1290 3947 1411 4002 Wssem

340 4030 458 4107 bergius
480 4033 634 4102 videbatur,
662 4051 716 4108 pro
739 4051 797 4106 quo
820 4042 851 4088 st
872 4032 944 4089 alibi
966 4033 1088 4089 trideatnr
1110 4031 1293 4106 srrppositnm
1318 4041 1364 4087 est
1385 4037 1411 4085 ct

340 4115 430 4192 Legg.
453 4117 511 4185 111,
527 4117 575 4188 18,
598 4117 648 4175 ubi
670 4116 781 4176 frustra
802 4117 940 4174 mendum
962 4116 1138 4188 defenditur,
1162 4117 1357 4190 similiterque
1369 4117 1410 4172 de·

341 4201 415 4258 deam
437 4221 491 4278 pro
503 4203 628 4259 dedebam
650 4201 695 4280 [et
712 4203 832 4278 suprad
856 4204 951 4260 labent
963 4223 1015 4278 pro
1029 4200 1163 4280 tradebat}
1187 4202 1319 4278 Tempus
1332 4199 1412 4258 verbi
1483 4199 1484 4235 l

341 4295 409 4362 epte
431 4287 591 4364 signifieat,
619 4288 714 4362 qualis
737 4287 940 4364 philosophiae
969 4297 1062 4346 status
1084 4287 1173 4345 fuerit
1195 4297 1263 4344 ante
1287 4287 1412 4345 Zenonis
1483 4267 1484 4326 l

342 4373 608 4443 commutationem,
638 4383 774 4448 reeteque
802 4373 832 4431 in
861 4373 915 4430 hoc
944 4383 1022 4431 stetu
1045 4373 1236 4450 significando
1258 4373 1411 4448 imperiec-
