3034 5030
446 411 489 455 nn
513 409 593 456 nnn.
616 409 679 455 nm.
696 409 730 454 nr
755 410 827 456 cnr.
847 413 939 456 e-ro.
1168 395 1231 460 999

149 575 349 642 definitiones
371 577 500 658 paulum
521 577 732 658 oppidointer
744 597 778 642 se
789 577 945 656 diiieumt,
964 585 995 644 et
1008 585 1111 644 tumen
1123 581 1231 644 eedem

150 685 304 760 spectent
350 679 417 760 Ego
440 678 596 744 assentior
617 679 763 761 Diogeni,
796 681 850 761 qui
876 680 992 746 bouum
1014 680 1169 746 definierit
1189 681 1231 762 id,

148 782 454 862 quodeesetnetura
475 780 659 845 absolutum.
692 782 730 846 Id
752 791 856 847 autem
879 800 1013 864 sequens
1035 782 1111 846 illud
1129 784 1231 864 etiam,

148 883 235 964 quod
256 883 423 962 prodesset
444 875 601 962 (ὠφέλημα
623 883 704 946 enim
733 884 777 948 sic
793 884 1010 966 appellemus),
1037 891 1155 949 motum
1177 895 1233 951 aut

223 1109 242 1151 l.
264 1101 344 1168 [opido
363 1101 401 1168 A]
467 1109 490 1151 2.
514 1119 568 1170 erqo
591 1101 613 1151 E
681 1107 703 1152 ³.
726 1101 796 1170 [esset
814 1113 915 1152 enatura
933 1101 968 1170 A]
994 1121 1045 1153 eure
1067 1122 1084 1152 a
1102 1115 1191 1155 natura
1210 1107 1231 1155 E

148 1179 171 1220 4,
193 1171 296 1236 opidum
317 1169 454 1238 [AENJPM
473 1171 569 1236 opheleo
588 1170 608 1222 C
627 1169 724 1236 opddou
744 1173 766 1221 R
783 1171 967 1236 (topddemema,
988 1187 1036 1222 om.
1056 1173 1123 1233 euim,
1144 1175 1200 1238 Em)

148 1369 293 1477 (ἀγαθὸν
306 1368 342 1434 τὸ
364 1365 402 1433 m’
421 1367 494 1434 αὐτὸ
518 1363 667 1474 αἱρετόνῆ
682 1397 717 1436 το
707 1363 1011 1454 συλλαμβανομενον
1039 1368 1114 1454 πρὸς
1136 1371 1230 1436 suidas·

147 1481 257 1538 portus
275 1483 293 1537 η
315 1453 350 1518 τό
371 1451 845 1539 συμπληρωτικόνεῦδαιμονιᾞας)
867 1462 921 1518 nlla
932 1471 1040 1535 autem
1064 1483 1140 1538 quoe
1152 1465 1232 1540 opud

148 1548 276 1605 eundem
305 1549 428 1608 Sextum
462 1555 617 1622 praeterea
648 1555 774 1622 utroque
807 1549 873 1606 loeo
905 1547 1073 1622 explicatur
1106 1550 1231 1627 (Hypot

147 1635 208 1704 III,
225 1635 294 1701 171,
312 1633 378 1690 adv.
390 1631 459 1690 Eth.
473 1632 510 1688 31
526 1632 603 1709 sqq.)
632 1651 766 1707 quaeque
783 1633 872 1690 etiem
890 1633 969 1708 apud
985 1634 1151 1710 Diogenem
1179 1635 1231 1692 illo

147 1719 216 1778 loeo
238 1727 268 1774 et
290 1718 369 1795 apud
392 1717 553 1776 Stobeeum
576 1717 654 1793 (Eoi.
676 1717 745 1774 Eth.
767 1737 796 1793 p.
816 1718 870 1794 96)
893 1729 1149 1791 commemoretur,
1172 1739 1230 1776 non

149 1805 222 1862 boni
244 1803 378 1861 definitio
400 1811 459 1873 est,
494 1803 546 1860 sed
567 1821 667 1860 rernm
689 1803 832 1861 bonerum
855 1804 1039 1864 enumeratio
1061 1814 1092 1861 et
1114 1805 1230 1876 divisio,

147 1909 226 1964 quse
248 1890 309 1946 ulie
329 1888 426 1948 formu
448 1887 607 1963 exponitur
628 1889 707 1963 epnd
730 1887 903 1948 Ciceronem
927 1889 1004 1957 §.tu
1037 1889 1230 1964 Itequequue

147 1976 210 2032 vim
233 1984 264 2031 et
286 1984 421 2031 naturam
433 1973 563 2030 notionis
579 1973 702 2049 propius
724 1973 870 2050 attingere
887 1983 1019 2046 conetur,
1041 1983 1075 2032 nt
1086 1975 1231 2052 Diogenis

147 2059 325 2135 Babylonii,
348 2079 437 2134 quem
461 2057 535 2117 Ceto
557 2059 656 2133 ponit,
679 2077 739 2116 une
760 2069 916 2134 praeterea
937 2068 1086 2134 superest,
1109 2060 1229 2136 paulum

148 2146 260 2222 oppido
284 2143 422 2202 differens
445 2161 499 2200 neo
521 2152 618 2200 temen
642 2143 690 2220 (nt
710 2163 729 2200 e
751 2145 900 2202 nonnullis
923 2143 1113 2242 dieivideo)
1117 2145 1229 2216 eedem,

147 2232 229 2306 apud
251 2231 341 2325 Diog.
364 2231 462 2287 Laert
485 2229 504 2285 l.
527 2245 552 2285 c.
579 2219 615 2284 τὸ
639 2219 759 2304 dyuedu
781 2247 817 2284 το
807 2219 948 2286 τέλειον
970 2220 1048 2286 κατὰ
1072 2245 1161 2302 φυσιν
1183 2227 1229 2285 io·
1260 2247 1262 2252 ·

147 2313 232 2390 γικοῦ
254 2305 294 2380 ὡς
316 2311 442 2389 λογικοῦ.

234 2403 349 2476 paulum
359 2401 459 2474 oppido
480 2401 548 2455 iuter
564 2417 593 2454 se
603 2400 632 2455 d
623 2401 740 2473 fferuat,
764 2409 788 2455 et
810 2396 911 2477 tamea)
933 2399 1061 2458 Davisie
1072 2409 1160 2456 tamea
1172 2418 1230 2457 non

149 2493 231 2542 reete
253 2485 384 2561 positum
406 2484 576 2554 videbatur,
600 2484 693 2558 qnod,
716 2502 782 2540 eum
805 2484 863 2540 iem
887 2484 979 2540 verba
996 2487 1112 2559 paulum
1132 2487 1232 2560 oppido

149 2571 192 2626 ed
213 2570 401 2628 minuendum
423 2567 607 2626 differentiae
629 2569 689 2626 vim
702 2569 893 2644 pertinerent,
916 2588 975 2626 non
993 2579 1071 2626 esset
1082 2570 1150 2626 huic
1162 2587 1231 2627 eon·

149 2655 275 2712 tran-ium
298 2655 372 2713 illud
394 2657 483 2712 eodem
505 2664 633 2730 spectant.
678 2655 804 2711 Praesto
833 2663 878 2711 est
900 2653 1008 2725 Gaius,
1043 2654 1094 2729 qui
1122 2665 1230 2726 narret,

143 2743 264 2817 paulum
291 2743 391 2817 oppido
418 2759 482 2798 esse
510 2744 552 2796 eiu
578 2743 663 2814 wenip
690 2741 767 2808 eelim
801 2739 943 2796 hebemus
970 2739 1061 2816 igitur
1088 2739 1231 2799 Catonem

148 2826 323 2884 irridentem
346 2844 485 2902 magnum
509 2825 675 2884 Stoicorum
704 2825 734 2882 in
763 2825 841 2882 bono
864 2824 1029 2882 definiendo
1051 2825 1231 2895 dissensum3

147 2911 240 2969 aliter
261 2912 339 2968 enim
360 2911 434 2968 illud
455 2909 588 2987 intellegi
610 2929 669 2974 non
691 2917 797 2986 potest
842 2909 1110 2985 Comparateutem
1129 2930 1232 2986 parum

147 2998 307 3068 admodum,
326 3016 414 3071 paruo
435 2998 581 3054 admodum
604 2998 709 3070 plures,
733 3015 855 3070 quorum
879 2995 953 3052 illud
969 3013 1056 3056 nemo
1067 2995 1153 3066 dixit,
1176 2996 1232 3053 hoc

149 3083 256 3140 Livius
279 3083 333 3160 (X,
358 3082 409 3152 45,
436 3080 488 3156 11)
510 3080 658 3138 contrario
681 3081 854 3157 significatu.
901 3079 961 3140 Sed
977 3081 1052 3138 bene
1068 3081 1231 3150 reshubet3

147 3185 248 3241 neque
270 3169 368 3242 oppido
390 3169 499 3242 differre
516 3166 670 3240 quiequam
689 3166 765 3224 dixit
786 3185 881 3240 neque
888 3169 1003 3240 paulum
1015 3166 1129 3222 addidit
1145 3165 1231 3222 alteri

147 3252 294 3310 adverbio
316 3252 425 3329 gradus
448 3252 606 3310 definiendi
628 3269 726 3323 cenea,
749 3251 915 3326 diciturque
933 3254 1048 3326 paulum
1069 3253 1176 3326 oppido,
1200 3261 1233 3307 ut

139 3341 235 3416 pauci
253 3340 413 3407 admodum,
442 3340 553 3394 multum
574 3337 734 3408 admodum,
769 3337 825 3392 hoe
852 3345 911 3407 est,
944 3339 1090 3394 admodum
1112 3339 1231 3393 muitum.

145 3423 370 3482 Tantummodo
392 3422 468 3481 Ceto
491 3422 636 3479 brevitate
658 3422 785 3496 quadem
808 3421 895 3478 simul
917 3430 948 3478 et
958 3421 1153 3480 differentiam
1167 3439 1232 3478 esse

145 3507 299 3584 significat
320 3509 446 3584 (paulum
468 3505 618 3582 deserunt),
642 3507 680 3564 ed
702 3525 790 3581 quem
812 3507 1056 3582 significationem
1074 3514 1175 3581 aptum
1188 3514 1233 3562 est

145 3595 203 3652 sed
222 3593 307 3650 initio
330 3594 474 3669 positum,
508 3600 538 3650 et
567 3593 674 3650 minuit
696 3588 810 3671 (oppido
826 3588 972 3670 paulum);
1006 3592 1107 3667 itaque
1130 3609 1231 3649 vocem

145 3691 240 3756 tamen
262 3697 321 3736 non
344 3680 382 3736 ed
404 3678 632 3754 hoepoeteriue:
655 3680 754 3753 oppido
766 3680 881 3752 paulum
891 3677 1014 3748 rettulit,
1038 3677 1090 3735 sed
1101 3677 1138 3733 ud
1149 3677 1232 3752 prius

145 3765 241 3823 illud:
263 3767 312 3822 sed
332 3797 374 3806 -
397 3766 532 3839 differunt.
582 3763 657 3820 Mox
684 3763 889 3820 coniunctivus
917 3765 1048 3836 definierit
1075 3757 1144 3841 (pro
1173 3780 1231 3836 qno

144 3851 224 3910 Em.
248 3868 263 3906 e
286 3850 362 3907 Dev.
387 3850 571 3907 coniectura:
594 3847 708 3924 definiit)
730 3848 849 3904 videtur
871 3849 1018 3906 causalem
1042 3847 1232 3923 significatio-

145 3955 218 3994 nem
231 3935 350 4005 habere,
368 3942 507 3992 ettamen
520 3934 769 4003 obscurissimam,
792 3933 843 3990 vix
855 3943 889 3990 ut
899 3942 1056 4010 appaream
1079 3951 1147 3988 num
1164 3949 1231 3988 cum

145 4039 212 4079 non
224 4021 405 4090 ostendetur,
429 4039 488 4095 quo
510 4019 583 4077 haee
605 4019 737 4078 definitio
760 4026 873 4076 eeteros
896 4019 1009 4088 vincat,
1032 4017 1153 4075 minime
1175 4017 1231 4072 hoo

144 4105 248 4166 simile
271 4113 326 4174 eet,
349 4113 382 4162 ut
403 4105 459 4163 hou
481 4115 558 4175 uter,
582 4105 618 4174 ei,
642 4105 721 4179 quod
743 4106 775 4161 Π
786 4105 881 4161 Aoad.
896 4105 935 4160 32
948 4104 1069 4161 dicitur:
1093 4103 1232 4160 Naturam

143 4210 260 4260 mamea,
285 4210 355 4265 quae
376 4195 403 4247 m
421 4192 563 4266 profundo
584 4193 720 4248 vamtatem
742 4191 911 4247 uberrimi.

237 4277 274 4334 Id
295 4287 384 4334 autem
404 4295 518 4351 eoquens
539 4277 609 4332 illud
629 4278 718 4342 etiam,
741 4277 816 4349 quod
837 4272 908 4352 cet.)
930 4273 1063 4348 Sequens
1080 4273 1231 4349 Diogenes

143 4365 226 4422 nane
248 4361 451 4420 definitionem
473 4371 504 4418 et
513 4362 544 4418 in
557 4377 593 4418 ee
603 4369 748 4436 perstans,
771 4378 838 4418 eum
849 4361 959 4417 bonum
970 4358 1122 4416 definisset
1133 4368 1231 4414 namra
