2944 5040
336 396 400 460 810
757 411 929 458 excussus
949 412 991 456 m.
1060 375 1061 380 ἵ

337 587 453 660 quidem,
476 587 525 642 sed
546 605 597 642 aaa
619 585 672 642 abii
693 587 854 660 laparionem,
878 604 924 643 uec
946 584 998 642 obii
1018 587 1133 660 quidm,
1156 589 1205 644 sed
1226 607 1278 644 narr
1284 589 1404 662 perstas
1466 627 1467 664 ;

340 671 473 728 Thebanis
496 661 563 747 (οὐκ
592 661 673 726 sistor
700 660 753 744 pir
775 667 886 740 ταῦτα,
911 661 963 726 οὐκ
986 662 1106 747 ἔγραψα
1128 661 1159 727 di
1180 693 1206 728 a.
1228 691 1254 729 τ.
1272 669 1330 748 L),
1361 671 1402 728 ubi

335 765 468 833 apparet,
492 763 522 814 et
542 775 593 812 non
615 763 645 810 et
666 774 713 814 saec
734 773 794 814 non
817 755 854 812 ad
865 757 925 814 diri
940 759 1047 830 quidem
1070 765 1100 812 et
1110 759 1209 832 scripsi
1218 759 1338 832 quidem,
1359 755 1402 813 sed

335 843 373 900 ad
395 849 472 900 totas
494 841 547 898 has
560 839 779 915 complexiones
797 841 968 898 verborum:
991 843 1051 898 diri
1060 843 1177 916 paridem,
1189 845 1240 901 sed
1249 863 1302 900 non
1315 845 1404 917 earini

334 937 364 986 et
375 930 472 1002 serpsi
482 927 596 1001 quiden,
610 927 658 983 sed
668 946 720 984 non
730 928 783 984 obii
792 928 944 1001 [spadonem
956 927 1112 1002 pertinere,
1121 947 1197 1002 quae
1208 936 1242 986 ut
1248 927 1344 986 falsae
1355 926 1403 984 tol-

333 1013 441 1071 lnntur.
454 1011 482 1087 ¹)
495 1012 581 1070 Alter
593 1019 638 1069 eet
648 1012 730 1070 locus
743 1011 894 1071 Ciceronis
906 1011 936 1069 in
948 1011 1188 1088 ep.edFam.Vl‚
1200 1015 1228 1086 6,
1243 1016 1271 1082 2,
1279 1013 1334 1072 ubi
1344 1031 1402 1069 cum

334 1099 377 1156 sic
388 1098 515 1156 scribere
528 1098 662 1154 deberet:
684 1097 808 1154 Animum
823 1109 895 1156 ticina
906 1100 1115 1172 corfirmaadam
1123 1099 1205 1174 pata,
1228 1110 1258 1157 et.
1274 1102 1335 1174 qai
1339 1101 1359 1156 d
1364 1119 1401 1156 em

333 1188 377 1242 iis
398 1184 522 1254 verbis,
545 1184 642 1258 quibus
665 1193 689 1241 te
710 1187 829 1241 consoler
850 1204 914 1240 non
936 1195 970 1240 ut
991 1187 1121 1258 afflictum
1138 1219 1179 1226 —
1201 1187 1262 1242 sed
1283 1195 1318 1242 at
1340 1203 1401 1240 enm

333 1279 398 1340 cet,
422 1269 518 1326 minus
540 1268 697 1346 diligenter
718 1270 902 1346 negationem
924 1269 1074 1327 transtulit
1096 1270 1286 1346 scripsitque:
1313 1289 1360 1328 ries
1373 1271 1401 1324 iis

332 1357 440 1430 quidem
461 1355 561 1423 verbim
584 1363 615 1412 et
636 1363 733 1412 tamen
756 1355 797 1412 sic
820 1373 935 1430 quoque
958 1355 1094 1412 usitatius
1106 1356 1243 1413 dixisset:
1265 1368 1290 1413 et
1300 1357 1400 1431 qualine

332 1461 383 1498 aaa
410 1443 442 1497 iia
470 1441 564 1496 verbm.
618 1437 716 1518 [Haec
742 1449 840 1498 antem
864 1441 1026 1517 negationis
1048 1441 1107 1498 alio
1128 1441 1302 1517 pertinentis
1324 1441 1400 1498 edet

332 1527 440 1602 quiden
456 1524 609 1582 translatio
626 1526 671 1582 bis
682 1535 835 1602 praeterea
850 1527 929 1602 apud
935 1525 1106 1585 Ciceronem
1128 1525 1283 1602 reperitur,
1300 1527 1337 1584 de
1352 1525 1399 1583 Di-

333 1611 542 1682 vin.11‚150:
565 1612 721 1687 philosophi
741 1632 787 1670 aec
809 1615 829 1670 ii
849 1614 957 1687 quidem
967 1615 1188 1687 coratemptisrimr',
1212 1613 1330 1684 hocest,
1352 1613 1400 1668 etii

332 1699 440 1772 quidem
461 1717 512 1753 non
534 1706 681 1772 corrumpi..
705 1705 735 1754 et
757 1698 796 1754 ad
807 1699 871 1754 Att.
883 1699 954 1765 v11,
968 1699 996 1768 5,
1010 1700 1038 1768 5,
1061 1697 1112 1754 ubi
1134 1717 1180 1756 aec
1199 1703 1278 1774 priua
1299 1698 1398 1774 quidem

333 1792 378 1840 est
400 1793 424 1840 at
445 1784 615 1856 quidemnon
623 1781 727 1860 priua]
760 1785 843 1840 Haec
856 1783 944 1860 igitur
956 1785 1143 1860 seiungamus
1166 1795 1196 1842 et
1218 1785 1305 1854 adid,
1326 1779 1396 1858 quod

334 1881 411 1926 nune
433 1868 539 1944 agitur,
563 1867 819 1947 convertamur.²)

417 1953 475 2011 Nec
497 1989 538 1996 —
560 1955 667 2028 quidem
688 1951 781 2010 ferme
804 1955 834 2010 in
847 1954 1042 2012 deterioribus
1059 1963 1088 2010 et
1099 1955 1308 2013 recentioribus
1319 1951 1394 2011 libris

332 2039 487 2115 reperitur,
510 2058 587 2110 raro,
611 2049 643 2096 ut
665 2039 744 2114 apud
766 2039 982 2113 Quintilianum
1003 2041 1044 2112 X,
1060 2043 1086 2110 1,
1101 2040 1140 2096 33
1163 2049 1193 2096 et
1204 2041 1244 2110 X,
1259 2041 1286 2112 7,
1300 2041 1345 2106 32,
1368 2037 1393 2092 in

332 2125 461 2200 antiquis
484 2133 513 2182 et
535 2124 634 2194 bonis3
662 2125 718 2181 etsi
740 2125 917 2198 Quintiliani
938 2125 1052 2200 antiqui
1074 2125 1190 2182 codices
1211 2122 1393 2202 neglegentis·
1466 2123 1467 2154 ³

332 2211 404 2268 sime
427 2210 528 2285 scripti
551 2219 619 2266 sunt
641 2219 670 2268 et
692 2210 915 2285 corruptissimi,
938 2220 1051 2268 tantum
1074 2211 1298 2287 interpolatione
1309 2207 1392 2266 vacui·

331 2295 423 2372 Apud
445 2295 615 2354 Ciceronem
644 2305 761 2370 praeter
783 2295 847 2354 Cat.
865 2297 935 2354 Mai.
955 2297 993 2354 27
1017 2297 1089 2374 (Nee
1111 2317 1179 2354 trane
1206 2294 1322 2375 qm'damJ
1347 2293 1390 2350 rix

332 2381 410 2438 ullus
433 2389 477 2437 est
499 2380 594 2450 locus,
628 2381 680 2438 ubi
707 2381 839 2456 primarii
861 2381 990 2453 codices,
1025 2381 1126 2456 quales
1148 2391 1200 2440 aut
1221 2377 1390 2458 palimpsesti

332 2475 400 2524 sunt
421 2475 473 2522 aut
493 2465 646 2522 Parisinus
658 2467 892 2524 Tusculanarum
919 2477 970 2524 aut
992 2467 1155 2525 Vaticanus
1171 2467 1390 2544 Philippicarum

332 2551 442 2626 aliique
454 2549 573 2622 similes,
597 2551 626 2607 id
638 2560 789 2622 tueantur,
812 2552 870 2610 nisi
891 2551 966 2610 forte
990 2573 1026 2610 ex
1049 2554 1241 2628 subsequenti
1263 2571 1330 2610 voce
1348 2549 1389 2606 lit·

332 2647 395 2694 tera
416 2657 431 2694 e
453 2636 595 2707 adhaesit,
619 2637 696 2710 quod
719 2638 757 2695 N.
770 2639 807 2694 D.
821 2638 878 2709 111,
893 2639 931 2695 23
954 2639 984 2696 in
1007 2639 1178 2697 melioribus
1195 2657 1310 2714 quoque
1322 2635 1388 2694 cedi·

332 2723 414 2782 cibus
427 2722 547 2791 accidit3
566 2729 678 2779 tantum
691 2723 820 2798 Philipp.
832 2724 890 2792 111,
905 2725 922 2780 3
935 2725 1044 2799 duplex
1056 2744 1102 2782 nec
1113 2725 1291 2800 praecedens
1301 2719 1388 2801 genuit

332 2827 378 2866 trec
404 2839 438 2852 -
464 2809 571 2882 quidem
598 2807 686 2864 etiam
714 2809 745 2866 iu
772 2810 918 2866 Vaticano
951 2809 1101 2888 codice.³)
1145 2811 1180 2868 ln
1210 2809 1387 2868 deterioribus

330 2894 414 2952 libris
437 2893 491 2950 hoc
513 2893 587 2950 adeo
609 2911 666 2950 non
690 2905 853 2966 rarumest,
876 2905 917 2964 ut,
941 2896 967 2953 si
988 2895 1296 2972 editoresdiligentius
1310 2893 1388 2966 scrip-

362 3200 381 3261 ¹)
400 3199 483 3248 Aliter
501 3198 625 3252 Graecam
643 3201 750 3252 sormam
769 3199 871 3250 reddare
890 3209 996 3248 conatur
1014 3200 1121 3264 scriptor
1135 3201 1168 3248 ad
1178 3199 1287 3248 Harena.
1296 3195 1339 3254 1v,
1348 3199 1389 3268 tt:¹

399 3265 457 3318 Non
478 3271 544 3318 sanai
558 3271 602 3320 hac
619 3279 641 3320 et
658 3287 703 3320 nor
720 3269 794 3330 rausi
813 3283 886 3330 neque
903 3267 971 3316 avari
987 3277 1008 3318 et
1026 3285 1072 3317 aon
1089 3268 1139 3332 ipse
1152 3269 1321 3332 madefacere
1334 3279 1387 3326 aequ

399 3345 445 3388 cet.
482 3337 548 3389 ἰθύν.
568 3335 693 3411 pdddnqv
712 3337 768 3400 uie,
793 3331 839 3388 edu
862 3328 937 3388 alnov
955 3335 995 3398 di,
1019 3332 1084 3388 auidi
1103 3329 1178 3388 eleros
1194 3334 1258 3409 μέν,
1280 3332 1384 3405 erpa'mu

400 3401 430 3456 di
451 3401 496 3456 οὐκ
517 3399 656 3483 ἠρξάυηνῇ,
676 3399 734 3457 ite'nt
753 3409 805 3471 ipse
824 3405 913 3456 Cicero
931 3406 962 3454 de
979 3406 1067 3458 Diria.
1085 3405 1119 3466 11,
1134 3410 1194 3466 102;
1220 3420 1276 3454 nam
1295 3401 1387 3478 quadis

400 3475 472 3524 dicit:
492 3473 549 3525 Non
566 3467 620 3526 erint
637 3475 664 3525 di
679 3493 721 3526 aec
739 3474 873 3540 spadicam
881 3475 981 3536 satura,
1000 3473 1104 3524 Graecis
1123 3474 1181 3524 erit:
1202 3471 1257 3524 ota
1279 3474 1327 3523 siai
1346 3487 1386 3542 μιν

401 3542 473 3598 θεοί.
494 3540 525 3595 au'
544 3548 704 3616 aquatione
722 3541 753 3596 di
772 3541 802 3595 sci
822 3537 947 3594 iedusua.

360 3613 381 3675 ²)
399 3611 468 3662 Nihil
487 3613 520 3661 ad
537 3605 603 3663 heire
621 3614 793 3677 quaestionem
811 3601 941 3676 pertinere,
962 3612 982 3661 ri
1000 3611 1166 3660 insectantis
1185 3627 1201 3660 a
1219 3627 1261 3660 aec
1273 3605 1385 3672 incipienti

399 3687 488 3744 postea
507 3695 558 3730 una
577 3682 663 3745 aliqua
681 3697 732 3731 vox
750 3681 886 3745 separatim
905 3680 993 3730 addito
1010 3679 1110 3744 quidam,
1130 3681 1212 3736 idest,
1230 3679 1386 3728 selinunte·
1463 3693 1464 3702 ¹

400 3757 448 3808 tur,
467 3750 549 3799 minus
568 3751 704 3815 peritorum
722 3765 800 3801 causa
819 3750 883 3800 dico.
1375 3811 1378 3818 .

361 3819 383 3882 ²)
402 3817 432 3866 In
451 3817 557 3868 Catonis
574 3819 632 3870 loco
651 3819 763 3868 dubitari
782 3819 890 3884 saepius,
910 3833 942 3866 sn
960 3825 985 3866 et
1002 3834 1030 3865 ue
1051 3845 1080 3854 -
1100 3815 1191 3880 quiden
1211 3825 1235 3865 et
1252 3833 1293 3865 aec
1307 3829 1385 3876 -quc

399 3884 451 3935 dem
468 3902 557 3951 param
576 3898 642 3938 recte
661 3889 791 3938 diceretur.
819 3887 894 3948 Nam,
914 3885 1224 3950 utrumcumqnepcnitur‚
1243 3886 1384 3934 videurvor

399 3971 459 4004 nane
477 3956 512 4004 ita
530 3957 621 4016 nemu,
640 3959 713 4021 qnasi
731 3957 779 4006 hoc
798 3963 895 4021 tempus
914 3955 1172 4014 aliicontrariumeit,
1191 3949 1384 4018 quodanncsto

399 4025 613 4085 commemoraris
633 4041 717 4075 rernm
737 4026 757 4074 is
775 4026 866 4074 mansit
884 4025 916 4074 sd
934 4039 1026 4074 novam
1040 4024 1174 4073 senectutis
1186 4021 1383 4088 reprehensionem

399 4092 545 4152 tollendam,
566 4095 647 4144 uteie
665 4095 749 4160 petius
768 4093 901 4143 dicendum
919 4093 1035 4142 rideatur
1056 4090 1146 4142 inisse:
1173 4089 1214 4141 Ne
1232 4091 1291 4141 aare
1308 4085 1383 4152 qur'dffl

399 4169 446 4211 cet.
483 4161 527 4212 Sin
547 4171 630 4212 autem
654 4163 839 4225 intellegemus,
866 4170 895 4210 at
916 4161 942 4210 in
965 4161 1014 4211 hac
1036 4162 1160 4225 scriptura
1188 4161 1314 4211 debemus:
1340 4150 1383 4216 „Ne

399 4247 459 4280 nunc
477 4230 577 4294 qudem,
597 4247 654 4281 cum
672 4233 705 4281 ad
723 4233 837 4280 ultimam
853 4241 876 4279 et
887 4231 1081 4280 infirmissimam
1090 4237 1188 4294 partem
1199 4227 1328 4279 senectutis
1336 4237 1382 4288 pro·

399 4313 498 4362 messus
516 4305 597 4360 sum“,
616 4301 690 4350 nimis
708 4303 812 4365 abrupte
831 4299 879 4350 hoc
898 4300 984 4350 lnlerri
1002 4300 1101 4348 videtur
1118 4299 1249 4364 necplane
1263 4295 1381 4364 pcnplffl‘·

400 4367 453 4430 (Ad
472 4384 509 4430 ea,
528 4383 593 4433 quse
602 4378 748 4434 sequuntur,
768 4368 853 4418 referri
872 4386 900 4418 ne
919 4397 949 4406 -
969 4367 1060 4432 qaedam
1078 4382 1124 4418 sue
1142 4377 1234 4418 nutura
1250 4367 1381 4430 nonpomt
