2938 5020
349 405 409 472 138
733 427 777 472 ne
800 427 930 474 smmus
954 428 1023 474 sos.

345 592 464 673 dicere,
498 611 560 674 qun
588 596 627 659 de
660 615 695 660 re
727 595 798 676 quis
832 595 924 661 vellet
952 597 1069 663 audire.
1115 599 1225 662 Audax
1248 599 1406 680 negotium

346 695 480 760 dicerem
511 697 689 778 impudens,
723 698 782 764 nisi
810 699 868 764 hoc
894 699 1068 764 institutum
1096 707 1206 780 postea
1234 701 1406 765 translatum

346 799 387 862 ad
410 809 534 863 nostros
555 798 757 881 philosophos
780 809 871 866 esset.
916 803 945 866 2.
979 803 1040 867 Sed
1063 809 1094 866 et
1120 803 1220 882 illum,
1249 822 1337 885 quem
1357 821 1407 865 no-

347 900 474 980 minavi,
502 908 534 965 et
555 909 674 966 ceteros
697 903 869 983 sophistas,
904 911 938 969 ut
959 923 976 970 e
998 904 1128 970 Platone
1149 905 1284 988 intellegi
1306 913 1409 992 potest,

308 1003 431 1068 blusos
453 1004 594 1067 videmus
616 1023 636 1068 a
658 1003 793 1069 Socrate.
849 1007 880 1070 Is
909 1007 990 1072 enim
1017 1009 1227 1088 percontando
1256 1017 1346 1090 atque
1366 1007 1409 1071 in·

346 1107 534 1186 terrogando
556 1105 667 1171 elicere
689 1107 808 1172 solebat
829 1129 936 1174 eorum
958 1109 1128 1190 opiniones,
1150 1111 1329 1191 quibuscum
1349 1110 1409 1174 dis-

346 1207 478 1286 serebat,
500 1215 536 1272 ut
556 1209 597 1272 ad
620 1229 666 1288 ea,
688 1229 769 1292 quae
790 1211 812 1274 ii
834 1212 1083 1292 respondissent,
1106 1212 1133 1276 si
1155 1213 1229 1294 quid
1252 1213 1410 1286 rideretur,

346 1310 470 1375 diceret.
515 1312 575 1388 Qui
602 1331 669 1378 mos
697 1332 766 1377 cum
794 1331 813 1378 a
834 1312 1060 1395 posterioribus
1082 1334 1143 1379 non
1166 1321 1250 1379 esset
1271 1321 1411 1382 retentus.

347 1413 501 1478 Arcesilas
524 1432 594 1478 eum
616 1415 774 1479 revocavit
794 1415 1004 1496 instituitque,
1037 1422 1072 1480 ut
1097 1417 1134 1496 ii,
1167 1417 1220 1498 qui
1247 1437 1282 1481 se
1308 1416 1411 1482 audire

289 1515 329 1580 10
347 1515 469 1595 vellent,
492 1535 553 1581 non
576 1517 616 1582 de
638 1535 672 1582 sc
694 1525 891 1599 quaererent,
914 1519 970 1582 scd
992 1518 1052 1599 ipsi
1074 1519 1227 1597 dicerent,
1250 1519 1323 1601 quid
1344 1537 1411 1582 sen·

418 1707 438 1753 1,
457 1703 593 1768 qut'squeL
650 1709 672 1753 3.
693 1705 844 1770 philosophos
875 1717 968 1756 nostros
993 1704 1204 1774 [AJLPnlcttot.
1232 1707 1292 1774 [esse
1310 1705 1353 1773 ΔΙ]
1392 1711 1411 1754 5.

348 1771 530 1838 [ρσωηααηάυ
541 1772 585 1843 Αἱ]
625 1777 647 1822 l.
662 1773 940 1824 adnmbPllCROr.
967 1773 993 1822 ln'
1000 1773 1089 1826 citor.
1105 1773 1161 1894 Jdir‘
1174 1773 1209 1844 A]
1254 1773 1412 1825 &daemoniis

346 1843 472 1892 aemil
508 1847 530 1894 9.
562 1843 616 1910 [que
639 1857 687 1893 om.
706 1843 756 1911 En]
798 1841 834 1910 [ll
849 1841 883 1910 Α]
922 1843 1041 1894 anda'n'll
1063 1843 1104 1910 [au
1123 1845 1152 1893 ite
1171 1844 1217 1912 ΑΙ]
1258 1849 1296 1894 ll).
1318 1843 1411 1892 noradun

350 1910 365 1972 (
365 1925 410 1975 pro
428 1927 473 1961 tlon
490 1909 529 1975 de)
549 1913 569 1962 Ιι
588 1910 689 1976 quodid

431 2089 461 2143 iti
487 2097 539 2147 est.
574 2088 661 2143 indere
692 2090 779 2144 dicere
808 2119 848 2128 -
875 2087 984 2163 terrane)
1018 2089 1162 2164 Suspecta
1194 2087 1267 2144 haec
1300 2088 1412 2144 Bremia

345 2183 439 2241 erant,
462 2173 540 2247 quod
553 2173 704 2247 Torquato
724 2183 754 2228 et
770 2172 888 2230 Triario
911 2173 966 2229 hoc
989 2174 1131 2249 explicari
1154 2192 1229 2248 opus
1252 2193 1309 2228 uon
1331 2185 1413 2228 esset.

346 2257 405 2318 Sed
427 2258 491 2333 ipse
513 2257 603 2328 addit,
627 2259 705 2332 quod
728 2259 765 2315 ad
788 2257 988 2316 defensionem
1011 2259 1082 2316 satis
1105 2267 1163 2325 est,
1187 2257 1370 2317 Ciceronem.
1392 2257 1413 2312 si

346 2343 418 2400 haec
442 2343 607 2420 scripserit,
642 2344 783 2401 lectormn
807 2344 906 2419 potius
929 2363 1017 2419 quern
1040 2363 1155 2413 eorum,
1190 2345 1362 2420 quibuscum
1386 2363 1412 2398 se

346 2429 473 2504 colloqui
497 2429 595 2506 fingat,
619 2431 762 2488 rationem
786 2429 938 2500 habuisse;
961 2429 1020 2487 vid.
1037 2431 1075 2488 ad
1097 2431 1122 2499 I,
1149 2431 1195 2494 ΓΙ.
1234 2431 1412 2499 (lteoestlnnnn

342 2534 452 2590 poscere
474 2516 602 2572 nondum
625 2516 704 2592 apud
727 2515 848 2572 Latinos
872 2527 980 2572 certam
1009 2525 1039 2572 et
1067 2525 1166 2573 notam
1189 2535 1251 2572 rem
1274 2515 1415 2592 significa-

345 2601 404 2657 bat
459 2602 536 2658 Tum
560 2601 639 2660 Oxx.
663 2597 706 2670 Εξ
728 2600 807 2678 (edd.
832 2601 908 2658 l'iot.
932 2612 961 2658 et
992 2603 1107 2676 Larnb.)
1141 2603 1254 2658 eliceretis
1287 2612 1311 2657 et
1332 2604 1414 2675 iuqrn·

345 2688 426 2756 derrs;
449 2685 553 2744 Cicero
576 2687 705 2756 dubitet,
729 2696 826 2744 utrum
850 2706 956 2743 nornen
979 2688 1083 2763 eligat,
1113 2706 1169 2744 non
1194 2687 1231 2743 de
1253 2686 1346 2743 altero
1369 2685 1414 2742 ad·

345 2772 493 2848 iungendo
516 2773 607 2848 (etium
631 2773 717 2848 unp).

430 2859 469 2914 acl
495 2869 598 2914 nostros
616 2857 804 2956 philosophos)
838 2859 868 2914 in
903 2858 1010 2915 scholis
1044 2859 1255 2932 posteriorum,
1290 2875 1328 2914 ex
1361 2875 1413 2930 quo

345 2953 491 3018 ternpore,
526 2944 654 3000 omnium
683 2944 828 3019 dogmatis
856 2943 914 3000 iam
944 2944 1124 3014 constitutis,
1159 2961 1225 3000 curn
1259 2941 1412 3017 quaerendi

346 3028 473 3086 studium
497 3029 676 3101 exaruisset,
699 3029 850 3086 iactabant
871 3049 902 3085 se
925 3030 1058 3086 homines
1080 3028 1110 3086 in
1133 3028 1237 3086 iisdem
1266 3027 1413 3085 sententiis

345 3115 473 3172 oratorie
496 3115 674 3172 exornandis
697 3124 725 3172 et
749 3114 778 3170 in
802 3125 944 3190 perpetua
960 3115 1195 3172 adversariorum
1216 3114 1413 3171 insectatione.

344 3210 377 3257 ut
400 3200 492 3260 Stoici
520 3201 550 3258 in
572 3200 794 3277 Epicureorum.
839 3201 1010 3257 Academici
1044 3209 1141 3256 autern
1170 3200 1339 3257 versatilem
1372 3218 1413 3254 ar·

345 3297 403 3342 tem
426 3287 548 3344 eandem
571 3307 632 3344 rem
655 3286 829 3343 defendendi
853 3294 882 3342 et
904 3285 1058 3343 refellendi
1080 3295 1168 3360 atque
1196 3297 1298 3342 contra
1321 3285 1413 3341 omniu

344 3370 512 3448 disputandi
523 3372 679 3429 addebant.
706 3373 746 3430 Et
762 3371 957 3429 Academicos
968 3372 1126 3448 praecipue
1144 3370 1248 3430 Cicero
1265 3371 1414 3446 significat.

343 3458 448 3532 Itaque
461 3469 573 3529 nostros,
596 3459 674 3533 quod
697 3461 734 3516 ad
751 3467 860 3515 sectam
878 3457 1014 3532 pertinet,
1038 3456 1209 3533 praeposui;
1232 3457 1323 3514 ceteri
1347 3455 1413 3512 nibil

344 3543 466 3600 ecodd.
489 3552 639 3601 annotant
684 3543 750 3621 [Sic
773 3543 861 3600 etiam
882 3540 934 3621 Β.]

431 3630 458 3685 2.
502 3631 541 3686 od
562 3649 601 3692 etr,
625 3649 694 3704 qnne
716 3628 748 3705 ir)
772 3629 862 3694 Bene,
886 3629 964 3702 quod
981 3628 1042 3685 Eri.
1060 3647 1162 3684 verum
1185 3635 1284 3684 tuetur
1306 3625 1351 3704 [et
1364 3625 1413 3704 A].

344 3716 471 3772 maxime
494 3715 524 3771 in
546 3715 599 3772 illo
622 3733 705 3781 casu,
737 3715 787 3789 qui
810 3713 959 3772 difficilius
983 3723 1113 3772 mutatur
1134 3707 1208 3793 (en),
1243 3722 1347 3770 contra
1370 3713 1413 3768 de-

344 3801 484 3858 teriorum
519 3819 707 3870 consensuum
741 3819 809 3856 nam
838 3803 902 3856 boec
929 3833 971 3841 —
999 3801 1028 3856 ΙΙ
1059 3799 1235 3876 pravissima
1267 3807 1412 3874 tamquam

343 3887 541 3962 praesentium
554 3887 811 3957 demonstratione,
824 3906 840 3942 e
852 3885 1022 3943 Davisienis
1034 3886 1117 3942 Parr.
1131 3895 1198 3956 tres,
1211 3883 1297 3954 CCC,
1309 3884 1413 3942 Mead..

343 3971 419 4029 Ball.
443 3971 535 4049 (Oxx.
553 3967 638 4050 Εξχ),
662 3972 730 4031 Gzii
753 3981 900 4046 quattuor.

429 4059 566 4114 Arcesilas
588 4077 645 4114 enni
668 4057 813 4133 rerceooit)
845 4057 979 4115 Instituit.
1002 4075 1074 4124 non,
1106 4056 1176 4131 quid
1198 4055 1261 4130 ipse
1285 4057 1413 4112 sentiret.

344 4143 394 4198 sed
418 4152 520 4200 eontra
541 4142 581 4214 id,
605 4145 683 4219 quod
706 4145 829 4218 quisque
852 4162 884 4200 se
906 4143 1014 4198 sentire
1033 4141 1166 4212 dixisset,
1189 4142 1341 4216 disputare
1359 4141 1412 4212 (ΙΙΙ

343 4228 379 4283 de
403 4227 485 4287 Orat.
510 4226 573 4307 67).
624 4228 770 4288 Credebat
793 4228 880 4291 enirn,
909 4227 1037 4296 Platoni,
1066 4247 1152 4302 quern
1182 4226 1264 4300 sequi
1288 4227 1412 4283 volebat.

344 4331 486 4371 summam
509 4314 715 4390 disputationis
737 4313 829 4372 finisse
851 4313 880 4370 in
904 4313 954 4384 iis,
978 4333 1053 4388 quae
1076 4323 1179 4370 contra
1200 4312 1274 4369 alios
1297 4311 1405 4369 diceret
