3000 5044
314 381 379 449 546
701 401 746 448 nn
768 399 900 448 surmus
922 400 994 446 uon.

313 571 370 635 sed
392 587 430 636 ea
451 568 618 652 seiungunt
638 589 657 634 a
678 567 791 635 tinibus
818 576 851 636 et
877 587 997 635 summa
1018 569 1183 648 bonorum3
1216 587 1298 651 quae
1318 587 1387 634 eum

312 677 520 754 praeponunt,
543 680 579 737 ut
599 671 641 737 sit
661 673 766 754 aliqua
788 690 893 737 rerum
916 672 1054 750 selectio,
1076 679 1221 736 naturam
1243 673 1390 736 videntur

314 775 416 856 sequi;
445 793 513 838 cum
541 779 645 840 autem
667 779 782 856 negant
814 792 852 838 ea
878 774 996 855 quidqu
1080 774 1120 838 ad
1148 774 1273 838 beatam
1293 774 1388 839 uitam

313 877 479 958 pertinere,
502 895 613 942 rursus
635 881 780 942 naturam
801 877 989 958 relinquunt
1029 877 1080 940 44.
1103 877 1206 958 Atque
1228 877 1329 941 adbuc
1349 895 1390 941 ea

276 979 378 1046 bdixi
399 977 420 1060 †
441 997 536 1044 causa
557 997 613 1044 our
633 979 750 1044 Zenoni
773 977 965 1058 nonfuisset,
987 978 1187 1060 quamobrem
1209 979 1388 1060 asuperio-

313 1100 383 1146 rum
404 1081 588 1146 auctoritate
609 1082 796 1160 diseederet3
819 1099 902 1146 nunu
922 1081 1043 1163 reliqua
1060 1081 1229 1160 videamus,
1252 1081 1311 1146 uisi
1333 1089 1390 1144 aut

313 1185 353 1249 ad
380 1183 471 1262 haee,
499 1183 590 1261 Cato,
628 1183 732 1249 dicere
758 1182 876 1265 aliquid
902 1183 950 1248 vis
976 1189 1033 1249 aut
1059 1201 1116 1248 uos
1143 1183 1204 1246 iam
1232 1183 1389 1265 longiores

383 1411 404 1456 l.
422 1414 444 1457 et
462 1423 479 1456 a
495 1422 586 1455 mmmo
604 1363 737 1458 Lt’cudr.
774 1411 798 1460 2.
813 1413 950 1470 proponunt
968 1403 1120 1472 [Eb]LPCR
1155 1410 1177 1454 8.
1199 1403 1320 1470 [qur'cquid
1338 1404 1386 1472 Eb]

312 1482 340 1593 ‹i'
355 1483 432 1594 ⁶2an
443 1475 529 1526 luel]
565 1479 587 1524 5.
607 1491 657 1524 cum
676 1475 802 1540 (procur)
820 1475 842 1523 lt
860 1491 902 1524 car
920 1473 963 1524 Or.
983 1475 1037 1524 sine
1053 1482 1116 1523 nota
1133 1475 1217 1523 mendi
1255 1477 1276 1522 7.
1296 1471 1391 1537 oli'pmli

329 1561 390 1594 rcere

313 1716 407 1776 Gaius
426 1716 533 1776 eGud.
547 1718 565 1774 2
578 1718 701 1786 atBas.;
724 1725 957 1792 eratpropnnont.
989 1715 1074 1773 Idem
1095 1735 1178 1774 error
1200 1717 1331 1783 eratIII,
1350 1717 1388 1774 15

312 1812 342 1861 et
365 1805 405 1861 53
427 1803 458 1860 in
480 1803 545 1880 ipso
568 1803 685 1860 nomine
692 1805 916 1878 praepositorum.
939 1801 980 1880 [A
991 1810 1059 1878 post
1074 1812 1100 1858 et
1115 1801 1225 1859 omittit
1235 1802 1322 1859 stiam
1334 1799 1390 1880 Β.]

399 1890 449 1946 44.
471 1890 584 1947 audiri
604 1892 621 1962 †
643 1907 727 1945 eausa
749 1907 798 1945 our
819 1889 922 1946 Zenoni
941 1907 993 1944 non
1014 1885 1128 1962 suisset)
1160 1888 1260 1946 Aliter
1281 1887 1390 1947 Cieem

313 1975 440 2052 scripsit.
452 1975 584 2032 Primum
593 1993 642 2031 eor
652 1974 799 2050 particula
809 1973 970 2032 insolenter
979 1973 1152 2049 pronomini¹
1159 1993 1190 2030 ea
1196 1992 1251 2049 pro
1262 1974 1391 2032 relativo

313 2062 470 2130 subicitur3
493 2069 527 2117 nt
547 2059 625 2117 euim
648 2079 685 2116 ex
709 2079 753 2128 eo,
777 2060 855 2134 quod
878 2058 998 2116 dieitur:
1021 2061 1105 2114 mtdta
1126 2061 1192 2126 diri,
1216 2059 1391 2133 quamobrem

313 2166 364 2203 non
381 2157 487 2222 posset,
522 2164 580 2204 non
610 2146 757 2220 sequitur,
785 2153 818 2202 ut
839 2145 928 2201 etiam
950 2145 1006 2202 hoe
1029 2153 1141 2201 rentum
1169 2143 1221 2202 sit:
1255 2146 1327 2202 dixit
1348 2165 1390 2211 eo,

314 2233 498 2307 quomobrem,
533 2230 634 2288 eadem
663 2231 750 2288 buius
777 2230 859 2288 vocis
887 2229 963 2288 ratio
986 2238 1045 2300 est,
1068 2237 1101 2286 nt
1123 2229 1234 2305 optime
1256 2229 1391 2287 dicatur:

313 2327 469 2390 arpremento
491 2319 588 2391 affero,
611 2335 660 2374 cur
682 2325 747 2388 eet,
771 2316 822 2373 vix
845 2325 943 2373 autem
966 2314 1149 2392 probandum
1171 2315 1324 2372 videatur:
1347 2337 1390 2387 eo,

314 2421 372 2473 cerr,
394 2402 450 2459 hoe
463 2411 517 2473 est,
540 2421 580 2468 eo,
599 2411 713 2478 propter
734 2421 812 2476 qaae.
841 2399 958 2479 [ipsum
980 2421 1013 2458 eo
1034 2400 1085 2457 vix
1107 2400 1198 2457 ullam
1221 2401 1330 2476 recipit
1351 2421 1391 2458 ex

313 2487 458 2545 brevitate
475 2488 703 2559 exeusationem,
726 2487 810 2562 quasi
832 2488 905 2544 haee
928 2487 966 2544 sit
987 2486 1146 2545 sententia:
1174 2505 1206 2543 aa
1228 2489 1294 2555 deiri,
1320 2506 1393 2566 qnae

313 2571 477 2651 ostendunt]
523 2573 560 2630 Et
577 2573 725 2630 soloeeum
748 2582 793 2631 est
808 2575 909 2648 suisset
930 2591 984 2648 pro
1000 2574 1096 2646 suerit,
1120 2572 1260 2647 quoniam
1282 2571 1392 2630 Oiemo

314 2659 344 2716 in
367 2659 458 2716 verbo
487 2660 546 2716 diei
572 2677 630 2715 non
658 2659 888 2735 disputationem
915 2659 974 2715 alio
1002 2667 1134 2733 tempore
1162 2675 1181 2714 a
1202 2675 1234 2715 se
1257 2657 1392 2715 habitam

314 2745 497 2802 demonstrat
524 2762 633 2818 neque,
667 2762 725 2819 quo
754 2743 878 2802 oonsilio
898 2743 1051 2818 superiora
1073 2742 1198 2812 dixerit,
1232 2743 1391 2820 signifieat,

315 2829 366 2887 sed
389 2829 469 2900 eius,
503 2847 590 2904 qnam
613 2847 690 2886 nune
718 2830 814 2905 ipsum
838 2829 981 2900 absolvit,
1012 2828 1221 2905 disputationis
1244 2847 1392 2886 summam

314 2914 435 2991 colligit
470 2915 547 2972 Tum
565 2915 721 2972 verborum
737 2915 784 2971 hie
796 2915 868 2972 ordo
884 2913 981 2992 (caasa
1008 2914 1071 2989 cur)
1098 2915 1129 2971 in
1147 2914 1294 2971 sententia
1315 2933 1392 2990 pen·

314 3000 393 3058 denti
411 3019 506 3074 nsque
518 2999 728 3060 Ciceronianus
751 3009 796 3058 est
806 3019 902 3074 neque
914 3000 1033 3058 omnino
1045 3017 1150 3076 prosae
1162 2999 1314 3070 orationis,
1334 3001 1393 3058 etsi

313 3103 391 3143 uuna
415 3095 491 3156 sunt,
514 3086 565 3160 qni
586 3085 629 3142 ita
640 3086 790 3162 praeclare
803 3085 860 3143 diei
872 3093 985 3163 putent.
1025 3083 1122 3164 (Infra
1134 3089 1148 3155 ξ
1161 3087 1200 3142 46
1214 3085 1256 3142 sie
1269 3086 1393 3161 ponitur

314 3171 477 3229 subiectum
505 3191 594 3228 eorum
621 3174 709 3228 omnia
735 3174 838 3245 offitia,
873 3179 906 3228 ut
934 3171 964 3228 in
989 3189 1024 3228 eo
1052 3170 1147 3229 oratio
1174 3171 1394 3248 aliquantisper

314 3257 464 3327 subsistat,
487 3256 592 3315 deinde
615 3267 724 3314 certam
747 3256 985 3333 interrogationis
1007 3255 1132 3314 formam
1155 3254 1314 3335 ostendat)
1353 3258 1393 3314 Et

313 3351 410 3400 tamen
428 3343 506 3399 hnne
523 3343 655 3400 ordinem
678 3361 778 3400 omnes
791 3342 906 3400 codices
929 3339 1065 3420 (Gruteri
1088 3351 1118 3399 et
1134 3340 1217 3417 Gaii)
1234 3351 1265 3398 et
1276 3343 1391 3418 primae

313 3428 457 3485 editiones
473 3428 597 3496 babent,
620 3446 669 3484 our
684 3447 776 3498 eausa,
796 3428 874 3502 quod
892 3428 1034 3484 edebatur
1049 3435 1117 3484 ante
1135 3426 1252 3496 Gaium,
1276 3427 1392 3504 primus

312 3513 474 3570 Ascensins
485 3511 599 3591 (1511)
617 3513 750 3588 posuisse
769 3513 893 3570 videtur.
917 3514 1073 3571 Postremo
1091 3513 1180 3570 etiam
1192 3511 1270 3588 Spin.
1284 3511 1342 3591 [B]
1361 3523 1393 3570 et

314 3597 392 3656 Gnd.
417 3599 450 3670 2,
479 3598 590 3668 idest,
624 3597 729 3656 melior
755 3597 868 3656 familia
902 3599 991 3655 babet
1024 3617 1109 3656 causo
1135 3617 1208 3667 eom,
1242 3617 1302 3655 non
1329 3618 1392 3656 eur.

314 3679 407 3761 [Hine
430 3683 499 3741 olim
522 3681 692 3740 effeceram:
714 3683 824 3740 eausam
847 3686 951 3742 Ζιηοηί
970 3703 1021 3741 non
1037 3687 1135 3759 juisse,
1159 3683 1393 3758 quodBaiterus

314 3777 430 3826 secutus
458 3777 511 3826 est
561 3769 621 3829 Sed
647 3769 824 3844 relinquitur
850 3769 1089 3827 molestissimum
1118 3769 1190 3826 illud
1218 3788 1259 3826 ea.
1308 3767 1393 3828 sen·-

314 3855 439 3912 bendum
462 3855 593 3912 videtur:
615 3855 705 3929 Atque
715 3857 806 3912 adine
817 3875 874 3912 eam
886 3857 947 3912 dai
965 3874 1076 3913 eausam
1093 3853 1126 3934 (i.
1138 3874 1173 3926 a,
1191 3873 1256 3912 eam
1268 3871 1392 3914 eausam

314 3939 370 4016 egi,
394 3940 436 3998 sie
458 3939 615 4016 disputavi,
638 3949 671 3997 ut
693 3939 901 4016 ostenderem),
924 3942 1027 3998 Zmoni
1046 3961 1097 3997 non
1113 3943 1212 4016 fnisse,
1233 3959 1283 3997 eor
1305 3939 1376 4019 -.]

398 4029 452 4082 nisi
470 4028 579 4083 autad
600 4025 677 4101 daeo)
704 4021 748 4094 Εξ
769 4029 823 4082 nisi
840 4035 871 4084 tu
893 4027 932 4083 ad
953 4027 1032 4096 Ῐιαθες
1066 4025 1159 4085 Gaius
1181 4026 1309 4083 mavult:
1335 4030 1395 4084 nim‘

313 4121 361 4166 ont
382 4121 419 4181 to,
443 4121 476 4167 nt
497 4111 644 4168 contraria
666 4111 725 4168 sint
746 4121 795 4168 aot
816 4121 844 4168 tu
867 4121 965 4168 etant
986 4131 1042 4169 nos.
1070 4114 1183 4169 Verum
1204 4129 1393 4188 nosnonpro

313 4213 359 4268 epo
381 4197 508 4271 positum
531 4205 590 4269 est,
613 4195 664 4254 sed
687 4194 792 4255 Cicero
815 4205 898 4254 etse
920 4205 950 4254 et
972 4196 1114 4256 Catonem
1137 4197 1393 4273 comprehendens

313 4280 369 4338 hoe
391 4281 476 4338 dicit:
509 4291 561 4340 aut
587 4282 644 4339 nisi
672 4282 719 4338 hie
741 4291 842 4340 noster
864 4301 959 4341 sermo
986 4282 1045 4340 iarn
1072 4283 1189 4360 longior
1214 4281 1311 4340 faetus
1334 4294 1393 4341 est.
1497 4343 1498 4360 2

312 4367 423 4440 Atque
435 4367 478 4423 ita
500 4367 614 4438 Cicero,
637 4385 703 4424 enm
725 4368 761 4424 de
784 4367 991 4443 disputationis
1014 4377 1044 4425 et
1065 4369 1207 4426 sermonis
1228 4387 1393 4445 progressu
1497 4367 1498 4438 Ϊ
