2928 5012
359 383 465 451 XXVI
800 407 995 454 amaranto.

357 575 750 658 utruminbocgenerean
767 573 978 656 inillomixto,
1000 578 1041 642 de
1062 577 1244 658 quodieem,
1266 577 1447 656 ponendu

357 683 413 762 sit3
435 683 549 749 inclino
560 691 663 748 tamen
675 684 706 748 in
718 683 923 764 posteriorem
935 685 1127 750 sententiam.
1140 690 1169 766 1)
1204 685 1280 768 [Sed
1292 683 1323 766 ²)
1336 702 1447 766 quar

357 791 514 857 meborem
537 792 661 874 appello
671 790 827 871 familiam,
849 792 1049 858 eiuscodices
1066 793 1447 858 hocbabeutcommunr

357 901 441 984 quod
463 899 577 966 codicis
599 900 759 981 archetypi
788 899 976 982 scripturam
1004 920 1066 967 non
1093 901 1136 966 illi
1158 902 1283 983 quidem
1306 899 1385 964 sibe
1419 900 1447 964 li

356 1009 532 1076 brariorum
554 1026 671 1087 errore,
694 1009 751 1074 sed
773 1007 839 1074 sine
861 1008 915 1074 ille
925 1009 1133 1091 interpolendi
1144 1016 1176 1074 et
1186 1008 1325 1073 mutandi
1339 1008 1447 1072 licen

356 1117 401 1182 tie
423 1123 563 1196 servani,
591 1117 726 1198 quaein
753 1135 816 1180 uuo
844 1116 963 1198 aliquo,
984 1117 1055 1198 ipso
1082 1117 1280 1198 neglegenter
1302 1116 1447 1196 scripte

356 1225 439 1292 circa
461 1226 562 1307 prima
589 1231 620 1290 et
642 1225 734 1290 rudia
757 1224 984 1289 renascentium
1007 1223 1181 1290 litterarum
1204 1225 1291 1289 initia
1313 1224 1355 1288 ab
1387 1225 1447 1288 ho

355 1335 437 1400 mine
459 1333 516 1398 sibi
539 1339 571 1399 et
592 1333 670 1412 aliis,
693 1340 729 1398 ut
750 1331 931 1414 simpliciter
953 1332 1149 1414 opinabatur,
1180 1332 1355 1398 consulenti
1386 1333 1447 1396 ad

355 1442 454 1508 hibita
485 1446 723 1524 propagataque
755 1439 868 1505 deinde
900 1459 957 1520 per
990 1448 1111 1506 ceteros
1154 1458 1267 1522 magno
1302 1459 1447 1504 nurner·

355 1549 428 1614 inde
455 1553 542 1614 ortos
564 1555 595 1614 et
616 1549 774 1614 derivatos
796 1554 858 1626 est;
881 1553 1018 1613 ceterum
1039 1549 1226 1630 integriores
1258 1547 1303 1612 illi
1332 1566 1447 1628 nequ·

356 1659 465 1723 eodem
487 1675 594 1722 omnes
615 1657 716 1738 gradu
738 1655 777 1720 ab
789 1656 958 1739 archetypo
980 1655 1100 1721 distare
1121 1655 1319 1720 manifestum
1332 1665 1390 1720 est
1425 1677 1447 1720 e

355 1783 450 1846 posse
472 1766 552 1830 duos
572 1764 719 1846 pluresve
741 1782 779 1828 en
800 1782 863 1828 uno
884 1764 988 1845 aliquo
1010 1747 1173 1829 interiecto
1185 1775 1272 1828 ortos
1288 1764 1333 1828 sic
1350 1783 1445 1830 com

356 1873 441 1938 muni
462 1872 611 1954 propiore
633 1871 732 1952 stirpe
753 1871 912 1949 contineri,
935 1877 970 1936 ut
991 1871 1129 1936 universi
1150 1871 1320 1936 testimonii
1338 1891 1447 1936 unan

355 1987 476 2045 tantum
497 1987 620 2060 partem
641 1977 813 2043 conficiant
857 1977 898 2041 Et
920 1979 1065 2059 quoniam
1086 1981 1127 2044 de
1148 1980 1196 2058 iis,
1219 1999 1299 2061 quos
1321 1998 1448 2060 parurn

356 2087 506 2166 novimus,
528 2083 652 2152 difficile
674 2096 706 2150 et
726 2085 836 2150 inutile
847 2093 896 2151 est
917 2087 1086 2167 separatim
1097 2088 1212 2166 dicere,
1235 2087 1447 2152 hortantum

354 2213 517 2276 ponamus,
538 2194 673 2276 primum
694 2193 829 2258 codicem
850 2193 1073 2276 Erlangensern
1100 2203 1132 2260 et
1148 2195 1335 2260 Vaticanum
1358 2196 1447 2260 ulte

356 2303 489 2382 rumis)
512 2321 607 2366 unum
628 2301 801 2383 proximum
823 2301 995 2382 exemplum
1017 2303 1110 2381 adeo,
1132 2301 1265 2368 fideliter
1275 2302 1385 2368 dicem
1406 2322 1447 2368 ar

356 2409 519 2489 serviliter,
537 2410 679 2488 reddere,
701 2415 736 2473 ut
751 2408 854 2472 omnia
868 2409 921 2473 illa
937 2411 1058 2491 menda,
1085 2429 1165 2491 quae
1177 2429 1275 2492 snpra
1285 2430 1316 2492 p.
1326 2411 1447 2476 xviii

356 2525 388 2583 et
408 2519 484 2584 XIX
505 2523 663 2598 tamquam
684 2514 800 2597 prioris
819 2517 949 2598 propria
969 2517 1070 2597 posui,
1092 2518 1186 2582 etiam
1209 2518 1289 2623 alter
1311 2517 1446 2584 habeat

355 2624 416 2690 nisi
448 2625 532 2707 quod
554 2625 578 2703 1,
603 2625 620 2687 i
649 2643 779 2716 macer
811 2623 917 2702 babet,
949 2626 991 2689 49
1019 2623 1088 2688 illos
1115 2631 1200 2690 tenet
1233 2629 1311 2708 (non
1338 2624 1437 2710 illos)

355 2733 397 2798 39
419 2738 452 2797 et
473 2733 514 2796 59
537 2731 628 2795 binus
651 2729 769 2795 librarii
792 2730 899 2796 oculus
921 2750 983 2796 non
1005 2732 1176 2812 aberravit3
1205 2733 1253 2816 (at
1274 2732 1446 2799 aberravit

356 2923 559 2932 ————-

387 3071 405 3134 1)
425 3073 579 3136 Plerumque
598 3085 612 3121 e
630 3070 719 3120 codice
729 3071 766 3120 ΕΙ.
777 3071 801 3130 2,
820 3071 864 3121 ubi
884 3071 1180 3137 distinguiturepriore,
1198 3073 1369 3137 proteruntur
1381 3089 1446 3126 me-

424 3158 497 3208 lioris
516 3157 630 3206 trimiliae
648 3159 799 3218 scriptume,
819 3161 848 3205 ut
866 3159 891 3206 in
912 3156 977 3206 libro
996 3157 1015 3207 il
1027 3157 1038 3218 ἓ
1050 3157 1083 3210 15
1098 3166 1247 3220 percurato,
1266 3159 1299 3210 26
1312 3160 1446 3222 [rumpere

425 3245 495 3302 (sine
512 3243 584 3300 rem),
604 3239 765 3296 bberedebot,
784 3239 818 3292 65
835 3240 958 3297 buacoor,
976 3241 1009 3293 69
1018 3243 1118 3304 [acme
1137 3249 1196 3293 cett.
1234 3244 1319 3294 Erilli.
1332 3247 1345 3296 1
1357 3259 1446 3309 saepe

424 3333 449 3378 et
476 3328 624 3376 communie
653 3325 814 3387 interpolatio
841 3325 968 3389 protertur
987 3325 1131 3386 (suarem,
1150 3335 1210 3386 cei.)
1239 3336 1264 3378 ei
1291 3330 1446 3391 singularis

425 3410 479 3472 (17,
501 3411 548 3468 23,
572 3407 617 3470 36,
641 3409 687 3462 66.
712 3409 764 3472 112).
809 3409 859 3459 Sed
881 3415 967 3459 umen
987 3411 1107 3473 plurlmls
1127 3413 1190 3462 loeis
1210 3414 1330 3464 Davisius
1350 3415 1409 3468 Pei.
1432 3417 1446 3470 l

426 3509 454 3547 ee
473 3497 546 3558 sequi
565 3493 634 3550 dicit
652 3495 690 3544 El.
709 3492 726 3545 2
745 3507 796 3544 non
815 3494 925 3554 addeum
944 3499 1020 3558 etque
1039 3496 1272 3562 exboccorruptns
1288 3503 1445 3551 etiamsin-

424 3581 507 3644 gulnri
526 3578 602 3629 modo
621 3582 762 3642 scripturas
780 3579 883 3643 proiert
902 3585 930 3628 ut
948 3579 977 3634 ll,
990 3579 1031 3638 35.
1041 3579 1083 3640 40,
1094 3580 1135 3642 60,
1146 3582 1180 3634 94
1195 3587 1340 3648 {magisque
1355 3588 1445 3636 ctiam

424 3667 442 3724 l,
462 3665 476 3716 i
496 3669 521 3713 et
538 3663 594 3724 bob
615 3664 746 3713 interdum
765 3676 795 3713 ea
813 3667 921 3726 utroque
940 3663 1010 3724 (lilii,
1023 3665 1093 3726 113).
1121 3667 1365 3732 Tumpeucislocis
1377 3684 1443 3721 me-

425 3751 515 3800 liorem
535 3751 688 3812 scripturam
708 3749 805 3798 Eiiensi
824 3747 837 3798 1
857 3748 970 3808 ascribit,
990 3749 1207 3812 ut3teiipemem,
1226 3753 1444 3817 tiproprenuae,

424 3833 474 3888 102
496 3833 550 3883 malt
572 3837 628 3884 sine
646 3846 707 3892 erre,
735 3833 865 3882 interdum
888 3832 998 3892 Elirnsl,
1027 3847 1136 3886 numero
1160 3849 1212 3887 non
1232 3839 1333 3897 addito,
1353 3845 1379 3888 ut
1402 3839 1444 3893 59

423 3919 520 3984 soture,
538 3917 570 3970 si
590 3917 726 3978 (emissam
746 3918 990 3980 interpolationem),
1009 3917 1043 3970 si
1062 3926 1085 3967 et
1103 3927 1188 3970 lumen
1202 3923 1282 3972 matrs
1299 3927 1357 3974 sine
1375 3939 1442 3978 noa

424 4004 488 4053 Puto
507 4003 672 4066 interpolatae
690 4004 831 4065 scripturae
850 4002 945 4052 multas
965 4017 1050 4053 errore
1069 4007 1185 4056 seeundo
1205 4009 1298 4062 tribui:
1326 4023 1442 4072 prorsus

424 4101 485 4138 eum
504 4101 517 4137 e
536 4088 664 4137 bonorum
682 4099 776 4149 genere
794 4087 875 4136 inisse
894 4100 944 4136 noo
956 4089 1188 4152 possumcredere,
1207 4097 1328 4155 quemvis
1344 4099 1440 4158 negle-

424 4177 526 4235 gentem
547 4172 678 4222 Davisium
698 4171 823 4226 iudicem:
843 4172 956 4220 similem
975 4173 1052 4222 credo
1071 4173 1152 4224 luisse
1171 4177 1328 4230 victoriano.

384 4255 405 4318 ¹)
427 4253 507 4322 [lianc
525 4261 622 4320 purtem
634 4258 768 4306 immutari
787 4255 818 4304 ed
838 4269 895 4305 eum
914 4255 1031 4314 lerinum,
1050 4271 1116 4320 quae
1135 4267 1194 4322 post
1212 4265 1337 4313 collatum
1357 4268 1439 4329 plene

424 4343 488 4391 Aet
505 4341 657 4390 edlurrciunn
682 4339 699 4388 ll
726 4339 937 4390 commodissima
961 4347 1014 4390 erut
1035 4342 1067 4391 erl
1091 4356 1146 4393 rem
1176 4348 1406 4418 intellegendam]
