3000 5044
379 410 423 456 sn
447 409 527 456 nnn.
550 411 612 457 nm.
636 410 669 456 ιιι
692 409 765 456 cns.
792 411 898 456 rs-rs.
1109 389 1171 456 557

98 579 264 644 honestate
286 579 479 660 contingere,
502 585 538 643 ut
558 579 625 644 iure
647 578 813 661 quisquam
833 578 992 660 glorietur.
1036 579 1087 644 51.
1108 579 1174 644 Du·

97 682 145 746 bit
165 681 225 746 hoc
235 682 352 746 Zenoni
362 681 502 760 Polem03
524 682 618 746 etiam
639 681 789 763 magister
810 681 877 746 eius
899 689 931 746 et
951 687 1019 746 tota
1034 681 1174 764 illugens

97 791 131 849 et
153 783 273 866 reliqui,
295 784 358 866 qni,
380 785 526 849 virtutem
548 784 689 850 omnibus
705 783 799 849 rebus
821 783 918 848 multo
940 789 1174 866 anteponentes,

96 887 274 968 adiungnmt
305 887 334 952 ei
361 891 462 952 tamen
490 887 607 968 aliquid
634 905 754 951 summo
781 887 813 951 in
841 885 921 952 bono
948 884 1091 951 finiendo.
1141 887 1174 951 Si

96 990 181 1054 enim
203 989 302 1054 virtus
319 989 414 1072 digna
425 995 473 1054 est
482 989 675 1072 gloriatione,
697 995 733 1053 ut
748 995 805 1068 est,
827 993 1011 1070 tantumque
1032 991 1212 1069 praestate

96 1092 228 1174 reliquis
251 1091 353 1170 rebus,
375 1097 411 1156 ut
432 1092 491 1157 dici
513 1092 564 1156 vix
587 1091 696 1173 possit,
718 1097 751 1156 et
772 1090 882 1155 beatus
904 1110 974 1156 esse
984 1091 1100 1172 poterit
1111 1092 1173 1154 vir-

97 1201 167 1258 tute
188 1213 252 1259 una
272 1194 443 1276 praeditus
466 1193 708 1273 carensceteris,
730 1213 787 1258 nec
808 1198 912 1258 tamen
935 1193 1010 1258 illud
1032 1192 1088 1257 tibi
1100 1211 1173 1258 con·

96 1298 197 1376 cedet,
220 1303 347 1379 praeter
369 1297 515 1362 virtutem
542 1295 617 1361 nihil
643 1296 675 1361 in
697 1295 787 1361 bonis
809 1314 879 1360 esse
900 1296 1082 1360 ducendum.
1125 1295 1174 1359 illi

96 1407 213 1478 autem,
236 1399 348 1481 quibus
371 1417 524 1463 summum
546 1399 659 1464 bonum
682 1398 876 1463 sinevirtute
897 1404 953 1477 est,
976 1416 1038 1462 non
1056 1397 1175 1462 dabunt

95 1501 248 1581 fortasse,
270 1501 366 1565 vitam
387 1501 509 1566 beatam
531 1501 659 1580 babere,
682 1500 713 1565 in
736 1519 797 1583 quo
819 1500 921 1581 possit
941 1499 1010 1564 iure
1031 1500 1234 1582 gloriari310

96 1605 157 1670 etsi
179 1604 224 1668 illi
245 1604 371 1685 quidem
393 1604 487 1668 etiam
508 1604 686 1684 voluptates
708 1601 825 1668 faciunt
845 1603 1001 1667 interdum
1012 1602 1173 1684 gloriosas.

185 1705 268 1770 XIX.
302 1707 353 1771 52.
381 1706 477 1771 Vides
499 1706 607 1788 igitur,
635 1712 667 1770 te
694 1711 750 1770 aut
780 1723 817 1770 ea
840 1724 976 1784 sumere,
1010 1723 1091 1786 quae
1111 1723 1174 1769 non

95 1809 323 1886 concedantur,
356 1814 411 1872 aut
433 1827 484 1888 ce,
517 1826 598 1890 quae
620 1795 715 1874 cunni
735 1825 883 1872 concessa
910 1813 941 1872 te
963 1807 1039 1872 nihil
1060 1808 1174 1872 iuvent

95 1909 254 1992 Equidem
273 1910 306 1974 in
329 1910 472 1976 omnibus
493 1910 562 1974 istis
584 1910 832 1974 conclusionibus
854 1911 913 1975 hoc
939 1915 1083 1992 putarem
1104 1910 1174 1991 phi·

93 2011 242 2094 losophia
262 2012 414 2093 nobisque
435 2013 571 2095 dignum,
594 2017 626 2077 et
646 2013 787 2092 manime,
810 2031 878 2076 cum
897 2031 1050 2077 summum
1060 2013 1175 2077 bonum
1195 2013 1234 2078 15

169 2239 193 2283 2.
211 2233 365 2286 Polerncnli
418 2241 443 2289 6.
461 2235 544 2286 meris
561 2235 630 2284 rebus
648 2234 782 2285 LPCROr.
834 2233 918 2286 unci
934 2234 1023 2286 om.L
1071 2233 1177 2284 10.u'urs

92 2305 175 2370 possit
205 2303 361 2368 (smenon.
448 2309 486 2356 12.
512 2321 604 2353 curnere
627 2331 658 2341 -
682 2312 725 2352 cut
751 2320 781 2353 θα
809 2319 857 2354 οιιι.
881 2303 900 2352 Ε
969 2320 999 2353 θα
1016 2303 1177 2354 assurncrcC

97 2379 140 2422 1³.
164 2372 276 2422 αάίιινθιιι
299 2373 320 2423 Ο
357 2377 396 2424 lt,
415 2373 601 2424 conclusionibus
618 2371 710 2422 ntuli

94 2577 232 2658 serenan),
259 2589 292 2637 nt
308 2580 356 2638 hic
375 2581 414 2639 sit
436 2582 520 2656 quasi
536 2581 612 2638 alter
629 2580 738 2657 gradm
750 2579 956 2651 conclusionis,
969 2587 1176 2655 praeterquam

95 2667 180 2743 quod
192 2685 228 2722 ea
238 2664 334 2724 forma
345 2666 397 2724 vix
408 2665 480 2725 ferri
497 2675 596 2743 potest
606 2667 637 2722 in
649 2666 814 2742 argumenti
826 2666 1046 2742 progressione,
1075 2675 1177 2742 aperte

95 2753 141 2810 sic
160 2752 282 2828 ponitur
298 2752 368 2810 hoc:
390 2755 460 2810 illud
469 2773 531 2810 vcro
542 2787 584 2794 —
595 2753 699 2809 beorum
715 2755 806 2822 citum,
829 2751 919 2808 uthis
931 2751 1100 2808 verbisnon
1116 2751 1178 2826 pri·

94 2857 165 2896 mus
177 2837 287 2913 gradm
298 2838 495 2896 conclusionis
512 2838 706 2909 contineatur,
734 2837 785 2894 sed
802 2837 900 2895 exitus
917 2845 948 2894 et
963 2855 1087 2908 summu,
1111 2854 1178 2894 cum

96 2923 276 3002 praesertim
298 2923 385 2981 aliter
412 2943 526 2982 summe
556 2923 752 2982 conclusionis
775 2922 894 2980 omnino
922 2941 981 2979 non
1008 2922 1177 2998 indicetur.)

95 3009 254 3068 Refutatio
265 3016 363 3066 tamen
374 3019 454 3067 recte
465 3010 608 3085 procedit,
627 3008 743 3066 etiamsi
755 3008 941 3080 concedatur,
957 3007 1049 3066 vitam
1061 3008 1178 3065 beatam

96 3095 278 3173 gloriatione
295 3094 414 3172 dignam
427 3114 491 3153 esse
514 3105 544 3152 et
565 3095 595 3152 id
607 3095 670 3152 sine
682 3094 835 3151 honestate
847 3094 910 3150 fieri
923 3113 981 3150 non
992 3111 1095 3169 posse,
1118 3112 1178 3151 non

96 3192 200 3238 tamen
224 3180 317 3254 sequi,
340 3190 374 3238 nt
394 3181 470 3238 nihil
491 3181 521 3237 in
544 3199 580 3238 ea
601 3181 642 3239 sit
661 3188 779 3256 praeter
800 3180 993 3236 honestatem.

189 3266 239 3322 51.
262 3264 384 3345 Polemo)
408 3267 458 3326 Sic
480 3265 573 3325 Gzius
596 3285 634 3324 ex
656 3265 792 3323 omnibus
814 3264 875 3321 suis
898 3265 945 3342 (ut
967 3264 1012 3321 ed.
1035 3283 1061 3321 a„
1088 3266 1177 3336 1480,

97 3351 294 3428 Lambinus);
316 3361 511 3429 propagatum
534 3352 611 3409 enim
635 3360 699 3408 erat
720 3353 855 3408 Pobnnon.
899 3344 1059 3430 (Magister
1075 3351 1178 3408 Xeno-

97 3446 199 3496 crates
221 3437 289 3512 est)
333 3439 407 3496 Mox
429 3440 540 3512 reliquis
561 3438 640 3496 rebus
662 3437 754 3494 ascivi
777 3456 793 3494 e
816 3436 987 3494 melioribus
1003 3436 1088 3494 libris
1110 3433 1178 3514 (tri-

97 3525 156 3582 bus
169 3522 249 3594 Gzii,
273 3543 330 3602 mg.
345 3522 436 3592 Crat,
455 3520 539 3603 [B]);
563 3531 627 3580 erat
637 3526 738 3580 cumnis.
773 3521 915 3582 Similiter
936 3523 975 3595 V,
989 3523 1028 3580 87
1042 3522 1087 3579 ed.
1098 3522 1179 3597 prin·

97 3627 171 3686 ceps
195 3608 348 3666 substituit
368 3620 481 3682 cennos,
516 3618 545 3666 et
571 3609 603 3666 in
625 3608 690 3668 Cat
711 3607 753 3680 11,
781 3609 818 3664 19
847 3608 963 3666 codices
990 3608 1127 3666 meliores
1150 3615 1181 3666 et

98 3696 204 3771 plures
227 3694 338 3753 habent
359 3698 478 3770 reliquis,
502 3695 554 3752 alii
575 3698 677 3752 cetuna.
705 3692 823 3752 Referri
844 3693 922 3751 inter
943 3712 975 3751 se
997 3695 1178 3751 etbcatus—

97 3800 148 3838 ncc
172 3791 269 3852 tumen,
292 3789 414 3856 propter
426 3780 534 3841 Gzium
552 3781 626 3838 dico.
661 3779 816 3858 [Ceterum
827 3799 881 3856 pro
893 3780 1035 3854 sapiente,
1048 3779 1084 3836 de
1096 3779 1179 3837 cuius

98 3867 166 3924 vita
187 3867 276 3923 beata
298 3866 403 3943 agitur,
426 3867 474 3924 hic
497 3861 536 3948 (et
558 3867 650 3923 deame
671 3886 729 3922 esse
745 3862 818 3942 pot.)
840 3865 904 3940 ipse
922 3864 1110 3923 substituitur
1120 3865 1180 3922 Po·

98 3953 190 4010 lemn.
234 3953 326 4009 Possit
347 3955 405 4010 iure
427 3952 516 4010 etiam
537 3953 574 4010 Β.
612 3951 767 4010 Editiones
789 3948 975 4028 inrepente]

190 4036 264 4113 Cep.
286 4039 377 4110 XIX,
402 4039 451 4096 52.
484 4042 511 4095 in
533 4039 653 4095 omnibus
674 4041 733 4094 istis
755 4037 978 4112 contusionibus)
1001 4036 1097 4094 Paulo
1113 4034 1179 4092 bre·

98 4124 171 4181 vius
194 4123 271 4180 dixit
292 4124 348 4180 hac
370 4125 530 4182 sententia:
563 4124 599 4182 In
628 4118 693 4204 (dc)
715 4123 851 4183 omnibns
873 4122 920 4179 his
941 4120 1180 4179 conclusionibus

99 4210 159 4268 hoc
182 4209 396 4282 animadverto,
419 4229 466 4267 me
488 4209 676 4286 philosophia
688 4208 807 4285 dignum
819 4216 999 4284 putaturum,
1023 4207 1048 4265 si
1070 4206 1107 4264 iis
1118 4207 1180 4264 vita

100 4294 309 4371 corrigeretur.
333 4294 375 4374 [B
396 4299 455 4353 istis
477 4296 687 4354 conclusionibus
703 4297 770 4351 istis.
797 4294 864 4366 Illo,
888 4311 963 4368 quae
986 4293 1096 4350 omittit
1106 4292 1180 4365 Eri,

99 4381 193 4438 habet
215 4375 265 4460 Β.]
