2920 5012
301 375 343 440 84
693 391 738 437 nn
760 388 891 438 armeus
914 389 985 436 non.

302 567 389 628 tenta
421 567 530 643 posset
561 579 618 626 nec
644 559 810 642 diepam
837 560 992 626 vacuitate
1013 559 1129 624 doloris
1156 560 1224 626 sine
1244 561 1378 626 iucundo

302 671 389 728 motu
409 663 587 745 voluptatis.
632 661 686 728 Sin
707 669 811 728 autern
834 681 954 728 summa
974 662 1120 744 voluptas
1150 669 1212 742 est,
1245 671 1281 728 ut
1302 663 1378 744 Epi-

302 783 377 830 curo
409 765 524 848 placet,
557 765 632 831 nihil
664 765 783 842 dolere,
815 765 951 845 primum
982 764 1037 830 tibi
1065 773 1162 845 recte,
1195 765 1379 848 Chrysippe,

302 885 482 934 concessum
503 874 565 948 est,
598 867 672 933 nihil
694 868 874 933 desiderare
895 887 1037 947 manum,
1070 886 1140 934 omn
1160 867 1205 933 ita
1226 873 1311 933 esset
1331 867 1379 932 al·

263 969 392 1050 efecto,
414 972 582 1036 secundum
603 989 665 1035 non
687 977 785 1048 recte,
812 970 839 1035 si
860 969 1005 1052 voluptas
1028 977 1113 1036 esset
1132 970 1260 1048 bonum,
1281 967 1381 1035 fuisse

302 1073 556 1138 desideraturum
599 1072 719 1137 idcireo
752 1072 833 1138 enim
859 1091 922 1138 non
944 1072 1151 1152 desideraret,
1184 1073 1267 1154 quia,
1293 1073 1381 1154 quod

302 1173 409 1240 dolore
431 1181 524 1254 caret,
547 1175 578 1240 id
600 1175 632 1239 in
654 1175 816 1256 voluptate
837 1182 893 1241 est

385 1277 455 1342 XII.
499 1279 551 1344 40.
583 1277 763 1344 Extremum
784 1286 889 1344 autem
910 1295 979 1344 esse
1006 1277 1158 1342 bonorum
1179 1277 1382 1358 voluptatem,

301 1398 339 1445 ex
371 1379 429 1444 hoc
466 1377 609 1445 facillime
646 1379 782 1461 perspici
819 1385 938 1460 potest:
982 1379 1212 1446 Constituamus
1244 1379 1382 1462 aliquem

244 1485 286 1550 10
302 1481 432 1564 magnis,
454 1481 569 1561 multis,
591 1481 752 1563 perpetuis
769 1481 923 1547 fruentem
939 1488 971 1548 et
992 1481 1094 1546 animo
1116 1487 1149 1547 et
1169 1500 1301 1564 corpore
1323 1502 1382 1548 vo·

301 1583 486 1666 luptatibus,
524 1583 608 1648 nullo
641 1583 749 1649 dolore
781 1602 838 1649 nec
869 1584 1057 1665 impediente
1089 1603 1145 1649 nec
1166 1585 1382 1666 impendente;

302 1704 394 1769 quem
416 1688 543 1752 tandem
564 1686 622 1750 hoc
644 1691 728 1750 statu
749 1686 1017 1768 praestabiliorem
1039 1695 1094 1750 aut
1115 1687 1213 1769 magis
1231 1697 1382 1768 expeten-

303 1789 377 1853 dum
398 1788 553 1870 possimus
574 1788 700 1854 dicere?
733 1789 841 1854 Inesse
863 1789 943 1854 enim
966 1807 1093 1855 necesse
1115 1788 1216 1856 estin
1238 1809 1291 1868 eo,
1325 1791 1383 1872 qui

373 1963 394 2008 l.
417 1957 469 2026 [aee
491 1957 543 2009 ullu
561 1976 612 2026 per
629 1957 664 2028 A]
685 1968 710 2008 al
732 1957 782 2010 ulta
805 1960 904 2024 porsE
930 1957 982 2009 ullu
1008 1959 1067 2024 (om.
1086 1975 1129 2010 aec
1146 1969 1172 2010 et
1194 1963 1266 2026 perr)
1294 1961 1384 2022 ceteri,

302 2025 346 2077 Or.
382 2033 406 2076 4.
424 2029 548 2093 effectui]
590 2033 614 2078 5.
631 2027 758 2078 secundm
782 2028 807 2078 ai
831 2045 876 2078 aaa
902 2037 963 2079 recle
985 2028 1029 2078 ool.
1050 2029 1069 2078 Ε
1117 2034 1154 2077 10.
1170 2033 1337 2094 pepdniaque
1358 2029 1381 2078 L

303 2100 403 2216 alienor
420 2112 469 2146 am.
489 2098 507 2177 li
526 2097 621 2216 (ἔιίοιι
638 2097 707 2162 loeo)
729 2096 867 2162 squama
886 2099 945 2162 (pro
963 2097 1119 2163 impendente)
1137 2097 1158 2146 L
1196 2103 1385 2162 tepeamus

401 2181 419 2214 f·
455 2181 512 2230 W

388 2341 435 2379 aec
457 2325 512 2380 ullu
530 2341 601 2398 pars
623 2325 754 2380 caeduo
776 2321 889 2398 dolorta)
923 2321 1118 2381 Postulabant
1150 2321 1225 2379 hanc
1253 2323 1384 2398 scriptu-

303 2425 382 2478 ram,
411 2425 430 2464 a
451 2409 508 2466 Th.
530 2407 666 2466 Bentleio
694 2417 724 2465 et
750 2408 875 2466 Davieio
908 2408 1078 2484 probatam,
1111 2408 1237 2485 vestigia
1259 2409 1290 2464 in
1312 2409 1385 2467 Pal.

302 2492 398 2569 primo
420 2491 591 2565 manifesta,
614 2494 644 2551 in
667 2493 728 2550 nrt
751 2494 936 2566 obscuriora,
963 2493 995 2551 in
1017 2492 1122 2551 ceteris
1144 2511 1238 2570 paene
1260 2493 1386 2553 oblitte-

303 2587 383 2649 rata3
411 2597 479 2636 nam
507 2580 538 2636 in
559 2579 606 2636 El
629 2579 647 2636 2
670 2579 708 2636 ad
731 2580 891 2656 marginem
920 2579 1061 2656 scriptum
1083 2589 1160 2637 erat:
1193 2579 1251 2637 Atii
1272 2589 1301 2636 nt
1323 2583 1385 2638 ulla

297 2683 369 2740 pura
390 2667 536 2735 cocullam
569 2665 600 2722 in
633 2665 765 2740 margine
788 2665 868 2724 Crat
896 2666 934 2722 ad
964 2667 1020 2722 ullo
1047 2668 1179 2722 comitare
1205 2675 1385 2724 annotatum

301 2758 362 2807 est:
386 2751 466 2820 „illc3
488 2750 549 2820 alii,
574 2759 602 2807 ut
622 2751 679 2807 ullo
696 2770 768 2826 pure
789 2754 955 2820 oooue'lote“;
978 2752 1046 2808 Bas.
1068 2750 1210 2808 habebat:
1233 2761 1328 2826 posset
1351 2773 1386 2810 ne

302 2835 359 2892 ulla
375 2838 514 2912 parvitate
535 2837 649 2904 dolor-im
678 2836 827 2912 postulare
850 2837 938 2894 etiem
961 2835 1106 2893 sententie
1129 2847 1158 2893 et
1180 2836 1274 2894 oratio
1297 2837 1385 2895 vide-

302 2919 398 2978 batur.
431 2921 536 2995 Neque
558 2921 636 2979 enim
659 2921 737 2978 ullus
764 2921 812 2978 hic
835 2930 880 2979 est
901 2922 1058 2980 descensus
1080 2936 1175 2996 nequa
1198 2922 1236 2978 ad
1259 2941 1386 2997 praeee-

302 3005 420 3064 dentem
453 3007 639 3083 negationem
671 3007 821 3065 adiunctio
849 3007 879 3064 in
908 3025 979 3066 voce
1007 3027 1115 3076 arraona,
1149 3016 1183 3064 ut
1203 3027 1249 3064 neo
1270 3026 1327 3083 pro
1352 3031 1386 3066 ae

302 3125 344 3134 —
367 3093 473 3167 quidem
495 3091 590 3168 accipi
612 3091 664 3148 vix
685 3101 765 3150 recte
787 3093 895 3169 possit3
929 3110 964 3150 ac
986 3093 1012 3150 ai
1033 3092 1141 3168 possit,
1164 3111 1222 3150 non
1245 3094 1316 3169 poni
1340 3095 1387 3152 ita

302 3195 321 3234 a
342 3175 501 3250 Cicerone,
529 3177 662 3236 evinoam
690 3177 721 3235 in
744 3196 869 3236 excursu
891 3179 929 3235 ad
950 3179 993 3250 Π,
1017 3179 1067 3235 25.
1110 3178 1157 3236 Ne
1180 3181 1236 3236 otta
1257 3184 1387 3238 vacuane

303 3262 422 3337 quidem
443 3272 523 3321 recte
545 3263 712 3334 dicebatur,
746 3281 811 3320 curn
840 3283 900 3321 nna
927 3273 1005 3322 esset
1033 3281 1087 3320 nec
1108 3282 1215 3339 genere
1239 3262 1386 3323 differret.

304 3349 409 3423 Itaque
427 3347 594 3408 Gulielmns
616 3351 663 3406 illa
685 3349 842 3420 scrihebat,
863 3348 990 3407 fortasse
1012 3368 1028 3406 e
1050 3349 1151 3406 codice
1173 3349 1287 3424 aliqu03
1311 3369 1386 3410 narn

304 3433 346 3492 sic
364 3432 479 3492 Gudn
503 3432 639 3511 (cfamg.
652 3433 756 3510 Crat).
789 3436 834 3493 At
854 3437 955 3492 audnm
972 3444 1094 3512 purtem,
1117 3453 1176 3493 non
1199 3435 1298 3493 addito
1322 3456 1386 3494 eor·

299 3521 388 3596 ponis,
411 3519 498 3578 nimis
520 3519 633 3578 infinite
655 3519 714 3577 dici
736 3520 924 3578 contendunt„
969 3519 1115 3596 Equidem
1147 3539 1186 3577 ex
1216 3539 1266 3594 eo,
1300 3523 1387 3596 quod
1449 3535 1451 3552 ⁴

303 3623 364 3662 nna
385 3605 486 3679 aliqua
508 3591 642 3680 corporiti
662 3623 745 3681 pars,
774 3624 890 3678 manns,
919 3605 1069 3663 nominata
1097 3615 1189 3677 esset,
1212 3606 1284 3664 satis
1306 3607 1387 3666 illud

304 3689 401 3748 audiri
423 3690 554 3766 potuisse
576 3690 679 3762 credo,
702 3701 790 3766 atque
813 3691 902 3748 etiam
924 3692 955 3748 in
976 3692 1028 3749 lib.
1045 3692 1093 3762 II,
1119 3691 1179 3749 113
1197 3691 1387 3766 Ciceronem,

305 3793 371 3833 cum
393 3785 462 3833 ante
480 3777 597 3834 menbra
618 3795 765 3851 sanaeque
786 3777 980 3848 nominasset,
1015 3777 1175 3834 subiecisse
1198 3777 1319 3854 opinor:
1358 3791 1388 3838 ut

304 3863 424 3937 reliquae
441 3871 547 3938 portae,
570 3881 644 3920 non:
666 3872 695 3918 nt
717 3865 835 3938 reliquae
856 3867 976 3938 eorporis
993 3873 1097 3938 partes.
1305 3895 1309 3904 .

390 3946 463 4024 Cap.
485 3947 565 4018 XII,
594 3949 644 4005 40.
692 3948 837 4024 sucidam)
870 3949 919 4018 In,
940 3948 1009 4006 edit.
1036 3949 1117 4006 Man.
1150 3949 1270 4025 irrepsit
1294 3951 1388 4022 facile

305 4041 558 4110 propagatumque
590 4041 635 4091 eat
667 4033 705 4090 ad
738 4033 821 4091 alios.
872 4033 967 4092 Paulo
989 4043 1057 4110 post
1084 4037 1220 4110 pecorinus
1250 4035 1389 4111 (praeter

306 4117 400 4194 PCR)
423 4119 512 4176 etiem
535 4117 614 4178 Gud.
640 4121 654 4176 1
679 4128 709 4176 et
732 4119 761 4192 2,
783 4120 853 4177 Bas.
897 4119 980 4178 Ferri
1002 4129 1114 4197 potest,
1137 4129 1170 4177 ut
1191 4137 1257 4178 cum
1279 4123 1388 4180 condi-

306 4203 391 4260 cione
414 4204 618 4281 interrogetur.
652 4203 772 4283 [Itaque
795 4223 872 4262 nnnc
893 4196 923 4263 Α
947 4214 1063 4263 secutus
1086 4203 1226 4283 restitui]

392 4289 483 4348 Irresae
504 4293 569 4348 eelim
593 4310 696 4349 neeesse
717 4295 769 4362 est)
804 4290 915 4351 Similis
943 4291 1041 4367 imago
1071 4291 1213 4367 sapientis
1234 4289 1314 4348 beati
1339 4307 1388 4352 est

305 4374 386 4450 apud
407 4375 495 4453 Diog.
517 4376 615 4434 Laert
637 4377 684 4448 X,
715 4375 774 4434 133
798 4374 828 4433 in
850 4375 973 4453 Epicuri
995 4395 1041 4452 ep.
1063 4375 1101 4433 ad
1122 4377 1270 4435 Menoec:
1299 4367 1388 4436 Ἐπεὶ
