3018 5052
394 356 437 402 s'r
461 353 541 401 mss.
559 355 621 400 trs.
639 355 675 400 111
695 327 770 402 ose.
793 359 832 402 rs.
1098 339 1161 403 tet

86 526 195 590 vivere.
240 525 351 606 Itaque
377 542 397 588 a
425 523 578 605 sapientia
600 523 808 606 praecipitur,
836 542 870 588 se
890 523 1005 604 ipsam,
1038 525 1065 590 si
1086 543 1163 590 usus

86 628 136 706 sit,
170 627 296 708 sapiens
323 635 359 690 ut
386 626 550 708 relinquat
596 625 802 704 Quamobrem
830 643 899 690 oum
927 626 1072 692 vitiorum
1098 627 1160 692 ista

86 730 130 794 vis
151 749 214 794 non
238 729 287 806 sit,
309 735 346 792 ut
367 745 493 793 causam
515 727 650 794 afferent
671 728 779 792 mortis
801 728 1010 807 voluntariae,
1038 729 1162 810 perspi-

86 850 173 896 cuum
196 841 254 910 est,
276 831 367 895 edam
390 830 570 910 stultorum,
604 830 657 911 qui
685 830 778 895 iidem
799 829 1004 909 miserium,
1027 829 1163 895 officium

154 1059 175 1107 1.
195 1053 272 1118 Qum
289 1052 339 1102 suis
357 1054 388 1102 rit
406 1053 425 1102 E
444 1052 521 1118 iprum
539 1052 563 1102 ti
578 1051 672 1101 iuasm't
689 1050 762 1102 Pmc
780 1051 857 1116 ι’ρωηι
873 1051 898 1101 si
913 1051 997 1102 υἰωινίί
1014 1052 1037 1102 1.
1086 1053 1163 1119 aprum

94 1124 218 1173 usmitll
255 1126 281 1175 ³.
298 1121 419 1174 euramC
459 1129 482 1172 4.
504 1119 574 1188 [idem
592 1119 627 1188 A]
668 1119 716 1170 tint
733 1127 791 1186 post
807 1119 889 1170 miseri
904 1120 996 1175 otu.C

88 1350 199 1389 summa
227 1341 258 1388 et
285 1347 352 1387 oum
378 1339 484 1388 natura
511 1327 717 1388 eonvenientie
744 1339 879 1404 ponatur.
924 1329 1040 1388 Deinde
1068 1329 1163 1389 oratio

87 1435 223 1492 perverse
245 1415 442 1492 progreditur.
491 1414 625 1474 Primum
653 1414 731 1472 enim
759 1423 924 1490 opportune
952 1416 1027 1473 mori
1055 1414 1163 1474 dicitur

88 1521 148 1559 esse
170 1510 296 1558 naturae
319 1501 527 1560 convenienter
548 1501 664 1570 vivere,
687 1499 793 1557 deinde
815 1499 871 1558 hoo
892 1501 1020 1572 itaesse,
1043 1500 1163 1559 demon·

90 1597 197 1645 stratur
220 1606 258 1644 ex
281 1606 326 1659 eo,
350 1587 429 1662 quod
456 1585 686 1662 opportunitatis
714 1586 753 1642 sit
774 1586 861 1643 beate
890 1586 991 1644 rivere
1013 1584 1075 1666 (Sia
1096 1591 1164 1644 euim

89 1683 189 1731 causent
212 1671 297 1751 cet),
332 1673 417 1748 quasi
449 1672 487 1729 ab
521 1670 741 1748 opportunitate
773 1671 902 1747 primum
929 1671 967 1729 ad
995 1672 1163 1730 universam

89 1759 189 1816 beatae
223 1758 303 1815 vitae
336 1757 486 1815 notionem
520 1767 550 1815 et
583 1757 689 1815 deinde
718 1756 755 1814 ed
782 1765 905 1814 naturae
928 1757 1163 1816 convenientiam

89 1845 231 1914 veniatur,
254 1862 290 1900 ae
311 1863 370 1900 non
393 1853 504 1900 eontra.
548 1843 684 1901 Tolletur
711 1842 784 1900 haeo
806 1841 987 1914 absurditas,
1020 1843 1051 1901 in
1075 1862 1162 1919 quem

90 1929 207 2001 Cicero,
241 1938 424 2005 repugnante
441 1938 555 2000 nutura,
584 1927 714 1986 incidere
736 1929 868 2004 potuisse
890 1947 949 1987 non
971 1929 1104 2002 ridetur,
1138 1930 1163 1986 si

91 2015 276 2073 statuerimus
308 2014 385 2071 idem
418 2013 466 2071 hio
499 2015 529 2072 in
563 2013 664 2072 codiee
696 2014 857 2090 archetypo
885 2014 1042 2086 accidisse,
1084 2013 1163 2090 quod

90 2099 137 2157 lib.
159 2103 198 2170 V,
223 2102 262 2158 86
292 2100 434 2158 occidisse
463 2099 658 2158 certissimum
689 2107 748 2170 est,
781 2108 828 2171 ut,
862 2100 993 2158 membro
1021 2099 1163 2158 orationis

92 2187 195 2244 omisso
218 2195 249 2243 et
269 2185 374 2243 deiude
397 2195 540 2254 remeato,
574 2184 751 2262 permutatio
779 2184 836 2242 loci
859 2184 983 2244 duarum
1005 2185 1164 2243 sententiu-

93 2289 152 2328 rum
174 2271 223 2328 vel
246 2271 344 2348 potius
366 2271 489 2328 duorum
512 2270 710 2328 membrorum
733 2269 830 2340 uersu
853 2270 896 2328 sio
914 2271 992 2328 enim
1010 2271 1163 2347 soripaisse

94 2355 262 2416 Ciceronem
286 2367 372 2432 puto:
395 2360 420 2414 si
440 2359 471 2414 id
491 2365 638 2432 emenone
653 2357 749 2430 faeere
765 2359 862 2431 possit.
897 2357 944 2414 Sic
966 2360 1034 2414 euim
1048 2367 1161 2428 tament,

94 2446 296 2518 opportunitatis
318 2462 375 2500 esee
396 2443 469 2499 beate
491 2445 591 2512 ubere,
624 2443 699 2517 quod
726 2451 764 2498 eat
786 2445 967 2500 convenienter
987 2453 1101 2500 naturae
1122 2445 1161 2500 ui-

94 2548 156 2586 uere.
200 2530 299 2603 Imque
321 2537 376 2586 eet.
421 2527 495 2587 Cum
523 2527 648 2585 dixisset
670 2526 759 2586 Cato:
792 2530 818 2584 si
843 2529 874 2584 id
900 2538 1046 2604 opportune
1066 2531 1163 2603 facere

90 2617 181 2688 possit,
205 2613 351 2690 explicat,
375 2621 486 2689 quanta
507 2613 552 2670 vis
575 2613 615 2670 sit
637 2612 867 2688 opportunitatis
895 2611 961 2689 (τῆς
983 2604 1161 2690 εὖκαιρίας);

93 2717 153 2757 eam
185 2700 263 2756 enirn
292 2699 323 2756 in
351 2699 416 2776 ipss
443 2699 547 2755 beatae
574 2699 653 2756 ritae
681 2696 801 2755 notione
822 2698 990 2770 inhaerere,
1023 2697 1162 2773 quoniam

95 2785 172 2842 beate
196 2785 297 2842 virere
320 2785 359 2842 sit
380 2785 588 2842 convenienter
610 2792 732 2841 naturas
754 2782 869 2854 vivere3
893 2781 975 2863 (nam
997 2783 1071 2841 haee
1093 2801 1162 2840 con-

94 2871 238 2928 venient-ie
261 2870 348 2928 etiam
372 2870 623 2946 opportunitatem
646 2869 881 2945 comprehendit3
915 2869 966 2944 qui
988 2869 1065 2926 enim
1087 2869 1164 2927 vivit

94 2955 240 3014 seientiam
263 2955 405 3014 adhibens
428 2974 528 3014 aarum
550 2974 658 3026 rerum,
682 2972 757 3029 qnae
780 2963 886 3012 ustura
908 2955 1059 3025 eveniant,
1082 2954 1108 3012 is
1131 2973 1162 3012 se

94 3041 127 3097 ad
149 3060 198 3100 eas
220 3042 431 3113 accommodat,
456 3041 543 3098 etiarn
566 3041 597 3098 in
620 3041 677 3097 fine
699 3040 779 3097 vitae
800 3039 992 3116 imponendo,
1025 3039 1164 3098 neultra

94 3129 337 3202 opportunitatem
349 3145 385 3184 sa
400 3122 615 3206 protrabatur).
643 3125 811 3186 Cohaerent
832 3126 890 3183 inm
913 3125 1019 3184 omnia.
1048 3125 1162 3182 Vitium

94 3213 229 3270 orationis
252 3213 341 3270 etiarn
363 3212 508 3284 Karnine,
541 3213 687 3288 interpres
710 3211 891 3282 Germanus,
925 3211 1000 3268 vidit
1027 3219 1057 3267 et
1076 3213 1164 3268 umere

94 3307 158 3370 post
183 3309 295 3356 naturae
328 3298 483 3356 delendum
516 3297 641 3374 putavit.
695 3299 807 3356 Verum
840 3307 903 3354 tum
936 3316 994 3354 non
1023 3298 1098 3372 quod
1123 3307 1163 3356 est

95 3383 177 3441 seribi
200 3385 315 3454 debuit,
350 3385 415 3454 aad,
449 3393 483 3442 ut
504 3384 533 3441 in
556 3383 644 3442 unius
665 3383 748 3440 verbi
776 3383 1044 3458 interpretatione,
1062 3384 1093 3440 id
1113 3393 1161 3440 est.

95 3465 169 3544 [Neo
190 3474 369 3528 emundantes·
389 3480 503 3526 nonnas
525 3489 543 3526 a
564 3469 627 3526 vita
648 3468 811 3526 desciscere
832 3465 1034 3546 iubebantur.]

174 3575 202 3612 re
223 3559 319 3632 msam,
342 3559 368 3613 si
388 3554 523 3630 messuit)
557 3557 629 3632 Ipse
656 3554 802 3630 supientia
830 3555 992 3630 sapientem
1020 3571 1038 3609 a
1065 3571 1096 3611 se
1119 3553 1163 3611 di-

96 3640 181 3698 mittit
201 3660 254 3699 neo
276 3641 398 3712 retinet;
434 3651 464 3698 et
485 3641 511 3698 is
533 3641 571 3697 ab
594 3659 642 3712 eu,
678 3640 709 3698 id
730 3649 789 3710 est,
825 3639 888 3696 eius
915 3658 971 3697 usu
998 3647 1028 3696 et
1058 3639 1162 3696 habitu

96 3723 226 3798 discedit3
260 3747 356 3802 neque
384 3727 461 3784 enirn
489 3736 622 3784 mortuus
650 3745 714 3783 eam
738 3725 874 3796 habebit,
909 3725 1075 3785 Stoicorum
1097 3744 1163 3782 sen-

94 3810 188 3869 tentie.
230 3813 354 3871 Frustra
380 3812 535 3870 Ernestius
562 3833 591 3870 ee
617 3816 704 3888 ipsum
732 3811 861 3868 molebat
883 3810 1000 3889 (debuit
1026 3831 1054 3868 se
1081 3810 1161 3886 apae),

96 3913 185 3970 neque
206 3911 285 3956 reete
307 3918 326 3955 a
347 3897 467 3956 Bromio
491 3906 521 3955 et
543 3897 620 3957 Gaio
641 3895 797 3955 refellitur.
842 3895 876 3954 St
896 3915 962 3954 tuus
984 3900 1019 3953 ait
1041 3895 1161 3976 (inquo

96 3985 317 4058 opportunitatis
350 3983 525 4061 significatio
558 3981 617 4062 est)
646 3983 792 4042 Gruterus
815 4000 830 4038 e
853 3981 917 4039 Pal.
944 3985 975 4054 1,
1009 3991 1039 4039 et
1071 4000 1163 4058 prope

96 4068 203 4126 aceedit
223 4069 284 4128 Eri.
307 4067 373 4149 [B].
418 4069 568 4127 Statue-tt
590 4069 669 4129 Gud.
695 4071 722 4140 1,
757 4071 782 4125 si
807 4070 915 4124 suaserit
942 4065 1021 4126 ΟΠ.
1050 4085 1168 4140 omnes,-

96 4151 150 4208 duo
172 4151 246 4216 Gaii.
291 4155 418 4230 Aliquot
445 4155 580 4213 versibus
609 4158 723 4231 postet
755 4156 841 4227 mepta
869 4150 963 4212 Gaius
985 4172 1001 4210 e
1024 4161 1164 4228 quattuor

97 4239 152 4295 auis
174 4237 222 4317 [B.
264 4241 347 4300 Idem
366 4238 504 4318 permut}

906 4354 957 4410 292
