3028 5020
413 429 455 476 ur
479 429 559 476 nau.
581 429 644 476 ura.
668 431 768 478 roae.
792 433 832 478 ao.
1105 415 1166 478 125

111 598 206 679 quibus
235 619 294 664 nou
326 600 427 664 solum
460 598 678 680 praesentibus
710 599 871 678 fruamur,
905 601 1081 666 sedetiam
1109 619 1166 681 spe

107 701 250 783 enguumr
270 701 489 784 consequentis
510 719 547 765 ao
569 701 687 782 posteri
698 701 856 782 temporis,
889 703 981 779 Quod
997 702 1164 784 qudamdlo

106 803 186 868 nodo
205 803 269 868 siue
290 803 426 868 amicitia
447 801 569 868 minam
590 809 623 867 et
644 811 828 885 perpetuam
849 805 1072 870 iucunditatem
1082 805 1165 869 vitae

104 915 199 970 tenere
227 925 394 987 possumus
433 923 535 987 neque
563 925 637 974 vero
663 906 766 987 ipsam
788 906 954 972 amicitiam
976 908 1070 986 meri,
1105 907 1164 971 nisi

102 1025 189 1089 aeque
208 1009 320 1074 amieos
342 1015 374 1072 et
397 1009 614 1089 nosmetipsos
630 1007 804 1089 diligamus,
826 1008 941 1074 idcireo
952 1014 984 1072 et
993 1009 1052 1074 hoo
1061 1009 1165 1090 ipsum
1186 1015 1207 1078 5

104 1107 221 1174 efficitur
241 1110 272 1174 in
294 1110 430 1174 amicitie
458 1118 489 1174 et
516 1111 650 1174 amicitia
677 1129 746 1175 eum
775 1110 935 1191 voluptate
962 1112 1162 1175 connectitur.

102 1211 173 1276 Nan
192 1220 222 1277 et
241 1213 396 1278 laetamur
417 1213 586 1278 arideorum
612 1213 729 1287 laetitia
755 1231 854 1294 aeque
882 1221 976 1294 atque
1003 1219 1111 1276 nostra
1133 1221 1164 1276 et

164 1420 181 1466 l.
197 1435 240 1481 pro
254 1419 376 1482 proeal'.
413 1419 694 1484 2.terrrpon's‘ocpoet.L
730 1415 1011 1486 3.[aitetete1oereEh]
1049 1424 1073 1466 4.
1084 1419 1163 1482 poesi·

103 1483 182 1533 nusll
222 1503 261 1535 aec
279 1501 338 1536 vero
358 1485 423 1536 COr.
443 1503 515 1550 raeque
534 1489 620 1535 aonll
660 1485 708 1550 apsi
724 1488 781 1552 (pro
799 1486 855 1548 nr'ei)
873 1485 942 1554 [A]P
990 1493 1014 1538 ὁ.
1033 1495 1057 1534 ut
1074 1487 1164 1536 aeolicos

104 1562 121 1596 et
137 1553 152 1601 l
169 1555 252 1602 amicos
269 1555 341 1604 acR
376 1571 419 1604 noe
437 1555 541 1619 ipeooC
577 1559 602 1607 6.
622 1553 652 1604 fet
671 1555 776 1605 ortamine
795 1557 892 1613 om.A;
911 1558 936 1604 in
954 1557 1039 1618 mgine
1063 1557 1165 1604 additur

104 1620 208 1688 amiticia]
250 1627 271 1671 7,
294 1622 378 1708 [letioif
397 1622 442 1691 ΔΙ]
489 1639 565 1687 aeque
583 1633 608 1672 ut
623 1606 707 1672 nostra
735 1624 831 1672 LPMR
849 1641 924 1688 aeque
942 1641 972 1673 oc
989 1623 1053 1674 ἰθ

104 1833 139 1886 ol.
155 1834 360 1905 praetermittere
382 1842 447 1898 ate„
471 1851 524 1907 pro
547 1832 631 1889 Balb.
657 1833 689 1888 2:
713 1833 791 1889 ulkil
812 1853 939 1907 umquam
961 1835 1067 1901 azadr'vi,
1091 1835 1165 1906 quood

105 1917 159 1972 anili
176 1918 207 1973 de
227 1921 284 1974 iare
305 1919 428 1974 auhtiliue
450 1919 506 1974 diei
525 1921 668 1982 uideretur,
680 1919 801 1974 —m'lil
822 1920 855 1975 cle
876 1919 1028 1993 republica
1043 1921 1163 1991 proviae,

105 2002 160 2057 ruli!
178 2003 209 2058 de
228 2007 286 2078 ipso
309 2001 352 2065 lid
363 2011 417 2072 eet
441 2003 477 2059 de
494 2002 700 2079 ipsodicente)
723 2006 880 2073 modoetiam
903 2002 1085 2062 Garatouius
1103 2023 1163 2060 ma-

106 2086 186 2144 lebat:
206 2090 238 2144 de
258 2107 287 2144 se
308 2091 377 2164 apso,
401 2089 646 2163 quemadmodum
668 2090 685 2146 Ι
707 2089 743 2146 de
765 2089 881 2146 Invent.
906 2088 959 2152 30,
988 2089 1038 2146 ubi
1062 2089 1161 2147 itidem

105 2174 178 2245 poam
194 2183 237 2230 eet
247 2177 334 2250 ipsam
346 2176 473 2231 dicerem
484 2175 584 2251 (einen
597 2173 702 2250 selbot)
725 2175 813 2232 lanta
824 2185 854 2230 et
864 2174 1026 2232 Lambinus
1037 2195 1065 2232 ae
1076 2177 1163 2250 qiman

105 2257 249 2316 ediderunt
728 2313 730 2318 .

179 2343 255 2412 Quod
275 2347 341 2419 quio
364 2347 436 2402 neella
457 2347 546 2419 modo)
579 2346 671 2403 Recte
692 2345 873 2403 Matthiaeus
895 2345 934 2401 ad
960 2346 1037 2402 hunc
1066 2345 1162 2403 locum

104 2441 219 2498 annotat,
240 2449 299 2487 non
322 2430 399 2488 alius
420 2431 537 2506 generis
559 2431 634 2488 hano
657 2449 721 2488 esse
744 2449 859 2502 vocem,
884 2449 959 2504 quae
982 2431 1162 2488 coniunctio·

103 2513 175 2572 nibus
195 2535 232 2572 ex
252 2515 414 2572 abundanti
438 2517 637 2592 praeponitur,
661 2517 717 2573 nisi
735 2517 813 2590 quod
825 2517 986 2573 sententias
1003 2516 1162 2592 coniungit,

103 2608 177 2672 atque
201 2620 362 2676 pronomen
385 2601 472 2672 illud,
507 2603 586 2677 quod
613 2602 698 2659 initio
725 2602 888 2658 sententiae
915 2602 958 2658 aio
985 2602 1104 2678 ponitur
1125 2603 1163 2658 ad

104 2685 239 2760 superiora
260 2687 402 2750 relatumq
432 2695 464 2743 ut
487 2687 592 2744 deiude
614 2697 677 2744 tota
699 2687 799 2761 aliqua
821 2687 968 2744 sententia
989 2686 1162 2763 explicetur.

104 2767 150 2826 Sed
171 2772 280 2848 origine
302 2772 376 2830 haec
398 2773 500 2829 eadem
523 2783 600 2839 sunt,
623 2791 681 2830 non
705 2773 734 2828 in
757 2773 880 2849 singulis
903 2773 984 2830 loeis.
1013 2772 1073 2831 Cir.
1087 2792 1162 2848 quae

103 2853 127 2909 in
145 2855 247 2932 Opuao.
270 2857 365 2914 Aea-d.
388 2858 418 2921 Ι,
448 2877 476 2933 p.
500 2859 560 2915 514
584 2859 647 2915 dixi
680 2858 716 2916 de
743 2859 882 2934 ambigua
908 2859 995 2915 huius
1023 2859 1104 2916 voois
1132 2860 1162 2915 in

104 2939 198 3016 aliquot
220 2944 293 3000 locis
316 2954 430 3000 natura.

172 3033 267 3086 amalos
290 3039 315 3085 et
337 3040 435 3086 uosmet
458 3029 544 3104 ipsae)
567 3029 635 3088 Urs.
648 3029 761 3094 codet,
786 3029 975 3102 quodmiror,
999 3029 1076 3086 Ele
1097 3027 1163 3108 (aed

105 3108 210 3171 tortasse
232 3113 290 3172 fuit
316 3112 349 3194 1)
373 3133 405 3172 oo
427 3135 509 3171 nomio.
555 3116 590 3172 In
618 3116 674 3171 hae
702 3115 873 3188 quaestione
902 3114 938 3170 de
960 3125 984 3171 et
1006 3133 1060 3191 pro
1082 3125 1163 3189 cuque

105 3199 183 3268 posita
207 3209 274 3275 post
301 3219 386 3274 oeque
412 3189 466 3257 neo
493 3200 629 3257 Handius
663 3199 764 3279 (Ture.
787 3199 817 3271 Ι,
848 3220 876 3275 p.
908 3196 981 3282 190)
1009 3218 1063 3256 neo
1091 3199 1162 3258 Otto

104 3281 132 3337 ad
149 3283 175 3340 h.
191 3285 209 3341 l.
231 3286 305 3343 satie
326 3285 462 3343 distinxit
484 3305 535 3344 eos
557 3286 652 3356 locos,
686 3285 716 3342 in
739 3285 846 3360 quibus
874 3285 909 3342 de
932 3285 1072 3342 subiectis
1094 3304 1163 3342 oon·

104 3365 193 3427 iunctis
214 3371 330 3428 dicatur
351 3391 444 3446 oeque,
467 3381 499 3428 ut
522 3372 595 3428 nihil
616 3389 738 3446 prorsus
749 3371 897 3448 singulare
909 3371 947 3428 sit
964 3369 1063 3449 (velut
1073 3372 1162 3429 Tusa.

106 3449 136 3518 li,
157 3457 207 3512 62:
228 3459 334 3514 eoadem
357 3459 460 3517 labores
482 3477 533 3513 non
556 3477 612 3514 ease
633 3476 717 3532 oeque
736 3476 834 3530 provee
845 3460 1002 3532 imperatori
1021 3467 1047 3514 et
1062 3457 1162 3530 militi),

104 3537 133 3592 ab
150 3540 191 3598 iia.
215 3542 244 3599 in
266 3543 374 3618 quibus
397 3561 435 3599 ex
457 3543 614 3600 verborum
636 3542 736 3618 positu
757 3537 925 3624 (interiecto
947 3538 1044 3617 oeqoe)
1073 3553 1101 3599 et
1124 3561 1161 3599 ex

104 3627 231 3684 sententia
252 3627 443 3705 intellegatur
463 3647 548 3703 oeqzte
570 3628 608 3684 ad
630 3627 755 3685 alterum
778 3628 941 3685 stibieotum
964 3628 1110 3704 pertinere
1133 3637 1163 3685 et

104 3707 132 3764 ad
151 3711 179 3767 id
198 3711 302 3771 referri
325 3725 363 3781 et,
398 3723 429 3771 ut
451 3715 512 3784 IV,
537 3716 576 3770 64
601 3714 687 3786 (oaeot'
707 3733 791 3788 oeque
813 3724 838 3769 et
859 3717 887 3776 ii.
910 3717 958 3788 qrzi
978 3717 1056 3770 malo
1077 3716 1162 3789 ηπῶς

104 3791 128 3848 in
146 3795 186 3852 his
206 3809 251 3856 eet
273 3799 351 3856 enim
374 3799 461 3871 illud,
485 3799 564 3874 quod
586 3799 734 3875 singulare
757 3809 891 3874 putatur,
925 3817 1101 3873 quamquam
1125 3818 1162 3856 ex

105 3877 182 3939 altero
202 3894 298 3942 ortum
322 3895 375 3942 eet.
415 3886 451 3942 In
473 3885 649 3960 quibusdam
660 3885 734 3942 locis
746 3885 835 3942 dubia
846 3885 922 3942 ratio
934 3895 988 3951 est,
1011 3885 1084 3941 utin
1097 3885 1161 3954 hoo,

104 3965 148 4021 elei
167 3969 256 4045 magis
279 3970 317 4026 ad
339 3971 464 4028 alterum
487 3989 579 4047 genus
602 3970 744 4027 inclinare
766 3970 890 4027 videtur.
924 3969 985 4028 cfr.
1003 3971 1041 4027 ad
1057 3970 1098 4031 Π.
1112 3971 1161 4026 21.

173 4065 357 4130 atqueaeque
379 4058 482 4130 matru)
526 4055 591 4124 sic,
615 4067 647 4112 ut
673 4054 736 4113 fere
758 4055 796 4112 ab
818 4056 953 4113 omnibus
976 4055 1085 4112 editum
1107 4065 1162 4124 est,

105 4135 178 4194 etiam
200 4138 276 4216 Spir.
288 4139 333 4218 [et
345 4139 398 4219 A].
422 4140 593 4199 Deteriores
606 4141 667 4213 [El.
678 4150 811 4216 uterque,
834 4141 941 4208 Mead,
960 4140 1039 4201 Oxx.
1051 4160 1161 4212 omnes,

105 4216 161 4278 Gaii
180 4237 295 4299 praeter
317 4227 391 4286 duos
418 4223 500 4305 illos)
528 4247 612 4302 aeque
633 4237 662 4284 ut
683 4237 790 4297 nostro,
825 4227 903 4302 quod
926 4226 1019 4285 Gaius
1041 4227 1161 4303 recepit,

104 4317 190 4366 eontra
211 4309 362 4371 Ciceronis
383 4323 413 4370 el
434 4313 622 4388 antiquorum
645 4331 744 4382 usum;
778 4312 837 4369 vid.
859 4313 957 4371 Hand.
978 4314 1010 4384 1,
1038 4333 1066 4389 p.
1093 4313 1161 4384 192,
