2944 5040
487 369 661 418 moussus
678 371 721 416 ιι.
1081 355 1145 420 835

89 543 141 595 ιἰιίιι
158 541 302 615 prohibent
323 552 482 616 sanotooqoe
505 543 614 610 babent3
637 561 703 599 nam
727 542 779 600 illa
801 543 967 601 coniunctio
979 547 1145 619 quiquopue

88 629 112 682 (le
129 645 210 682 coneo
233 626 470 684 distributionem
494 627 639 704 significat
661 628 841 704 singularum
855 648 1009 687 cansarum
1020 625 1067 710 (ut
1078 649 1143 688 cum

87 711 150 768 dico:
173 711 312 768 dixerunt
334 712 439 769 deinde
462 713 629 788 separatim,
653 713 704 790 qui
716 733 829 788 quaque
852 715 931 772 dere
944 714 1143 793 miseierant).

86 797 160 854 Recte
182 797 298 854 codices
322 797 425 872 optimi
448 797 544 873 (Leid.
571 803 602 869 1,
631 799 728 856 Haun.
756 801 786 856 A
814 801 892 877 apud
919 801 1143 878 Elberlingium,

87 881 288 958 Scaligeranua
311 882 428 958 Ursini)
451 883 574 940 habent:
603 904 770 960 priscumque
792 887 825 942 de
846 905 939 943 causa.
972 887 1063 961 Apud
1085 887 1144 944 Ta-

85 969 159 1024 citum
181 970 261 1025 Anu.
285 968 377 1039 XIII,
404 971 440 1026 14
464 969 634 1028 Waltherus
662 989 716 1046 pro
748 979 829 1028 recto
862 991 894 1028 ne
921 974 999 1028 cuiue·
1019 991 1055 1028 ex
1079 973 1143 1029 edd.

84 1063 141 1110 vett.
162 1053 477 1129 arripuituecuiasque
508 1035 630 1112 Grutdri
647 1075 785 1126 errorem,
809 1056 900 1130 quiin
913 1056 1144 1117 SallustiiCetil.

85 1157 103 1194 c
122 1139 138 1196 5
160 1157 214 1215 pro
237 1158 281 1203 eo,
305 1140 384 1213 quod
407 1148 486 1197 recte
509 1141 661 1198 scribitur·
699 1161 785 1216 supra
807 1163 888 1216 quom
910 1147 1035 1216 ιιιὶᾳιιαιιι
1058 1145 1144 1200 oredi-

84 1226 122 1280 oio
141 1235 192 1294 eet,
222 1225 314 1282 edidit
345 1225 470 1282 barbare
503 1246 585 1300 quom
614 1229 710 1301 cuique
737 1224 838 1307 (quasi
867 1227 960 1284 dicas:
993 1231 1079 1284 maior
1106 1238 1144 1285 eet

84 1329 151 1384 quom
178 1314 266 1384 paene
292 1313 363 1366 oliuo
395 1330 449 1386 pro
482 1331 531 1380 eo,
565 1313 644 1385 quod
671 1323 729 1369 est:
762 1332 844 1388 quom
878 1317 1021 1388 qaisquam
1049 1311 1143 1392 olins),

83 1415 129 1452 non
151 1395 237 1452 modo
260 1394 463 1466 refellendum,
487 1396 538 1453 sed
560 1416 596 1453 ue
619 1398 778 1455 notandum
791 1399 908 1473 quidem
921 1407 1064 1474 putarem,
1086 1399 1144 1456 nisi

82 1480 132 1538 fere
153 1481 183 1538 in
206 1482 332 1538 eundem
355 1500 448 1558 nuper
469 1481 621 1539 incidisset
643 1481 890 1560 Stuerenburgius
912 1485 942 1541 in
965 1493 1143 1542 commenta·

81 1567 149 1624 tione
171 1567 299 1624 secunda
321 1567 443 1624 editioni
466 1568 606 1625 librorum
630 1569 665 1625 de
678 1567 783 1626 officiis
795 1570 935 1626 subiecta.
969 1569 1046 1627 Nam
1065 1570 1144 1644 quod

81 1653 148 1709 ultra
173 1652 341 1709 communia
367 1652 420 1709 illa
441 1672 541 1710 eorum
565 1662 736 1729 praecepta,
767 1655 818 1729 qui
845 1655 1032 1730 pronomina,
1067 1674 1143 1730 quea

81 1747 138 1794 sunt
159 1740 304 1812 qaisquam
327 1741 448 1801 atellae,
471 1747 584 1796 tautum
607 1739 636 1795 in
660 1739 804 1815 negativis
827 1741 979 1797 sententiis
996 1739 1067 1816 poni
1083 1751 1143 1797 tre·

81 1824 151 1892 dunt,
173 1824 312 1899 progredi
334 1824 429 1881 noluit
446 1843 499 1880 uec
521 1825 687 1900 perspexit,
710 1826 741 1881 in
763 1825 809 1882 his
831 1827 954 1884 vocibus
976 1825 1143 1902 generalem

81 1927 135 1966 esse
161 1908 402 1970 affirmationem.
436 1909 585 1986 negationi
613 1909 655 1967 ita
676 1911 867 1982 contrariam,
901 1919 934 1968 ut
956 1911 983 1968 ei
1005 1910 1141 1984 sufficiat,

80 2013 159 2051 unum
181 1995 311 2066 omnino,
334 1995 536 2069 quodcumque
559 1995 676 2052 taudem
700 1995 747 2068 sit,
770 2015 844 2068 esse,
867 1997 944 2054 siin
966 2014 1040 2072 quos
1062 1996 1143 2055 locos

80 2080 223 2152 inciderat,
235 2081 297 2154 ,qui
320 2079 454 2156 vulgaria
476 2081 527 2138 illa
548 2081 673 2139 artificia
693 2100 814 2158 prorsus
825 2083 1012 2158 respuebant,
1036 2082 1142 2156 quibus

79 2165 230 2224 sententias
253 2184 290 2222 ex
313 2165 498 2223 affirmativis
520 2166 672 2243 negativas
694 2166 820 2239 faciunt,
849 2168 931 2224 velut
953 2185 1017 2224 cum
1040 2186 1142 2225 occur-

79 2251 154 2307 rebat
175 2251 247 2308 diei:
271 2262 348 2326 turpe
369 2261 417 2320 est,
439 2255 582 2309 ridiculum
604 2263 651 2322 eet,
674 2272 731 2309 ease
753 2273 928 2328 quemquam,
952 2253 1058 2328 partlm
1076 2253 1142 2311 aliis

78 2347 206 2393 nauseet
228 2337 357 2407 auxiliis,
379 2336 410 2394 in
433 2337 469 2395 iis
491 2347 589 2394 autem
612 2337 698 2406 locis,
727 2339 777 2395 ubi
800 2339 843 2396 sic
865 2357 1038 2396 concurrere
1060 2339 1141 2396 vide-

76 2421 121 2477 bat
141 2441 301 2496 pronomen
324 2425 467 2497 quisquam
490 2433 519 2480 et
540 2423 694 2480 relativum
719 2424 765 2500 (ut
786 2442 851 2481 cum
869 2425 989 2482 dicitur:
1013 2426 1140 2500 17111ρο-

76 2509 257 2576 testocu‘dere,
277 2510 352 2582 quod
371 2512 497 2584 cuiqnam
514 2505 627 2589 potest),
650 2527 811 2583 pronomen
834 2513 947 2584 quisque
969 2528 1060 2586 preve
1072 2511 1140 2567 sub·

77 2592 166 2649 stituit
186 2593 276 2666 idque
298 2613 352 2669 pro
375 2613 419 2662 eo,
443 2594 522 2667 quod
544 2597 767 2668 estqm'oumqae‚
790 2595 918 2671 positum
941 2614 1004 2653 esse
1017 2594 1140 2667 censuit,

75 2687 103 2732 ut
125 2677 166 2754 (p.
181 2675 255 2756 198)
277 2679 354 2754 apud
367 2679 537 2737 Ciceronem
550 2679 587 2736 ad
598 2680 690 2737 Attio.
708 2681 765 2749 IX,
787 2681 834 2752 15,
848 2681 881 2737 5:
903 2683 978 2754 quod
999 2691 1023 2738 te
1044 2683 1143 2738 ιιιιιιιιιιΙ

73 2764 185 2820 arbitror
206 2774 326 2838 oportere
348 2768 455 2836 imbria,
479 2785 549 2839 quoe
559 2767 625 2822 mibi
634 2785 651 2822 o
663 2771 798 2840 quoquam
820 2764 1010 2840 (quicumque
1022 2765 1140 2823 tandem

74 2847 96 2904 is
113 2848 163 2922 eit)
179 2853 261 2923 sacta
277 2853 320 2919 sit,
344 2851 485 2906 scribito
507 2870 625 2924 quoque.
660 2859 690 2908 et
716 2851 745 2907 in
769 2849 898 2910 Cornelii
920 2851 1022 2909 Attico
1051 2869 1075 2908 c.
1103 2852 1138 2908 19

73 2931 175 3003 (tanea
196 2937 264 2991 enim
282 2939 453 3010 prosperitas
478 2935 620 2992 Caesarem
647 2947 687 2992 est
712 2947 866 3004 cmweouto,
900 2947 929 2992 ut
956 2937 1022 2992 nibil
1043 2939 1068 2992 ei
1088 2956 1139 2992 non

74 3020 189 3076 tribuerit
204 3024 335 3094 sortione,
359 3023 433 3094 quod
453 3024 579 3096 cuiquam
600 3031 662 3078 ante
684 3024 815 3091 oletulmt,
839 3021 867 3078 id
891 3031 943 3091 est,
967 3020 1067 3078 omnia
1077 3041 1139 3078 om·

71 3105 148 3161 nium
172 3104 340 3186 commoda)
368 3107 453 3181 ponit
479 3109 581 3181 cuique.
631 3107 715 3164 Nihil
742 3107 835 3182 magis
863 3107 1040 3164 contrarium
1069 3105 1140 3182 fingi

71 3199 166 3263 potest
187 3210 274 3266 quam
298 3192 384 3248 haec:
411 3188 492 3260 Quod
512 3196 656 3267 quiequam
677 3196 784 3268 occipit,
807 3212 853 3266 epo
869 3195 971 3267 accipio
992 3189 1062 3263 (hoc
1078 3199 1139 3248 eet:

70 3275 142 3332 nihil
164 3287 221 3333 tam
245 3295 343 3334 rarum
367 3288 420 3347 est,
444 3278 523 3352 quod
544 3297 612 3350 non,
635 3279 660 3335 si
682 3279 835 3352 quisquam
847 3277 933 3346 alius,
956 3295 1140 3354 egoquoque

69 3358 225 3443 accipiam)
247 3373 291 3419 et:
329 3361 409 3430 Quod
429 3366 513 3420 cuivis
535 3365 630 3432 datur,
658 3366 760 3438 occipio
787 3359 857 3444 (boc
889 3370 947 3419 est:
985 3362 1139 3434 vilissima,

69 3463 143 3518 quae
165 3447 300 3505 omnibus
312 3445 442 3526 dautur).
463 3450 511 3505 Ac
524 3447 785 3525 Stuerenburgium
798 3448 915 3522 quidem
927 3448 974 3504 vel
986 3447 1141 3523 Zumptius

68 3531 97 3606 (ξ
111 3533 169 3589 709
183 3531 272 3612 extr.)
285 3534 453 3602 convincet3
475 3534 527 3590 sed
545 3534 682 3608 quoniam
700 3533 725 3591 is
737 3552 853 3608 quoque
875 3551 971 3590 raram
988 3533 1063 3590 hanc
1079 3531 1140 3590 for·

67 3635 144 3673 mam
156 3629 249 3694 putat,
268 3619 412 3675 ascribam
426 3619 601 3690 testimonia,
613 3619 690 3676 Livii
703 3619 858 3690 XXXIII,
872 3619 899 3689 3,
913 3620 931 3676 4
944 3627 974 3675 et
980 3619 1079 3688 XLII,
1089 3619 1140 3690 34,

69 3702 118 3772 13,
142 3703 358 3775 Ovid.Am.H,
372 3707 401 3775 4,
414 3707 465 3775 47,
488 3704 785 3776 Senec.adMerc.l,
800 3705 817 3761 3
820 3704 999 3779 ,spissat
1009 3703 1025 3762 7
1050 3699 1139 3782 (brea

66 3791 188 3860 opinione
208 3800 276 3859 erat,
299 3800 328 3846 ut
335 3801 446 3865 putaret
456 3811 484 3846 se
495 3794 571 3860 seire,
595 3793 668 3864 quod
678 3794 821 3864 quisquam
844 3793 870 3846 in
887 3791 964 3846 domo
974 3809 1025 3846 sua
1036 3787 1140 3868 sciret),

66 3871 102 3928 de
114 3874 268 3944 BeneIV
291 3877 317 3934 l
326 3877 400 3952 3(at
416 3877 464 3932 ott
489 3878 553 3934 dori
579 3877 727 3949 bmoeyioium
747 3886 840 3950 puteo,
861 3875 948 3948 quod
969 3877 1018 3931 atti
1037 3874 1139 3949 daur),

66 3957 162 4033 Epist.
178 3963 257 4032 16,7
271 3951 421 4040 (quidquid
437 3963 499 4018 bere
515 3964 664 4018 dictumest
680 3963 715 4017 ab
732 3963 793 4032 ullo,
817 3963 974 4038 motarent),
993 3969 1063 4028 tum,
1087 3959 1138 4016 ubi

66 4043 238 4104 adverbium
266 4065 382 4121 usquam
409 4055 461 4104 aut
488 4067 614 4122 umquam
647 4047 773 4122 positum
799 4055 857 4116 est,
880 4045 958 4103 Livii
982 4045 1019 4114 V,
1038 4045 1088 4114 42,
1108 4045 1138 4116 5,

67 4129 137 4188 Tac.
154 4135 234 4189 Ann.
247 4133 305 4195 111.
319 4133 368 4189 17.
397 4133 502 4212 (Apud
513 4133 629 4190 Lrvrum
641 4133 697 4188 IV
711 4133 738 4188 6.
753 4131 894 4188 9editnr.
916 4131 1062 4204 intemplo
1077 4149 1137 4204 qm

65 4233 177 4291 tamque
193 4220 301 4293 aliquid
316 4221 438 4275 todonae
454 4220 561 4275 dhoet
577 4229 625 4274 aut
634 4221 784 4292 senerata]
787 4237 848 4272 ιιαιιι
865 4219 979 4272 ηιαιήιιιε
996 4215 1137 4287 tribunitii,

61 4319 195 4374 pressare
211 4306 328 4360 laninas
344 4315 369 4361 et
384 4323 558 4374 conterreat-n
580 4323 702 4379 pravum
721 4322 802 4376 quam
813 4305 927 4358 reomao
938 4319 992 4376 pro
1008 4303 1137 4370 mm?

889 4417 933 4472 53⁹
