3018 5052
408 417 451 462 nr
475 414 554 462 nnn.
578 414 639 460 nra.
661 413 697 460 ιιι
719 414 791 461 cnr.
813 417 853 462 ar.
1102 397 1166 464 465
1197 389 1212 408 “

97 591 235 668 censent,
257 584 330 668 qrria
352 585 393 650 sit
414 603 451 650 ex
474 603 510 649 eo
532 603 658 666 genere,
687 602 766 666 quae
788 591 928 665 prosunt.
973 584 1166 666 Quamquam

96 697 202 754 autern
235 688 266 752 in
294 687 427 752 amicitia
459 687 510 750 alii
537 687 643 752 dicant
668 704 768 768 aeque
800 703 904 750 caram
938 704 1006 752 esse
1034 685 1166 767 sapienti

97 793 249 856 rationem
278 789 366 854 amiei
393 807 429 854 ac
458 807 560 866 suern,
592 787 644 852 alii
666 795 768 852 autern
796 787 853 852 sibi
880 788 990 868 crriqne
1017 788 1167 852 cariorem

97 913 196 971 suam,
219 901 323 958 tamen
351 891 382 954 hi
404 908 526 972 quoqne
548 889 737 973 posteriores
759 888 909 967 letentur,
942 889 1076 954 alienum
1097 908 1167 954 esse

167 1119 191 1166 ἱ.
209 1113 337 1162 omicidium
357 1111 377 1162 C
413 1117 436 1160 4.
456 1112 483 1161 id
499 1129 589 1176 quoque
608 1112 628 1163 C
647 1113 670 1162 t'u
688 1128 778 1176 quoqne
796 1111 846 1160 PM
864 1110 1042 1175 utrumquodque
1060 1111 1083 1160 ll

94 1293 198 1374 πέλας,
221 1323 289 1375 nen,
313 1313 345 1360 ut
367 1303 472 1374 editur,
494 1295 571 1359 κατὰ
593 1288 720 1382 σχέσιν),
744 1314 774 1359 et
795 1313 856 1359 turn
879 1303 909 1358 in
932 1303 1061 1359 externis
1083 1303 1169 1360 bonis

96 1407 172 1458 esse,
197 1389 302 1465 partim
325 1399 445 1466 propter
467 1407 534 1444 eum
555 1406 699 1460 amorem,
723 1407 781 1462 qno
804 1407 857 1446 nos
879 1388 936 1464 ipsi
958 1388 1067 1445 amicos
1090 1407 1167 1446 corn·

95 1476 270 1554 plectamur,
294 1483 323 1532 et
345 1485 407 1532 turn
429 1475 459 1530 in
482 1473 571 1532 animi
594 1473 679 1530 bonis
701 1474 857 1532 numerari.

184 1581 218 1617 ee
239 1581 268 1618 eo
286 1579 389 1634 penore,
412 1565 615 1636 quaeprosunt)
639 1559 776 1616 Naturali
789 1559 913 1634 quadam
927 1558 1068 1616 orationis
1080 1558 1167 1616 libar-
1201 1607 1205 1620 .

97 1657 157 1704 tate
181 1646 307 1722 primum
330 1645 590 1704 demonstrativum
613 1645 655 1702 sic
678 1645 862 1702 substantivo
873 1644 999 1714 additur,
1022 1653 1056 1702 ut
1074 1644 1167 1701 eidem

96 1731 255 1790 relativum
277 1731 424 1788 adiectum
446 1731 482 1788 iri
503 1731 647 1792 videatur.
671 1729 784 1798 deinde.
808 1749 873 1786 cum
897 1739 1045 1798 occurrat,
1079 1729 1168 1788 idad

97 1817 274 1876 sententiam
296 1817 393 1874 minus
414 1827 526 1874 rectum
548 1815 612 1874 fore
636 1811 744 1896 (neque
767 1815 843 1872 enim
862 1815 1094 1890 genusprodest,
1118 1815 1168 1872 sed

10 1927 11 1932 ¹
96 1905 161 1961 eius
183 1902 299 1979 generis
321 1900 393 1977 ree),
415 1902 569 1960 relativum
593 1901 630 1958 ad
653 1901 768 1977 singula
789 1899 929 1970 refertur,
953 1901 1036 1974 quasi
1059 1900 1167 1959 dietum

96 1989 136 2046 sit
158 2009 192 2046 eu
213 2008 302 2046 eorum
322 2007 416 2062 penem
445 1985 493 2066 (nt
520 1987 681 2044 Lambinus
708 1987 796 2044 scribi
824 1986 957 2058 volebat,
990 2004 1043 2042 nec
1071 1995 1168 2043 tamen

97 2074 200 2150 paucis
222 2074 356 2132 versibus
377 2083 459 2131 ante:
481 2077 509 2130 in
530 2091 730 2146 concrepantem,
754 2067 838 2153 quoe)
860 2080 911 2129 ant
932 2091 965 2128 ee
981 2073 1028 2142 ite
1052 2069 1170 2147 cinpro

97 2161 184 2218 Font.
211 2159 263 2216 12:
285 2170 387 2217 emutat
408 2180 441 2217 ee
462 2162 496 2216 iia
515 2159 655 2232 peceribus
677 2159 808 2215 domiuum
832 2160 1026 2228 eternitatem,
1050 2159 1098 2232 qui
1114 2167 1168 2214 cet.

97 2245 226 2319 (rettulit
247 2245 285 2302 ad
307 2245 431 2318 bmnium,
454 2264 512 2303 non
535 2244 571 2302 ad
592 2241 712 2318 qenero).
735 2243 785 2302 Sic
796 2242 966 2302 Ciceronem
979 2241 1040 2300 fere
1055 2261 1170 2317 semper

98 2331 195 2388 dicere
207 2350 280 2388 cneo
291 2351 408 2404 nurmro,
431 2333 480 2406 qm'
500 2331 573 2406 (non
594 2349 627 2386 en
639 2347 728 2386 eorum
744 2323 875 2409 enumero),
898 2328 1015 2404 copiose
1033 2328 1169 2404 exposuit

99 2416 348 2492 Stuerenburgius
359 2417 396 2474 ad
408 2425 481 2474 orat.
492 2435 547 2492 pro
558 2414 649 2473 Arch.
664 2415 699 2472 31
715 2435 743 2490 p.
759 2416 817 2472 185
831 2433 873 2488 sq.
885 2413 930 2470 ed.
946 2416 972 2470 1.
1005 2413 1040 2470 In
1058 2413 1169 2471 definiti

97 2502 213 2578 generis
230 2501 442 2578 significatione
454 2501 558 2560 Cicero
567 2501 758 2558 indicativum
770 2500 887 2568 nundum
899 2498 1038 2574 (prosunt)
1051 2499 1170 2556 retinuit

98 2588 128 2644 in
150 2588 296 2644 sententia
316 2587 443 2645 orationi
465 2587 601 2660 obliquae
625 2585 686 2664 (sit)
703 2585 890 2660 interposita.

188 2671 358 2748 Quamquam
371 2683 458 2730 autem
470 2707 512 2715 --
523 2670 628 2746 dieunt)
650 2672 718 2729 Non
731 2671 843 2740 dubito,
867 2671 935 2744 quin
960 2669 1064 2728 Cicero
1087 2689 1169 2726 num·

99 2776 185 2832 quam
213 2759 245 2816 in
274 2767 355 2816 reeta
379 2759 511 2816 oratione
539 2757 700 2834 particulae
728 2777 891 2831 quamquam
914 2756 943 2812 in
967 2755 1078 2830 protasi
1102 2773 1170 2812 ron-

98 2843 260 2900 iunctivnm
283 2844 449 2908 subiecerit.
473 2843 529 2902 nisi
551 2842 602 2899 nbi
624 2843 724 2917 aliqua
744 2842 850 2899 lateret
871 2841 1040 2917 potentialis
1069 2840 1168 2896 condi-

98 2929 259 2987 cionalisve
286 2941 337 2986 aut
369 2929 473 2988 similis
501 2928 689 3004 significatio,
724 2947 798 3002 quae
826 2927 874 2984 hic
902 2927 984 2984 nulla
1012 2934 1064 2982 est.
1110 2925 1168 2984 Sed

100 3016 236 3089 quoniam
255 3015 338 3072 codd.
355 3015 435 3085 boni,
453 3015 503 3088 qui
520 3013 730 3070 eiusdemmodi
748 3013 883 3070 urendum
898 3017 912 3082 §
926 3013 965 3069 48
978 3012 1167 3070 sustulerunt.
1262 3011 1264 3014 ’

99 3101 146 3158 hic
168 3101 242 3158 nihil
263 3119 317 3158 nos
339 3101 450 3167 iuvant,
473 3099 546 3156 nihil
568 3100 695 3168 mutavi;
717 3099 781 3155 fieri
803 3098 998 3173 enimpotest,
1022 3107 1054 3152 ut
1065 3095 1168 3154 Cicero
1271 3159 1279 3172 ·

101 3187 263 3262 scripserit:
289 3187 452 3242 Cumoutem
475 3219 517 3228 —
540 3187 631 3242 dieunt
652 3194 707 3242 eet.
741 3183 827 3257 (Otto
840 3182 975 3240 mendum
987 3181 1062 3239 vidit
1078 3181 1168 3256 scrip·

101 3271 194 3346 sitque
216 3274 323 3342 dicunt3
345 3272 375 3328 in
397 3291 428 3328 re
452 3271 616 3346 praeceptis
639 3269 911 3346 comprehendenda
933 3263 1065 3343 labitur.)

183 3359 235 3414 eibi
255 3359 350 3432 cecique
371 3359 498 3414 com'orem
521 3354 611 3432 stratu)
645 3351 703 3429 Qui
726 3353 871 3424 attendet,
900 3353 1025 3430 reperiet
1048 3371 1169 3409 consve-

104 3431 416 3518 tudinem'postulore:
439 3462 514 3500 suam
537 3444 632 3516 cuique
653 3444 796 3508 cariorem
826 3459 928 3496 verunt
951 3439 992 3496 sic
1015 3457 1073 3495 non
1097 3437 1168 3494 satis

103 3529 280 3592 sentiebatur
301 3529 417 3604 pondus
439 3527 580 3586 orationis
602 3546 697 3602 neque
724 3527 755 3583 in
783 3546 858 3582 suam
882 3544 976 3599 neque
999 3524 1027 3580 in
1052 3523 1170 3599 opposi-

103 3613 177 3670 tione
199 3617 245 3671 eui
265 3613 349 3690 (einer
370 3615 464 3674 selbst.
487 3614 545 3670 vid.
570 3613 654 3684 adl,
680 3607 734 3693 67)
757 3621 786 3668 et
807 3613 894 3668 andei.
938 3611 1042 3684 Itaque
1065 3607 1170 3668 Cicero

104 3709 132 3754 et
151 3719 228 3756 ouum
249 3699 280 3756 in
302 3700 436 3757 ultimum
459 3699 555 3756 locum
578 3699 679 3756 reiecit
697 3708 725 3756 et
748 3707 815 3754 ante
832 3699 935 3771 ortuque,
959 3695 1038 3770 qnod
1059 3714 1095 3751 ne
1119 3713 1170 3769 po·

104 3792 175 3842 terat
196 3785 315 3860 quidem
336 3785 463 3861 primurn
486 3785 582 3841 locum
605 3795 720 3854 tenere,
755 3783 867 3840 addidit
889 3783 954 3851 sibi,
988 3781 1066 3855 quod
1089 3779 1169 3836 illam

105 3872 314 3946 oppositionem
337 3871 524 3948 significaret,
558 3869 608 3926 vix
632 3870 694 3945 ipse
717 3870 829 3926 ratione
858 3869 943 3924 huius
965 3867 1169 3942 pronominum

105 3957 322 4028 coniunctionis,
345 3957 427 4014 cuius
450 3955 561 4013 nullnnr
585 3955 665 4012 aliud
687 3955 781 4012 habeo
809 3953 990 4028 exemplum.
1025 3950 1172 4008 subtiliter

106 4042 256 4116 exquisita.
289 4038 538 4122 [Ratioounr'oiest
561 4059 636 4115 qnae
648 4040 735 4097 amici
746 4041 879 4108 habetur,
897 4039 952 4095 hoc
964 4049 1015 4094 est.
1034 4034 1170 4113 utilitas]

185 4129 214 4184 lu'
234 4147 340 4202 qunque
345 4123 520 4208 posteriores)
542 4128 677 4184 Mosarus
689 4124 833 4202 (Symbol.
846 4125 918 4183 Crit.
931 4124 967 4180 ad
980 4123 1040 4181 Cic.
1058 4123 1093 4178 de
1106 4122 1170 4178 Fin.

106 4221 135 4267 et
154 4213 240 4271 Tunc.
263 4213 370 4274 Ulmae
395 4211 490 4292 1825)
523 4213 587 4270 tolli
621 4220 797 4287 postremam
826 4228 927 4266 vocem
955 4209 1032 4266 vult.
1067 4207 1171 4282 opinor

107 4295 308 4374 (nequeenim
331 4299 463 4356 libellum
486 4293 570 4377 vidi),
594 4291 779 4372 quod'putat
800 4296 921 4352 Latinos
944 4313 1001 4350 non
1025 4293 1067 4348 sie
1089 4292 1170 4366 loqui

109 4382 141 4438 de
162 4385 205 4456 iis,
229 4404 302 4459 qnos
324 4385 460 4462 propiore
483 4383 548 4440 loco
570 4383 758 4442 nominarint.
791 4383 834 4438 Ar
857 4381 981 4445 iarnIV.
999 4381 1034 4435 10
1047 4378 1169 4453 legitur:

932 4497 967 4550 30
