<?xml version="1.0" encoding="UTF-8"?>
<!DOCTYPE html PUBLIC "-//W3C//DTD XHTML 1.0 Transitional//EN"
    "http://www.w3.org/TR/xhtml1/DTD/xhtml1-transitional.dtd">
<html xmlns="http://www.w3.org/1999/xhtml" xml:lang="en" lang="en">
 <head>
  <title>
</title>
<meta http-equiv="Content-Type" content="text/html;charset=utf-8" />
  <meta name='ocr-system' content='tesseract 3.04.00' />
  <meta name='ocr-capabilities' content='ocr_page ocr_carea ocr_par ocr_line ocrx_word'/>
</head>
<body>
  <div class='ocr_page' id='page_1' title='image "./definibusbonoru04cicegoog_0271.png"; bbox 0 0 2938 5020; ppageno 0'>
   <div class='ocr_carea' id='block_1_1' title="bbox 320 399 1143 466">
    <p class='ocr_par' dir='ltr' id='par_1_1' title="bbox 320 399 1143 466">
     <span class='ocr_line' id='line_1_1' title="bbox 320 399 1143 466; baseline 0.005 -7"><span class='ocrx_word' id='word_1_1' title='bbox 320 427 323 434; x_wconf 96' lang='lat'>·</span> <span class='ocrx_word' id='word_1_2' title='bbox 395 415 438 460; x_wconf 83' lang='lat' dir='ltr'>nn</span> <span class='ocrx_word' id='word_1_3' title='bbox 463 415 543 460; x_wconf 51' lang='lat' dir='ltr'>uait.</span> <span class='ocrx_word' id='word_1_4' title='bbox 566 415 629 459; x_wconf 84' lang='lat' dir='ltr'>nis.</span> <span class='ocrx_word' id='word_1_5' title='bbox 651 415 675 460; x_wconf 95' lang='lat' dir='ltr'>n</span> <span class='ocrx_word' id='word_1_6' title='bbox 697 415 770 461; x_wconf 81' lang='lat' dir='ltr'>oar.</span> <span class='ocrx_word' id='word_1_7' title='bbox 790 419 815 466; x_wconf 79' lang='lat' dir='ltr'>o,</span> <span class='ocrx_word' id='word_1_8' title='bbox 1082 399 1143 464; x_wconf 83' lang='lat'>193</span> 
     </span>
    </p>
   </div>
   <div class='ocr_carea' id='block_1_2' title="bbox 8 583 1182 1278">
    <p class='ocr_par' dir='ltr' id='par_1_2' title="bbox 8 583 1182 1278">
     <span class='ocr_line' id='line_1_2' title="bbox 8 583 1143 665; baseline 0.003 -18"><span class='ocrx_word' id='word_1_9' title='bbox 8 595 9 602; x_wconf 76' lang='grc'>’</span> <span class='ocrx_word' id='word_1_10' title='bbox 88 585 281 648; x_wconf 86' lang='lat' dir='ltr'>concedamus.</span> <span class='ocrx_word' id='word_1_11' title='bbox 329 583 504 649; x_wconf 84' lang='lat' dir='ltr'>Contemnit</span> <span class='ocrx_word' id='word_1_12' title='bbox 526 585 698 648; x_wconf 90' lang='lat' dir='ltr'>disserendi</span> <span class='ocrx_word' id='word_1_13' title='bbox 719 583 916 665; x_wconf 65' lang='lat' dir='ltr'>elegantiam</span> <span class='ocrx_word' id='word_1_14' title='bbox 950 583 1077 650; x_wconf 80' lang='lat' dir='ltr'>conbnse</span> <span class='ocrx_word' id='word_1_15' title='bbox 1098 585 1143 650; x_wconf 92' lang='lat' dir='ltr'>lo·</span> 
     </span>
     <span class='ocr_line' id='line_1_3' title="bbox 88 687 1144 770; baseline 0.004 -22"><span class='ocrx_word' id='word_1_16' title='bbox 88 687 192 767; x_wconf 66' lang='lat' dir='ltr'>quitum</span> <span class='ocrx_word' id='word_1_17' title='bbox 222 687 378 768; x_wconf 84' lang='lat' dir='ltr'>gerendus</span> <span class='ocrx_word' id='word_1_18' title='bbox 405 693 455 751; x_wconf 90' lang='lat' dir='ltr'>est</span> <span class='ocrx_word' id='word_1_19' title='bbox 481 705 561 764; x_wconf 83' lang='lat' dir='ltr'>mos,</span> <span class='ocrx_word' id='word_1_20' title='bbox 596 687 688 751; x_wconf 92' lang='lat' dir='ltr'>modo</span> <span class='ocrx_word' id='word_1_21' title='bbox 716 693 799 751; x_wconf 87' lang='lat' dir='ltr'>recte</span> <span class='ocrx_word' id='word_1_22' title='bbox 828 687 949 753; x_wconf 90' lang='lat' dir='ltr'>sentiat.</span> <span class='ocrx_word' id='word_1_23' title='bbox 993 687 1144 770; x_wconf 83' lang='lat' dir='ltr'>Equidem</span> 
     </span>
     <span class='ocr_line' id='line_1_4' title="bbox 87 787 1144 872; baseline 0.002 -20"><span class='ocrx_word' id='word_1_24' title='bbox 87 787 256 870; x_wconf 83' lang='lat' dir='ltr'>illudipsunn</span> <span class='ocrx_word' id='word_1_25' title='bbox 278 808 341 853; x_wconf 93' lang='lat' dir='ltr'>non</span> <span class='ocrx_word' id='word_1_26' title='bbox 364 789 490 853; x_wconf 91' lang='lat' dir='ltr'>nimium</span> <span class='ocrx_word' id='word_1_27' title='bbox 501 787 600 869; x_wconf 88' lang='lat' dir='ltr'>probo</span> <span class='ocrx_word' id='word_1_28' title='bbox 612 793 643 853; x_wconf 92' lang='lat' dir='ltr'>et</span> <span class='ocrx_word' id='word_1_29' title='bbox 658 797 778 854; x_wconf 88' lang='lat' dir='ltr'>tantum</span> <span class='ocrx_word' id='word_1_30' title='bbox 790 789 901 870; x_wconf 87' lang='lat' dir='ltr'>patior,</span> <span class='ocrx_word' id='word_1_31' title='bbox 924 790 1144 872; x_wconf 90' lang='lat' dir='ltr'>philosophum</span> 
     </span>
     <span class='ocr_line' id='line_1_5' title="bbox 87 889 1144 974; baseline 0.004 -22"><span class='ocrx_word' id='word_1_32' title='bbox 87 889 158 971; x_wconf 89' lang='lat' dir='ltr'>loqui</span> <span class='ocrx_word' id='word_1_33' title='bbox 177 893 213 955; x_wconf 90' lang='lat' dir='ltr'>de</span> <span class='ocrx_word' id='word_1_34' title='bbox 234 891 456 973; x_wconf 77' lang='lat' dir='ltr'>cupiditatibus</span> <span class='ocrx_word' id='word_1_35' title='bbox 477 889 630 956; x_wconf 90' lang='lat' dir='ltr'>finiendis.</span> <span class='ocrx_word' id='word_1_36' title='bbox 674 894 722 956; x_wconf 85' lang='lat' dir='ltr'>An</span> <span class='ocrx_word' id='word_1_37' title='bbox 745 897 850 973; x_wconf 86' lang='lat' dir='ltr'>potest</span> <span class='ocrx_word' id='word_1_38' title='bbox 871 893 1024 974; x_wconf 79' lang='lat' dir='ltr'>cupiditas</span> <span class='ocrx_word' id='word_1_39' title='bbox 1040 891 1144 956; x_wconf 82' lang='lat' dir='ltr'>finiri?</span> 
     </span>
     <span class='ocr_line' id='line_1_6' title="bbox 87 991 1182 1074; baseline 0.005 -20"><span class='ocrx_word' id='word_1_40' title='bbox 87 991 220 1057; x_wconf 78' lang='lat' dir='ltr'>Tollenda</span> <span class='ocrx_word' id='word_1_41' title='bbox 241 1000 291 1058; x_wconf 91' lang='lat' dir='ltr'>est</span> <span class='ocrx_word' id='word_1_42' title='bbox 311 1000 407 1074; x_wconf 84' lang='lat' dir='ltr'>atque</span> <span class='ocrx_word' id='word_1_43' title='bbox 428 993 618 1058; x_wconf 81' lang='lat' dir='ltr'>extrahenda</span> <span class='ocrx_word' id='word_1_44' title='bbox 640 995 796 1058; x_wconf 82' lang='lat' dir='ltr'>radicitus.</span> <span class='ocrx_word' id='word_1_45' title='bbox 831 994 907 1072; x_wconf 81' lang='lat' dir='ltr'>Quis</span> <span class='ocrx_word' id='word_1_46' title='bbox 930 1001 978 1060; x_wconf 88' lang='lat' dir='ltr'>est</span> <span class='ocrx_word' id='word_1_47' title='bbox 1000 994 1089 1072; x_wconf 86' lang='lat' dir='ltr'>ennim,</span> <span class='ocrx_word' id='word_1_48' title='bbox 1112 995 1143 1059; x_wconf 92' lang='lat' dir='ltr'>in</span> <span class='ocrx_word' id='word_1_49' title='bbox 1161 995 1182 1060; x_wconf 83' lang='lat'>5</span> 
     </span>
     <span class='ocr_line' id='line_1_7' title="bbox 88 1095 1145 1178; baseline 0.004 -20"><span class='ocrx_word' id='word_1_50' title='bbox 88 1112 138 1174; x_wconf 88' lang='lat' dir='ltr'>qno</span> <span class='ocrx_word' id='word_1_51' title='bbox 158 1095 196 1160; x_wconf 90' lang='lat' dir='ltr'>sit</span> <span class='ocrx_word' id='word_1_52' title='bbox 217 1096 381 1178; x_wconf 81' lang='lat' dir='ltr'>cupiditas,</span> <span class='ocrx_word' id='word_1_53' title='bbox 404 1095 478 1177; x_wconf 92' lang='lat' dir='ltr'>quin</span> <span class='ocrx_word' id='word_1_54' title='bbox 501 1101 584 1160; x_wconf 82' lang='lat' dir='ltr'>recte</span> <span class='ocrx_word' id='word_1_55' title='bbox 606 1097 737 1177; x_wconf 91' lang='lat' dir='ltr'>cupidus</span> <span class='ocrx_word' id='word_1_56' title='bbox 759 1097 820 1162; x_wconf 90' lang='lat' dir='ltr'>dici</span> <span class='ocrx_word' id='word_1_57' title='bbox 842 1097 964 1178; x_wconf 76' lang='lat' dir='ltr'>possit?</span> <span class='ocrx_word' id='word_1_58' title='bbox 1006 1097 1091 1178; x_wconf 83' lang='lat' dir='ltr'>Ergo</span> <span class='ocrx_word' id='word_1_59' title='bbox 1114 1103 1145 1162; x_wconf 94' lang='lat' dir='ltr'>et</span> 
     </span>
     <span class='ocr_line' id='line_1_8' title="bbox 86 1197 1146 1278; baseline 0.008 -21"><span class='ocrx_word' id='word_1_60' title='bbox 86 1213 184 1262; x_wconf 78' lang='lat' dir='ltr'>arants</span> <span class='ocrx_word' id='word_1_61' title='bbox 206 1199 272 1275; x_wconf 78' lang='lat' dir='ltr'>crit,</span> <span class='ocrx_word' id='word_1_62' title='bbox 295 1199 350 1262; x_wconf 92' lang='lat' dir='ltr'>sed</span> <span class='ocrx_word' id='word_1_63' title='bbox 372 1197 466 1276; x_wconf 80' lang='lat' dir='ltr'>finite,</span> <span class='ocrx_word' id='word_1_64' title='bbox 488 1205 520 1263; x_wconf 92' lang='lat' dir='ltr'>et</span> <span class='ocrx_word' id='word_1_65' title='bbox 535 1198 666 1275; x_wconf 81' lang='lat' dir='ltr'>adulter,</span> <span class='ocrx_word' id='word_1_66' title='bbox 688 1217 796 1262; x_wconf 87' lang='lat' dir='ltr'>verum</span> <span class='ocrx_word' id='word_1_67' title='bbox 817 1197 942 1264; x_wconf 88' lang='lat' dir='ltr'>habebit</span> <span class='ocrx_word' id='word_1_68' title='bbox 958 1199 1091 1278; x_wconf 88' lang='lat' dir='ltr'>modum,</span> <span class='ocrx_word' id='word_1_69' title='bbox 1114 1205 1146 1265; x_wconf 90' lang='lat' dir='ltr'>et</span> 
     </span>
    </p>
   </div>
   <div class='ocr_carea' id='block_1_3' title="bbox 147 1371 1200 1471">
    <p class='ocr_par' dir='ltr' id='par_1_3' title="bbox 147 1371 1200 1471">
     <span class='ocr_line' id='line_1_9' title="bbox 147 1371 1200 1471; baseline 0.005 -22"><span class='ocrx_word' id='word_1_70' title='bbox 147 1388 529 1455; x_wconf 74' lang='lat' dir='ltr'>t.1’cstcoaoaeniatcsdd.mim</span> <span class='ocrx_word' id='word_1_71' title='bbox 547 1400 758 1470; x_wconf 71' lang='lat' dir='ltr'>[aperuerim.</span> <span class='ocrx_word' id='word_1_72' title='bbox 794 1408 816 1452; x_wconf 75' lang='lat' dir='ltr'>a.</span> <span class='ocrx_word' id='word_1_73' title='bbox 836 1413 858 1453; x_wconf 69' lang='lat' dir='ltr'>a</span> <span class='ocrx_word' id='word_1_74' title='bbox 876 1403 968 1468; x_wconf 69' lang='lat' dir='ltr'>quum</span> <span class='ocrx_word' id='word_1_75' title='bbox 980 1384 1145 1471; x_wconf 71' lang='lat' dir='ltr'>[apopores</span> <span class='ocrx_word' id='word_1_76' title='bbox 1197 1371 1200 1376; x_wconf 41' lang='lat'>⁵</span> 
     </span>
    </p>
   </div>
   <div class='ocr_carea' id='block_1_4' title="bbox 86 1469 1145 1605">
    <p class='ocr_par' dir='ltr' id='par_1_4' title="bbox 86 1469 1145 1605">
     <span class='ocr_line' id='line_1_10' title="bbox 86 1469 1145 1538; baseline 0.005 -22"><span class='ocrx_word' id='word_1_77' title='bbox 86 1469 387 1534; x_wconf 70' lang='lat' dir='ltr'>t.ip=mom.1,PMCR</span> <span class='ocrx_word' id='word_1_78' title='bbox 439 1480 515 1522; x_wconf 81' lang='lat' dir='ltr'>lamen</span> <span class='ocrx_word' id='word_1_79' title='bbox 536 1473 650 1522; x_wconf 62' lang='lat' dir='ltr'>tumult</span> <span class='ocrx_word' id='word_1_80' title='bbox 690 1480 713 1521; x_wconf 76' lang='lat'>⁴.</span> <span class='ocrx_word' id='word_1_81' title='bbox 734 1471 800 1536; x_wconf 77' lang='lat' dir='ltr'>loqui</span> <span class='ocrx_word' id='word_1_82' title='bbox 815 1473 905 1522; x_wconf 71' lang='lat' dir='ltr'>omli</span> <span class='ocrx_word' id='word_1_83' title='bbox 946 1473 1010 1522; x_wconf 63' lang='lat' dir='ltr'>§.ei</span> <span class='ocrx_word' id='word_1_84' title='bbox 1031 1480 1088 1538; x_wconf 89' lang='lat' dir='ltr'>(pro</span> <span class='ocrx_word' id='word_1_85' title='bbox 1111 1481 1145 1522; x_wconf 80' lang='lat' dir='ltr'>eat</span> 
     </span>
     <span class='ocr_line' id='line_1_11' title="bbox 86 1539 1129 1605; baseline 0.007 -21"><span class='ocrx_word' id='word_1_86' title='bbox 86 1539 184 1600; x_wconf 70' lang='lat' dir='ltr'>cointii</span> <span class='ocrx_word' id='word_1_87' title='bbox 235 1544 258 1589; x_wconf 81' lang='grc'>6.</span> <span class='ocrx_word' id='word_1_88' title='bbox 283 1539 405 1605; x_wconf 71' lang='lat' dir='ltr'>cupiditas</span> <span class='ocrx_word' id='word_1_89' title='bbox 427 1541 458 1590; x_wconf 77' lang='lat' dir='ltr'>ait</span> <span class='ocrx_word' id='word_1_90' title='bbox 480 1541 555 1590; x_wconf 69' lang='lat' dir='ltr'>Men</span> <span class='ocrx_word' id='word_1_91' title='bbox 608 1541 650 1604; x_wconf 81' lang='lat' dir='ltr'>qui</span> <span class='ocrx_word' id='word_1_92' title='bbox 670 1557 715 1589; x_wconf 85' lang='lat' dir='ltr'>non</span> <span class='ocrx_word' id='word_1_93' title='bbox 738 1541 847 1590; x_wconf 81' lang='lat' dir='ltr'>recleE</span> <span class='ocrx_word' id='word_1_94' title='bbox 901 1544 923 1591; x_wconf 78' lang='grc'>7.</span> <span class='ocrx_word' id='word_1_95' title='bbox 941 1558 1018 1590; x_wconf 73' lang='lat' dir='ltr'>cmm</span> <span class='ocrx_word' id='word_1_96' title='bbox 1038 1541 1129 1592; x_wconf 87' lang='lat' dir='ltr'>om.R</span> 
     </span>
    </p>
   </div>
   <div class='ocr_carea' id='block_1_5' title="bbox 82 1729 1146 4374">
    <p class='ocr_par' dir='ltr' id='par_1_5' title="bbox 86 1729 1145 1893">
     <span class='ocr_line' id='line_1_12' title="bbox 158 1729 1145 1810; baseline 0.004 -24"><span class='ocrx_word' id='word_1_97' title='bbox 158 1731 205 1787; x_wconf 76' lang='lat'>27.</span> <span class='ocrx_word' id='word_1_98' title='bbox 242 1729 402 1806; x_wconf 80' lang='lat' dir='ltr'>Contemnit)</span> <span class='ocrx_word' id='word_1_99' title='bbox 437 1733 519 1789; x_wconf 81' lang='lat' dir='ltr'>Enim</span> <span class='ocrx_word' id='word_1_100' title='bbox 542 1732 651 1790; x_wconf 90' lang='lat' dir='ltr'>omittit</span> <span class='ocrx_word' id='word_1_101' title='bbox 678 1733 766 1789; x_wconf 88' lang='lat' dir='ltr'>etiam</span> <span class='ocrx_word' id='word_1_102' title='bbox 790 1731 867 1808; x_wconf 88' lang='lat' dir='ltr'>Spir.</span> <span class='ocrx_word' id='word_1_103' title='bbox 891 1729 956 1810; x_wconf 90' lang='lat' dir='ltr'>[B].</span> <span class='ocrx_word' id='word_1_104' title='bbox 1000 1733 1145 1809; x_wconf 82' lang='lat' dir='ltr'>Proponit</span> 
     </span>
     <span class='ocr_line' id='line_1_13' title="bbox 86 1813 1037 1893; baseline 0.002 -21"><span class='ocrx_word' id='word_1_105' title='bbox 86 1813 176 1874; x_wconf 80' lang='lat' dir='ltr'>Cicero</span> <span class='ocrx_word' id='word_1_106' title='bbox 197 1836 273 1884; x_wconf 79' lang='lat' dir='ltr'>rem3</span> <span class='ocrx_word' id='word_1_107' title='bbox 297 1817 433 1893; x_wconf 84' lang='lat' dir='ltr'>adiungit</span> <span class='ocrx_word' id='word_1_108' title='bbox 455 1819 599 1892; x_wconf 68' lang='lat' dir='ltr'>(pmcacdoc</span> <span class='ocrx_word' id='word_1_109' title='bbox 621 1829 660 1874; x_wconf 83' lang='lat' dir='ltr'>est</span> <span class='ocrx_word' id='word_1_110' title='bbox 682 1817 762 1892; x_wconf 77' lang='lat' dir='ltr'>onos),</span> <span class='ocrx_word' id='word_1_111' title='bbox 790 1816 942 1875; x_wconf 81' lang='lat' dir='ltr'>ferendam</span> <span class='ocrx_word' id='word_1_112' title='bbox 964 1837 1037 1876; x_wconf 87' lang='lat' dir='ltr'>esse.</span> 
     </span>
    </p>

    <p class='ocr_par' dir='ltr' id='par_1_6' title="bbox 84 1901 1146 2901">
     <span class='ocr_line' id='line_1_14' title="bbox 157 1901 1146 1982; baseline 0.002 -24"><span class='ocrx_word' id='word_1_113' title='bbox 157 1901 305 1976; x_wconf 66' lang='lat' dir='ltr'>Equidno)</span> <span class='ocrx_word' id='word_1_114' title='bbox 330 1902 380 1962; x_wconf 89' lang='lat' dir='ltr'>Sic</span> <span class='ocrx_word' id='word_1_115' title='bbox 395 1904 483 1960; x_wconf 89' lang='lat' dir='ltr'>etiam</span> <span class='ocrx_word' id='word_1_116' title='bbox 501 1903 578 1979; x_wconf 88' lang='lat' dir='ltr'>Spir.</span> <span class='ocrx_word' id='word_1_117' title='bbox 591 1901 646 1982; x_wconf 92' lang='lat' dir='ltr'>[B]</span> <span class='ocrx_word' id='word_1_118' title='bbox 664 1914 693 1960; x_wconf 90' lang='lat' dir='ltr'>et</span> <span class='ocrx_word' id='word_1_119' title='bbox 709 1904 838 1960; x_wconf 83' lang='lat' dir='ltr'>restituit</span> <span class='ocrx_word' id='word_1_120' title='bbox 855 1902 956 1962; x_wconf 76' lang='lat' dir='ltr'>Gaius.</span> <span class='ocrx_word' id='word_1_121' title='bbox 1001 1903 1100 1962; x_wconf 89' lang='lat' dir='ltr'>Ceteri</span> <span class='ocrx_word' id='word_1_122' title='bbox 1121 1915 1146 1960; x_wconf 84' lang='lat' dir='ltr'>et</span> 
     </span>
     <span class='ocr_line' id='line_1_15' title="bbox 86 1988 1144 2065; baseline 0.002 -21"><span class='ocrx_word' id='word_1_123' title='bbox 86 1988 189 2059; x_wconf 73' lang='lat' dir='ltr'>podem,</span> <span class='ocrx_word' id='word_1_124' title='bbox 223 2006 299 2062; x_wconf 86' lang='lat' dir='ltr'>quae</span> <span class='ocrx_word' id='word_1_125' title='bbox 323 1988 485 2064; x_wconf 79' lang='lat' dir='ltr'>particulae</span> <span class='ocrx_word' id='word_1_126' title='bbox 507 1989 555 2046; x_wconf 91' lang='lat' dir='ltr'>hic</span> <span class='ocrx_word' id='word_1_127' title='bbox 577 1990 673 2046; x_wconf 88' lang='lat' dir='ltr'>locum</span> <span class='ocrx_word' id='word_1_128' title='bbox 696 2007 755 2046; x_wconf 92' lang='lat' dir='ltr'>non</span> <span class='ocrx_word' id='word_1_129' title='bbox 778 1989 896 2045; x_wconf 89' lang='lat' dir='ltr'>habent.</span> <span class='ocrx_word' id='word_1_130' title='bbox 950 1989 1028 2048; x_wconf 89' lang='lat' dir='ltr'>Tum</span> <span class='ocrx_word' id='word_1_131' title='bbox 1058 1992 1144 2065; x_wconf 79' lang='lat' dir='ltr'>ipsum</span> 
     </span>
     <span class='ocr_line' id='line_1_16' title="bbox 85 2072 1144 2152; baseline 0.005 -25"><span class='ocrx_word' id='word_1_132' title='bbox 85 2072 207 2130; x_wconf 84' lang='lat' dir='ltr'>ennittnnt</span> <span class='ocrx_word' id='word_1_133' title='bbox 234 2074 362 2132; x_wconf 84' lang='lat' dir='ltr'>aliorum</span> <span class='ocrx_word' id='word_1_134' title='bbox 390 2093 506 2149; x_wconf 89' lang='lat' dir='ltr'>qnoque</span> <span class='ocrx_word' id='word_1_135' title='bbox 536 2075 604 2132; x_wconf 87' lang='lat' dir='ltr'>mali</span> <span class='ocrx_word' id='word_1_136' title='bbox 632 2075 716 2132; x_wconf 88' lang='lat' dir='ltr'>codd.</span> <span class='ocrx_word' id='word_1_137' title='bbox 745 2074 837 2152; x_wconf 88' lang='lat' dir='ltr'>(apud</span> <span class='ocrx_word' id='word_1_138' title='bbox 860 2073 962 2132; x_wconf 78' lang='lat' dir='ltr'>Davis.</span> <span class='ocrx_word' id='word_1_139' title='bbox 997 2085 1144 2149; x_wconf 86' lang='lat' dir='ltr'>quattuor,</span> 
     </span>
     <span class='ocr_line' id='line_1_17' title="bbox 86 2155 1144 2235; baseline 0.003 -21"><span class='ocrx_word' id='word_1_140' title='bbox 86 2155 161 2232; x_wconf 75' lang='lat' dir='ltr'>Ox.1;</span> <span class='ocrx_word' id='word_1_141' title='bbox 182 2159 273 2216; x_wconf 88' lang='lat' dir='ltr'>miror</span> <span class='ocrx_word' id='word_1_142' title='bbox 296 2158 405 2218; x_wconf 79' lang='lat' dir='ltr'>Gaium</span> <span class='ocrx_word' id='word_1_143' title='bbox 428 2161 458 2217; x_wconf 93' lang='lat' dir='ltr'>in</span> <span class='ocrx_word' id='word_1_144' title='bbox 481 2161 616 2218; x_wconf 85' lang='lat' dir='ltr'>onmibus</span> <span class='ocrx_word' id='word_1_145' title='bbox 638 2159 699 2217; x_wconf 91' lang='lat' dir='ltr'>suis</span> <span class='ocrx_word' id='word_1_146' title='bbox 711 2160 900 2235; x_wconf 79' lang='lat' dir='ltr'>repperisse).</span> <span class='ocrx_word' id='word_1_147' title='bbox 928 2161 1042 2218; x_wconf 71' lang='lat' dir='ltr'>Totidem</span> <span class='ocrx_word' id='word_1_148' title='bbox 1057 2161 1144 2218; x_wconf 87' lang='lat' dir='ltr'>etiam</span> 
     </span>
     <span class='ocr_line' id='line_1_18' title="bbox 85 2243 1145 2326; baseline 0.006 -28"><span class='ocrx_word' id='word_1_149' title='bbox 85 2261 114 2298; x_wconf 83' lang='lat' dir='ltr'>ex</span> <span class='ocrx_word' id='word_1_150' title='bbox 133 2243 180 2300; x_wconf 84' lang='lat' dir='ltr'>illa</span> <span class='ocrx_word' id='word_1_151' title='bbox 200 2243 315 2302; x_wconf 83' lang='lat' dir='ltr'>familia</span> <span class='ocrx_word' id='word_1_152' title='bbox 336 2253 485 2321; x_wconf 88' lang='lat' dir='ltr'>sumptum</span> <span class='ocrx_word' id='word_1_153' title='bbox 507 2255 552 2302; x_wconf 91' lang='lat' dir='ltr'>est</span> <span class='ocrx_word' id='word_1_154' title='bbox 569 2243 650 2326; x_wconf 85' lang='lat' dir='ltr'>(Pal.</span> <span class='ocrx_word' id='word_1_155' title='bbox 665 2249 692 2316; x_wconf 89' lang='lat' dir='ltr'>l,</span> <span class='ocrx_word' id='word_1_156' title='bbox 710 2245 817 2320; x_wconf 84' lang='lat' dir='ltr'>Spir.);</span> <span class='ocrx_word' id='word_1_157' title='bbox 850 2245 947 2303; x_wconf 90' lang='lat' dir='ltr'>editur</span> <span class='ocrx_word' id='word_1_158' title='bbox 958 2246 1025 2304; x_wconf 89' lang='lat' dir='ltr'>inde</span> <span class='ocrx_word' id='word_1_159' title='bbox 1037 2265 1055 2302; x_wconf 89' lang='lat' dir='ltr'>a</span> <span class='ocrx_word' id='word_1_160' title='bbox 1067 2245 1145 2306; x_wconf 86' lang='lat' dir='ltr'>Gru·</span> 
     </span>
     <span class='ocr_line' id='line_1_19' title="bbox 85 2327 1145 2410; baseline 0.006 -28"><span class='ocrx_word' id='word_1_161' title='bbox 85 2335 144 2386; x_wconf 87' lang='lat' dir='ltr'>tero.</span> <span class='ocrx_word' id='word_1_162' title='bbox 164 2327 272 2406; x_wconf 76' lang='lat' dir='ltr'>[Gaius</span> <span class='ocrx_word' id='word_1_163' title='bbox 284 2331 315 2387; x_wconf 93' lang='lat' dir='ltr'>in</span> <span class='ocrx_word' id='word_1_164' title='bbox 327 2331 388 2387; x_wconf 87' lang='lat' dir='ltr'>Eri.</span> <span class='ocrx_word' id='word_1_165' title='bbox 401 2350 464 2388; x_wconf 89' lang='lat' dir='ltr'>esse</span> <span class='ocrx_word' id='word_1_166' title='bbox 477 2341 563 2388; x_wconf 74' lang='lat' dir='ltr'>tornea</span> <span class='ocrx_word' id='word_1_167' title='bbox 575 2332 686 2402; x_wconf 87' lang='lat' dir='ltr'>scribit,</span> <span class='ocrx_word' id='word_1_168' title='bbox 709 2331 847 2388; x_wconf 75' lang='lat' dir='ltr'>Baiterus</span> <span class='ocrx_word' id='word_1_169' title='bbox 858 2331 888 2388; x_wconf 92' lang='lat' dir='ltr'>in</span> <span class='ocrx_word' id='word_1_170' title='bbox 900 2331 951 2410; x_wconf 90' lang='grc' dir='ltr'>Β.]</span> <span class='ocrx_word' id='word_1_171' title='bbox 981 2331 1080 2392; x_wconf 89' lang='lat' dir='ltr'>Stoice</span> <span class='ocrx_word' id='word_1_172' title='bbox 1098 2332 1145 2389; x_wconf 92' lang='lat' dir='ltr'>hic</span> 
     </span>
     <span class='ocr_line' id='line_1_20' title="bbox 84 2410 1146 2492; baseline 0.004 -22"><span class='ocrx_word' id='word_1_173' title='bbox 84 2412 239 2472; x_wconf 85' lang='lat' dir='ltr'>Ciceronem</span> <span class='ocrx_word' id='word_1_174' title='bbox 251 2416 333 2490; x_wconf 91' lang='lat' dir='ltr'>loqui</span> <span class='ocrx_word' id='word_1_175' title='bbox 345 2427 477 2492; x_wconf 83' lang='lat' dir='ltr'>apparet,</span> <span class='ocrx_word' id='word_1_176' title='bbox 502 2410 664 2490; x_wconf 75' lang='grc' dir='ltr'>ἐπιθυμιῶν</span> <span class='ocrx_word' id='word_1_177' title='bbox 682 2435 787 2474; x_wconf 88' lang='lat' dir='ltr'>nomen</span> <span class='ocrx_word' id='word_1_178' title='bbox 810 2428 982 2492; x_wconf 87' lang='lat' dir='ltr'>urgventem</span> <span class='ocrx_word' id='word_1_179' title='bbox 1000 2417 1085 2492; x_wconf 91' lang='lat' dir='ltr'>eique</span> <span class='ocrx_word' id='word_1_180' title='bbox 1108 2437 1146 2474; x_wconf 87' lang='lat' dir='ltr'>ex</span> 
     </span>
     <span class='ocr_line' id='line_1_21' title="bbox 85 2499 1145 2578; baseline 0.006 -24"><span class='ocrx_word' id='word_1_181' title='bbox 85 2499 163 2556; x_wconf 80' lang='lat' dir='ltr'>altere</span> <span class='ocrx_word' id='word_1_182' title='bbox 183 2501 284 2558; x_wconf 88' lang='lat' dir='ltr'>schola</span> <span class='ocrx_word' id='word_1_183' title='bbox 313 2501 505 2559; x_wconf 84' lang='lat' dir='ltr'>subicientem</span> <span class='ocrx_word' id='word_1_184' title='bbox 533 2501 774 2578; x_wconf 85' lang='lat' dir='ltr'>significationem</span> <span class='ocrx_word' id='word_1_185' title='bbox 799 2499 857 2558; x_wconf 76' lang='grc' dir='ltr'>τῶν</span> <span class='ocrx_word' id='word_1_186' title='bbox 878 2499 996 2559; x_wconf 68' lang='grc' dir='ltr'><em>παθῶν.</em></span> <span class='ocrx_word' id='word_1_187' title='bbox 1040 2503 1145 2577; x_wconf 81' lang='lat' dir='ltr'>Itaque</span> 
     </span>
     <span class='ocr_line' id='line_1_22' title="bbox 85 2573 1146 2664; baseline 0.006 -25"><span class='ocrx_word' id='word_1_188' title='bbox 85 2573 178 2658; x_wconf 69' lang='grc' dir='ltr'>ὀρεξεις</span> <span class='ocrx_word' id='word_1_189' title='bbox 198 2586 346 2664; x_wconf 80' lang='lat' dir='ltr'>appellari</span> <span class='ocrx_word' id='word_1_190' title='bbox 368 2587 503 2646; x_wconf 90' lang='lat' dir='ltr'>debuisse</span> <span class='ocrx_word' id='word_1_191' title='bbox 525 2597 618 2662; x_wconf 82' lang='lat' dir='ltr'>putet,</span> <span class='ocrx_word' id='word_1_192' title='bbox 641 2587 737 2658; x_wconf 87' lang='lat' dir='ltr'>idest,</span> <span class='ocrx_word' id='word_1_193' title='bbox 761 2587 906 2644; x_wconf 88' lang='lat' dir='ltr'>desideria</span> <span class='ocrx_word' id='word_1_194' title='bbox 917 2596 1049 2653; x_wconf 87' lang='lat' dir='ltr'>naturae,</span> <span class='ocrx_word' id='word_1_195' title='bbox 1072 2607 1146 2663; x_wconf 89' lang='lat' dir='ltr'>quas</span> 
     </span>
     <span class='ocr_line' id='line_1_23' title="bbox 85 2666 1145 2749; baseline 0.008 -26"><span class='ocrx_word' id='word_1_196' title='bbox 85 2666 212 2742; x_wconf 84' lang='lat' dir='ltr'>Epicurus</span> <span class='ocrx_word' id='word_1_197' title='bbox 240 2673 392 2730; x_wconf 85' lang='lat' dir='ltr'>naturales</span> <span class='ocrx_word' id='word_1_198' title='bbox 419 2673 595 2748; x_wconf 85' lang='lat' dir='ltr'>cupiditates</span> <span class='ocrx_word' id='word_1_199' title='bbox 622 2673 754 2730; x_wconf 87' lang='lat' dir='ltr'>dixisset.</span> <span class='ocrx_word' id='word_1_200' title='bbox 799 2673 837 2730; x_wconf 87' lang='lat' dir='ltr'>Et</span> <span class='ocrx_word' id='word_1_201' title='bbox 864 2681 962 2729; x_wconf 86' lang='lat' dir='ltr'>tamen</span> <span class='ocrx_word' id='word_1_202' title='bbox 985 2674 1056 2748; x_wconf 90' lang='lat' dir='ltr'>quid</span> <span class='ocrx_word' id='word_1_203' title='bbox 1079 2693 1145 2749; x_wconf 90' lang='lat' dir='ltr'>pro-</span> 
     </span>
     <span class='ocr_line' id='line_1_24' title="bbox 85 2752 1145 2836; baseline 0.007 -27"><span class='ocrx_word' id='word_1_204' title='bbox 85 2752 187 2814; x_wconf 86' lang='lat' dir='ltr'>hibebat</span> <span class='ocrx_word' id='word_1_205' title='bbox 209 2775 395 2816; x_wconf 88' lang='lat' dir='ltr'>communem</span> <span class='ocrx_word' id='word_1_206' title='bbox 417 2759 566 2836; x_wconf 83' lang='lat' dir='ltr'>appetitus</span> <span class='ocrx_word' id='word_1_207' title='bbox 582 2760 730 2816; x_wconf 90' lang='lat' dir='ltr'>notionem</span> <span class='ocrx_word' id='word_1_208' title='bbox 742 2759 888 2816; x_wconf 90' lang='lat' dir='ltr'>communi</span> <span class='ocrx_word' id='word_1_209' title='bbox 900 2759 1017 2815; x_wconf 93' lang='lat' dir='ltr'>nomine</span> <span class='ocrx_word' id='word_1_210' title='bbox 1029 2759 1145 2836; x_wconf 89' lang='lat' dir='ltr'>signare</span> 
     </span>
     <span class='ocr_line' id='line_1_25' title="bbox 86 2839 400 2901; baseline 0.019 -9"><span class='ocrx_word' id='word_1_211' title='bbox 86 2851 108 2892; x_wconf 86' lang='lat' dir='ltr'>et</span> <span class='ocrx_word' id='word_1_212' title='bbox 126 2839 223 2900; x_wconf 86' lang='lat' dir='ltr'>deinde</span> <span class='ocrx_word' id='word_1_213' title='bbox 247 2843 400 2901; x_wconf 85' lang='lat' dir='ltr'>dividere?</span> 
     </span>
    </p>

    <p class='ocr_par' dir='ltr' id='par_1_7' title="bbox 82 2927 1145 4374">
     <span class='ocr_line' id='line_1_26' title="bbox 155 2927 1145 3007; baseline 0.001 -22"><span class='ocrx_word' id='word_1_214' title='bbox 155 2933 216 3001; x_wconf 66' lang='lat' dir='ltr'>qaino</span> <span class='ocrx_word' id='word_1_215' title='bbox 240 2939 311 2986; x_wconf 81' lang='lat' dir='ltr'>recte</span> <span class='ocrx_word' id='word_1_216' title='bbox 331 2927 460 3004; x_wconf 75' lang='lat' dir='ltr'>mopidus)</span> <span class='ocrx_word' id='word_1_217' title='bbox 492 2928 547 2998; x_wconf 77' lang='lat' dir='ltr'>Qui</span> <span class='ocrx_word' id='word_1_218' title='bbox 561 2949 613 2986; x_wconf 83' lang='lat' dir='ltr'>noa</span> <span class='ocrx_word' id='word_1_219' title='bbox 630 2930 717 2986; x_wconf 90' lang='lat' dir='ltr'>etiam</span> <span class='ocrx_word' id='word_1_220' title='bbox 736 2929 813 3006; x_wconf 84' lang='lat' dir='ltr'>Spir.</span> <span class='ocrx_word' id='word_1_221' title='bbox 826 2927 891 3007; x_wconf 87' lang='lat' dir='ltr'>[B].</span> <span class='ocrx_word' id='word_1_222' title='bbox 906 2939 1014 3004; x_wconf 85' lang='lat' dir='ltr'>„atque</span> <span class='ocrx_word' id='word_1_223' title='bbox 1037 2930 1078 2986; x_wconf 91' lang='lat' dir='ltr'>sic</span> <span class='ocrx_word' id='word_1_224' title='bbox 1091 2931 1145 2986; x_wconf 89' lang='lat' dir='ltr'>hac</span> 
     </span>
     <span class='ocr_line' id='line_1_27' title="bbox 86 3008 1144 3091; baseline 0.009 -29"><span class='ocrx_word' id='word_1_225' title='bbox 86 3008 108 3063; x_wconf 88' lang='lat' dir='ltr'>in</span> <span class='ocrx_word' id='word_1_226' title='bbox 122 3009 242 3071; x_wconf 83' lang='lat' dir='ltr'>formula</span> <span class='ocrx_word' id='word_1_227' title='bbox 254 3016 374 3091; x_wconf 89' lang='lat' dir='ltr'>proprie</span> <span class='ocrx_word' id='word_1_228' title='bbox 386 3013 519 3074; x_wconf 83' lang='lat' dir='ltr'>Cicero.“</span> <span class='ocrx_word' id='word_1_229' title='bbox 544 3013 667 3072; x_wconf 80' lang='lat' dir='ltr'>Gaius.</span> <span class='ocrx_word' id='word_1_230' title='bbox 710 3015 793 3072; x_wconf 89' lang='lat' dir='ltr'>Idem</span> <span class='ocrx_word' id='word_1_231' title='bbox 809 3015 840 3071; x_wconf 90' lang='lat' dir='ltr'>in</span> <span class='ocrx_word' id='word_1_232' title='bbox 852 3015 946 3073; x_wconf 89' lang='lat' dir='ltr'>Acad.</span> <span class='ocrx_word' id='word_1_233' title='bbox 957 3015 999 3084; x_wconf 85' lang='lat'>11,</span> <span class='ocrx_word' id='word_1_234' title='bbox 1013 3016 1052 3072; x_wconf 79' lang='lat'>20</span> <span class='ocrx_word' id='word_1_235' title='bbox 1076 3016 1144 3072; x_wconf 87' lang='lat' dir='ltr'>reti-</span> 
     </span>
     <span class='ocr_line' id='line_1_28' title="bbox 86 3100 1144 3175; baseline 0.009 -26"><span class='ocrx_word' id='word_1_236' title='bbox 86 3103 272 3173; x_wconf 81' lang='lat' dir='ltr'>nensqua&#39;eeet,</span> <span class='ocrx_word' id='word_1_237' title='bbox 297 3104 362 3175; x_wconf 77' lang='lat' dir='ltr'>qam</span> <span class='ocrx_word' id='word_1_238' title='bbox 381 3111 411 3157; x_wconf 90' lang='lat' dir='ltr'>et</span> <span class='ocrx_word' id='word_1_239' title='bbox 427 3100 687 3175; x_wconf 80' lang='lat' dir='ltr'>reiciensquircon:</span> <span class='ocrx_word' id='word_1_240' title='bbox 712 3100 871 3170; x_wconf 84' lang='lat' dir='ltr'>„Scriboe“</span> <span class='ocrx_word' id='word_1_241' title='bbox 897 3100 993 3175; x_wconf 92' lang='lat' dir='ltr'>inquit</span> <span class='ocrx_word' id='word_1_242' title='bbox 1017 3101 1065 3169; x_wconf 85' lang='lat' dir='ltr'>„in</span> <span class='ocrx_word' id='word_1_243' title='bbox 1090 3101 1144 3158; x_wconf 89' lang='lat' dir='ltr'>hae</span> 
     </span>
     <span class='ocr_line' id='line_1_29' title="bbox 86 3185 1144 3261; baseline 0.008 -25"><span class='ocrx_word' id='word_1_244' title='bbox 86 3191 214 3242; x_wconf 82' lang='lat' dir='ltr'>structura</span> <span class='ocrx_word' id='word_1_245' title='bbox 236 3187 425 3243; x_wconf 81' lang='lat' dir='ltr'>haeserunt.“</span> <span class='ocrx_word' id='word_1_246' title='bbox 456 3185 491 3243; x_wconf 92' lang='lat' dir='ltr'>In</span> <span class='ocrx_word' id='word_1_247' title='bbox 519 3187 574 3243; x_wconf 87' lang='lat' dir='ltr'>hoe</span> <span class='ocrx_word' id='word_1_248' title='bbox 601 3195 699 3242; x_wconf 85' lang='lat' dir='ltr'>autern</span> <span class='ocrx_word' id='word_1_249' title='bbox 722 3204 810 3261; x_wconf 88' lang='lat' dir='ltr'>opere</span> <span class='ocrx_word' id='word_1_250' title='bbox 833 3187 871 3256; x_wconf 90' lang='lat' dir='ltr'>V,</span> <span class='ocrx_word' id='word_1_251' title='bbox 907 3187 946 3243; x_wconf 90' lang='grc'>63</span> <span class='ocrx_word' id='word_1_252' title='bbox 980 3205 1018 3242; x_wconf 85' lang='lat' dir='ltr'>ex</span> <span class='ocrx_word' id='word_1_253' title='bbox 1040 3186 1144 3244; x_wconf 88' lang='lat' dir='ltr'>iisdem</span> 
     </span>
     <span class='ocr_line' id='line_1_30' title="bbox 85 3266 1144 3346; baseline 0.004 -22"><span class='ocrx_word' id='word_1_254' title='bbox 85 3266 154 3324; x_wconf 68' lang='lat' dir='ltr'>codd.</span> <span class='ocrx_word' id='word_1_255' title='bbox 175 3275 239 3345; x_wconf 75' lang='lat' dir='ltr'>quob</span> <span class='ocrx_word' id='word_1_256' title='bbox 262 3271 368 3329; x_wconf 87' lang='lat' dir='ltr'>edens:</span> <span class='ocrx_word' id='word_1_257' title='bbox 393 3270 540 3342; x_wconf 64' lang='lat' dir='ltr'>,scribto</span> <span class='ocrx_word' id='word_1_258' title='bbox 566 3271 661 3346; x_wconf 88' lang='lat' dir='ltr'>inquit</span> <span class='ocrx_word' id='word_1_259' title='bbox 686 3270 809 3340; x_wconf 85' lang='lat' dir='ltr'>„Cicero</span> <span class='ocrx_word' id='word_1_260' title='bbox 837 3291 875 3328; x_wconf 88' lang='lat' dir='ltr'>ex</span> <span class='ocrx_word' id='word_1_261' title='bbox 898 3290 978 3328; x_wconf 84' lang='lat' dir='ltr'>more</span> <span class='ocrx_word' id='word_1_262' title='bbox 1001 3291 1075 3328; x_wconf 73' lang='lat' dir='ltr'>tiemo</span> <span class='ocrx_word' id='word_1_263' title='bbox 1096 3281 1144 3341; x_wconf 83' lang='lat' dir='ltr'>eat,</span> 
     </span>
     <span class='ocr_line' id='line_1_31' title="bbox 85 3353 1144 3438; baseline 0 -24"><span class='ocrx_word' id='word_1_264' title='bbox 85 3357 165 3422; x_wconf 47' lang='lat' dir='ltr'>tuuf</span> <span class='ocrx_word' id='word_1_265' title='bbox 208 3357 254 3414; x_wconf 83' lang='lat' dir='ltr'>At</span> <span class='ocrx_word' id='word_1_266' title='bbox 280 3357 385 3433; x_wconf 86' lang='lat' dir='ltr'>paucis</span> <span class='ocrx_word' id='word_1_267' title='bbox 408 3357 541 3414; x_wconf 89' lang='lat' dir='ltr'>versibus</span> <span class='ocrx_word' id='word_1_268' title='bbox 563 3367 630 3433; x_wconf 90' lang='lat' dir='ltr'>post</span> <span class='ocrx_word' id='word_1_269' title='bbox 652 3353 724 3438; x_wconf 84' lang='lat'>(64)</span> <span class='ocrx_word' id='word_1_270' title='bbox 748 3357 839 3414; x_wconf 82' lang='lat' dir='ltr'>edidit</span> <span class='ocrx_word' id='word_1_271' title='bbox 861 3375 926 3414; x_wconf 83' lang='lat' dir='ltr'>cutn</span> <span class='ocrx_word' id='word_1_272' title='bbox 955 3358 1060 3414; x_wconf 87' lang='lat' dir='ltr'>ceteris</span> <span class='ocrx_word' id='word_1_273' title='bbox 1083 3361 1144 3432; x_wconf 83' lang='lat' dir='ltr'>quie</span> 
     </span>
     <span class='ocr_line' id='line_1_32' title="bbox 84 3441 1143 3518; baseline 0.006 -24"><span class='ocrx_word' id='word_1_274' title='bbox 84 3446 122 3494; x_wconf 77' lang='lat' dir='ltr'>ent</span> <span class='ocrx_word' id='word_1_275' title='bbox 142 3445 187 3514; x_wconf 85' lang='lat' dir='ltr'>qai</span> <span class='ocrx_word' id='word_1_276' title='bbox 205 3463 273 3507; x_wconf 77' lang='lat' dir='ltr'>ama,</span> <span class='ocrx_word' id='word_1_277' title='bbox 297 3443 461 3518; x_wconf 75' lang='lat' dir='ltr'>temnitque,</span> <span class='ocrx_word' id='word_1_278' title='bbox 485 3441 602 3500; x_wconf 87' lang='lat' dir='ltr'>eosdem</span> <span class='ocrx_word' id='word_1_279' title='bbox 624 3442 716 3500; x_wconf 89' lang='lat' dir='ltr'>libros</span> <span class='ocrx_word' id='word_1_280' title='bbox 737 3442 778 3500; x_wconf 90' lang='lat' dir='ltr'>ibi</span> <span class='ocrx_word' id='word_1_281' title='bbox 801 3461 917 3517; x_wconf 88' lang='lat' dir='ltr'>quoque</span> <span class='ocrx_word' id='word_1_282' title='bbox 940 3446 1003 3518; x_wconf 80' lang='lat' dir='ltr'>quin</span> <span class='ocrx_word' id='word_1_283' title='bbox 1027 3443 1143 3500; x_wconf 90' lang='lat' dir='ltr'>habere.</span> 
     </span>
     <span class='ocr_line' id='line_1_33' title="bbox 84 3519 1142 3604; baseline 0.004 -22"><span class='ocrx_word' id='word_1_284' title='bbox 84 3519 186 3598; x_wconf 73' lang='lat' dir='ltr'>Nescio,</span> <span class='ocrx_word' id='word_1_285' title='bbox 209 3528 348 3604; x_wconf 88' lang='lat' dir='ltr'>supinam</span> <span class='ocrx_word' id='word_1_286' title='bbox 371 3529 549 3587; x_wconf 83' lang='lat' dir='ltr'>oblivionem</span> <span class='ocrx_word' id='word_1_287' title='bbox 572 3547 609 3585; x_wconf 85' lang='lat' dir='ltr'>an</span> <span class='ocrx_word' id='word_1_288' title='bbox 627 3528 789 3598; x_wconf 84' lang='lat' dir='ltr'>audaciam,</span> <span class='ocrx_word' id='word_1_289' title='bbox 812 3527 955 3603; x_wconf 91' lang='lat' dir='ltr'>quidquid</span> <span class='ocrx_word' id='word_1_290' title='bbox 974 3528 1004 3586; x_wconf 92' lang='lat' dir='ltr'>in</span> <span class='ocrx_word' id='word_1_291' title='bbox 1022 3529 1142 3586; x_wconf 85' lang='lat' dir='ltr'>buccam</span> 
     </span>
     <span class='ocr_line' id='line_1_34' title="bbox 85 3611 1142 3691; baseline 0.006 -25"><span class='ocrx_word' id='word_1_292' title='bbox 85 3611 190 3678; x_wconf 69' lang='lat' dir='ltr'>ruerit,</span> <span class='ocrx_word' id='word_1_293' title='bbox 212 3613 418 3671; x_wconf 81' lang='lat' dir='ltr'>deblaterandi</span> <span class='ocrx_word' id='word_1_294' title='bbox 441 3615 533 3691; x_wconf 85' lang='lat' dir='ltr'>magis</span> <span class='ocrx_word' id='word_1_295' title='bbox 555 3614 697 3682; x_wconf 59' lang='lat' dir='ltr'>admissu</span> <span class='ocrx_word' id='word_1_296' title='bbox 721 3613 777 3671; x_wconf 92' lang='lat' dir='ltr'>nisi</span> <span class='ocrx_word' id='word_1_297' title='bbox 804 3614 897 3690; x_wconf 79' lang='lat' dir='ltr'>magis</span> <span class='ocrx_word' id='word_1_298' title='bbox 920 3614 1008 3670; x_wconf 89' lang='lat' dir='ltr'>etiam</span> <span class='ocrx_word' id='word_1_299' title='bbox 1032 3633 1142 3686; x_wconf 72' lang='lat' dir='ltr'>eorsum,</span> 
     </span>
     <span class='ocr_line' id='line_1_35' title="bbox 84 3693 1141 3774; baseline 0 -19"><span class='ocrx_word' id='word_1_300' title='bbox 84 3693 126 3764; x_wconf 75' lang='lat' dir='ltr'>qui</span> <span class='ocrx_word' id='word_1_301' title='bbox 144 3695 194 3755; x_wconf 83' lang='lat' dir='ltr'>has</span> <span class='ocrx_word' id='word_1_302' title='bbox 217 3699 395 3774; x_wconf 87' lang='lat' dir='ltr'>quisquilias</span> <span class='ocrx_word' id='word_1_303' title='bbox 417 3718 474 3757; x_wconf 88' lang='lat' dir='ltr'>non</span> <span class='ocrx_word' id='word_1_304' title='bbox 503 3700 647 3762; x_wconf 81' lang='lat' dir='ltr'>tulerunt.</span> <span class='ocrx_word' id='word_1_305' title='bbox 680 3699 732 3757; x_wconf 87' lang='lat' dir='ltr'>sed</span> <span class='ocrx_word' id='word_1_306' title='bbox 765 3699 936 3767; x_wconf 82' lang='lat' dir='ltr'>laudarunt,</span> <span class='ocrx_word' id='word_1_307' title='bbox 971 3699 1141 3774; x_wconf 84' lang='lat' dir='ltr'>patientiam</span> 
     </span>
     <span class='ocr_line' id='line_1_36' title="bbox 84 3778 1143 3860; baseline 0.004 -22"><span class='ocrx_word' id='word_1_308' title='bbox 84 3778 168 3838; x_wconf 82' lang='lat' dir='ltr'>miror.</span> <span class='ocrx_word' id='word_1_309' title='bbox 210 3783 284 3844; x_wconf 87' lang='lat' dir='ltr'>Otto</span> <span class='ocrx_word' id='word_1_310' title='bbox 308 3785 397 3842; x_wconf 89' lang='lat' dir='ltr'>etiam</span> <span class='ocrx_word' id='word_1_311' title='bbox 419 3785 531 3860; x_wconf 87' lang='lat' dir='ltr'>aliquid</span> <span class='ocrx_word' id='word_1_312' title='bbox 553 3785 650 3843; x_wconf 90' lang='lat' dir='ltr'>dicere</span> <span class='ocrx_word' id='word_1_313' title='bbox 673 3786 780 3854; x_wconf 74' lang='lat' dir='ltr'>voluit3</span> <span class='ocrx_word' id='word_1_314' title='bbox 808 3789 873 3860; x_wconf 75' lang='lat' dir='ltr'>quio</span> <span class='ocrx_word' id='word_1_315' title='bbox 896 3803 959 3842; x_wconf 88' lang='lat' dir='ltr'>esse</span> <span class='ocrx_word' id='word_1_316' title='bbox 984 3785 1143 3843; x_wconf 89' lang='lat' dir='ltr'>modestius</span> 
     </span>
     <span class='ocr_line' id='line_1_37' title="bbox 84 3869 1142 3947; baseline 0.006 -25"><span class='ocrx_word' id='word_1_317' title='bbox 84 3879 158 3936; x_wconf 80' lang='lat' dir='ltr'>qnam</span> <span class='ocrx_word' id='word_1_318' title='bbox 178 3873 228 3944; x_wconf 75' lang='lat' dir='ltr'>qai</span> <span class='ocrx_word' id='word_1_319' title='bbox 247 3891 309 3928; x_wconf 83' lang='lat' dir='ltr'>aon.</span> <span class='ocrx_word' id='word_1_320' title='bbox 354 3870 429 3928; x_wconf 88' lang='lat' dir='ltr'>Mihi</span> <span class='ocrx_word' id='word_1_321' title='bbox 464 3880 492 3928; x_wconf 90' lang='lat' dir='ltr'>et</span> <span class='ocrx_word' id='word_1_322' title='bbox 527 3870 619 3928; x_wconf 89' lang='lat' dir='ltr'>multo</span> <span class='ocrx_word' id='word_1_323' title='bbox 652 3871 770 3947; x_wconf 88' lang='lat' dir='ltr'>saepius</span> <span class='ocrx_word' id='word_1_324' title='bbox 797 3874 862 3945; x_wconf 77' lang='lat' dir='ltr'>quob</span> <span class='ocrx_word' id='word_1_325' title='bbox 883 3888 901 3926; x_wconf 84' lang='lat' dir='ltr'>a</span> <span class='ocrx_word' id='word_1_326' title='bbox 924 3870 1027 3928; x_wconf 87' lang='lat' dir='ltr'>scribis</span> <span class='ocrx_word' id='word_1_327' title='bbox 1050 3869 1142 3928; x_wconf 87' lang='lat' dir='ltr'>diseo-</span> 
     </span>
     <span class='ocr_line' id='line_1_38' title="bbox 83 3945 1143 4032; baseline 0.009 -30"><span class='ocrx_word' id='word_1_328' title='bbox 83 3945 163 4009; x_wconf 90' lang='lat' dir='ltr'>lntnm</span> <span class='ocrx_word' id='word_1_329' title='bbox 195 3975 260 4013; x_wconf 80' lang='lat' dir='ltr'>esse</span> <span class='ocrx_word' id='word_1_330' title='bbox 295 3955 413 4014; x_wconf 84' lang='lat' dir='ltr'>videtur</span> <span class='ocrx_word' id='word_1_331' title='bbox 445 3975 532 4032; x_wconf 85' lang='lat' dir='ltr'>quam</span> <span class='ocrx_word' id='word_1_332' title='bbox 560 3960 610 4032; x_wconf 80' lang='lat' dir='ltr'>qni</span> <span class='ocrx_word' id='word_1_333' title='bbox 629 3978 680 4014; x_wconf 72' lang='lat' dir='ltr'>octo</span> <span class='ocrx_word' id='word_1_334' title='bbox 708 3965 904 4024; x_wconf 90' lang='lat' dir='ltr'>contractum,</span> <span class='ocrx_word' id='word_1_335' title='bbox 939 3967 968 4014; x_wconf 89' lang='lat' dir='ltr'>et</span> <span class='ocrx_word' id='word_1_336' title='bbox 1000 3956 1051 4013; x_wconf 89' lang='lat' dir='ltr'>ubi</span> <span class='ocrx_word' id='word_1_337' title='bbox 1084 3975 1143 4013; x_wconf 88' lang='lat' dir='ltr'>nen</span> 
     </span>
     <span class='ocr_line' id='line_1_39' title="bbox 82 4033 1142 4118; baseline 0.005 -24"><span class='ocrx_word' id='word_1_338' title='bbox 82 4033 242 4113; x_wconf 72' lang='lat' dir='ltr'>sinpliciter</span> <span class='ocrx_word' id='word_1_339' title='bbox 261 4042 421 4118; x_wconf 85' lang='lat' dir='ltr'>praecedat</span> <span class='ocrx_word' id='word_1_340' title='bbox 442 4046 503 4118; x_wconf 81' lang='lat' dir='ltr'>quie</span> <span class='ocrx_word' id='word_1_341' title='bbox 525 4053 572 4110; x_wconf 83' lang='lat' dir='ltr'>eet,</span> <span class='ocrx_word' id='word_1_342' title='bbox 594 4063 667 4099; x_wconf 71' lang='lat' dir='ltr'>aeneo</span> <span class='ocrx_word' id='word_1_343' title='bbox 689 4053 741 4114; x_wconf 81' lang='lat' dir='ltr'>eet,</span> <span class='ocrx_word' id='word_1_344' title='bbox 764 4043 830 4113; x_wconf 89' lang='lat' dir='ltr'>sed,</span> <span class='ocrx_word' id='word_1_345' title='bbox 854 4052 887 4099; x_wconf 91' lang='lat' dir='ltr'>ut</span> <span class='ocrx_word' id='word_1_346' title='bbox 908 4042 936 4097; x_wconf 93' lang='lat' dir='ltr'>h.</span> <span class='ocrx_word' id='word_1_347' title='bbox 959 4043 988 4112; x_wconf 92' lang='lat' dir='ltr'>l.,</span> <span class='ocrx_word' id='word_1_348' title='bbox 1012 4041 1142 4099; x_wconf 87' lang='lat' dir='ltr'>definitio</span> 
     </span>
     <span class='ocr_line' id='line_1_40' title="bbox 83 4122 1141 4210; baseline 0.004 -31"><span class='ocrx_word' id='word_1_349' title='bbox 83 4125 213 4192; x_wconf 82' lang='lat' dir='ltr'>quaedam</span> <span class='ocrx_word' id='word_1_350' title='bbox 236 4122 278 4208; x_wconf 82' lang='lat' dir='ltr'>(in</span> <span class='ocrx_word' id='word_1_351' title='bbox 300 4148 355 4203; x_wconf 84' lang='lat' dir='ltr'>quo</span> <span class='ocrx_word' id='word_1_352' title='bbox 376 4131 411 4185; x_wconf 77' lang='lat' dir='ltr'>sit</span> <span class='ocrx_word' id='word_1_353' title='bbox 432 4124 594 4210; x_wconf 79' lang='lat' dir='ltr'>copiditas),</span> <span class='ocrx_word' id='word_1_354' title='bbox 630 4148 667 4186; x_wconf 81' lang='lat' dir='ltr'>ex</span> <span class='ocrx_word' id='word_1_355' title='bbox 689 4147 748 4202; x_wconf 85' lang='lat' dir='ltr'>qna</span> <span class='ocrx_word' id='word_1_356' title='bbox 769 4128 881 4202; x_wconf 84' lang='lat' dir='ltr'>aliquid</span> <span class='ocrx_word' id='word_1_357' title='bbox 903 4127 1068 4185; x_wconf 86' lang='lat' dir='ltr'>necessario</span> <span class='ocrx_word' id='word_1_358' title='bbox 1097 4145 1141 4184; x_wconf 90' lang='lat' dir='ltr'>se-</span> 
     </span>
     <span class='ocr_line' id='line_1_41' title="bbox 84 4211 1142 4290; baseline 0.001 -22"><span class='ocrx_word' id='word_1_359' title='bbox 84 4217 186 4284; x_wconf 72' lang='lat' dir='ltr'>quetem,</span> <span class='ocrx_word' id='word_1_360' title='bbox 208 4211 272 4270; x_wconf 79' lang='lat' dir='ltr'>iere</span> <span class='ocrx_word' id='word_1_361' title='bbox 295 4233 411 4290; x_wconf 86' lang='lat' dir='ltr'>semper</span> <span class='ocrx_word' id='word_1_362' title='bbox 432 4213 490 4272; x_wconf 90' lang='lat' dir='ltr'>dici</span> <span class='ocrx_word' id='word_1_363' title='bbox 512 4217 586 4290; x_wconf 75' lang='lat' dir='ltr'>quia</span> <span class='ocrx_word' id='word_1_364' title='bbox 631 4215 703 4272; x_wconf 86' lang='lat' dir='ltr'>Mox</span> <span class='ocrx_word' id='word_1_365' title='bbox 727 4213 835 4286; x_wconf 78' lang='lat' dir='ltr'>Gaius,</span> <span class='ocrx_word' id='word_1_366' title='bbox 858 4213 924 4282; x_wconf 92' lang='lat' dir='ltr'>Or.,</span> <span class='ocrx_word' id='word_1_367' title='bbox 949 4212 1020 4272; x_wconf 93' lang='lat' dir='ltr'>Otto</span> <span class='ocrx_word' id='word_1_368' title='bbox 1043 4213 1142 4269; x_wconf 92' lang='lat' dir='ltr'>edide-</span> 
     </span>
     <span class='ocr_line' id='line_1_42' title="bbox 83 4298 1119 4374; baseline 0.004 -25"><span class='ocrx_word' id='word_1_369' title='bbox 83 4305 153 4353; x_wconf 83' lang='lat' dir='ltr'>runt:</span> <span class='ocrx_word' id='word_1_370' title='bbox 174 4309 198 4354; x_wconf 82' lang='lat' dir='ltr'>et</span> <span class='ocrx_word' id='word_1_371' title='bbox 219 4301 328 4356; x_wconf 79' lang='lat' dir='ltr'>adulter</span> <span class='ocrx_word' id='word_1_372' title='bbox 350 4319 439 4357; x_wconf 72' lang='lat' dir='ltr'>cmm</span> <span class='ocrx_word' id='word_1_373' title='bbox 462 4301 566 4358; x_wconf 80' lang='lat' dir='ltr'>babebit</span> <span class='ocrx_word' id='word_1_374' title='bbox 588 4302 707 4364; x_wconf 82' lang='lat' dir='ltr'>modum,</span> <span class='ocrx_word' id='word_1_375' title='bbox 731 4298 922 4356; x_wconf 85' lang='lat' dir='ltr'>dormitantes</span> <span class='ocrx_word' id='word_1_376' title='bbox 945 4298 1011 4374; x_wconf 89' lang='lat' dir='ltr'>plus</span> <span class='ocrx_word' id='word_1_377' title='bbox 1033 4298 1119 4356; x_wconf 90' lang='lat' dir='ltr'>iusto.</span> 
     </span>
    </p>
   </div>
   <div class='ocr_carea' id='block_1_6' title="bbox 904 4415 937 4469">
    <p class='ocr_par' dir='ltr' id='par_1_8' title="bbox 904 4415 937 4469">
     <span class='ocr_line' id='line_1_43' title="bbox 904 4415 937 4469; baseline -0.03 0"><span class='ocrx_word' id='word_1_378' title='bbox 904 4415 937 4469; x_wconf 87' lang='grc'>13</span> 
     </span>
    </p>
   </div>
   <div class='ocr_carea' id='block_1_7' title="bbox 0 0 1474 5020">
    <p class='ocr_par' dir='ltr' id='par_1_9' title="bbox 0 0 1474 5020">
     <span class='ocr_line' id='line_1_44' title="bbox 0 0 1474 5020; baseline 0 1"><span class='ocrx_word' id='word_1_379' title='bbox 0 0 1474 5020; x_wconf 95' lang='lat' dir='ltr'> </span> 
     </span>
    </p>
   </div>
  </div>
 </body>
</html>
