2944 5040
269 375 331 441 846
685 393 928 442 excussusvu.

269 567 397 625 scholam
422 584 570 624 sermones
593 566 794 640 notionesque,
818 575 847 622 et
868 566 932 628 τοῖς
953 555 1031 620 κατὰ
1050 558 1231 638 φιλοσοφίαι
1247 550 1367 642 λογοις

271 652 410 708 contrarii
438 661 587 727 ponuntur
599 651 680 728 (Etb
693 650 816 707 Eudem.
829 645 909 724 Ι,8);
941 667 1040 707 eorum
1072 651 1252 708 mentionem
1282 651 1365 708 Ari-

269 739 390 796 stoteles
411 737 483 794 facit
505 747 555 793 aut
578 735 752 793 testificandi
775 755 864 793 eausa
893 723 1045 808 (καθάπερ
1069 723 1281 834 διαιρούμεθα
1308 725 1365 791 καὶ

262 815 299 878 ’ἐν
321 823 385 886 τοῖς
398 811 696 916 ἕξωτερικοῖςλόγοις,
720 821 788 879 ΕΙΙι.
800 821 874 880 Eud.
887 821 928 887 ΙΙ,
945 823 978 890 13
1000 812 1049 879 καΙ
1072 809 1127 894 γὰρ
1150 812 1179 874 ἐι·
1200 821 1274 884 τοῖς
1289 815 1366 889 ἐξα»

268 893 710 983 τερικοῖςλόγοιςδιοριζόμεθα
734 896 799 982 aspi
815 897 913 964 adada
923 863 1073 973 πολλάκις,
1097 903 1185 960 Polit.
1198 905 1263 973 ΠΙ,
1281 907 1316 962 4
1333 907 1365 974 4,

271 1009 294 1048 e.
319 992 336 1046 6
361 987 477 1070 ΒιιΙιΙιη)
497 999 548 1047 aut
569 999 602 1046 ut
624 1009 674 1048 eos
696 991 877 1067 inpraesens
900 989 1034 1047 sufficere
1063 1000 1092 1047 et
1115 991 1262 1046 tenendos
1291 1009 1367 1048 esse

270 1077 358 1145 dieat,
381 1096 445 1134 eum
469 1075 605 1133 subtilius
627 1095 689 1133 rem
713 1077 867 1151 exquirere
889 1095 946 1132 non
965 1076 1143 1153 vaeetOEtb.
1167 1076 1204 1132 ed
1226 1076 1367 1133 Nicom.

269 1160 423 1238 1,13).²)
468 1161 526 1222 Sed
554 1171 651 1218 tamen
679 1181 717 1218 ex
749 1163 836 1220 huius
864 1161 1071 1242 appellationis
1097 1161 1173 1218 falsa
1199 1161 1369 1237 interpre-

270 1249 381 1306 tatione
420 1248 498 1324 apud
536 1247 728 1322 posteriores,
768 1249 833 1305 euin
867 1247 976 1321 scripta
1009 1247 1151 1320 quaedam
1185 1247 1366 1346 significari

270 1332 541 1432 ipsiusAristotelis
553 1341 735 1424 putarentur,
752 1333 838 1390 facile
851 1343 948 1389 antem
960 1343 1125 1408 appareret
1143 1331 1185 1388 sie
1197 1333 1366 1389 nominari

269 1409 340 1482 τοὺς
363 1407 550 1493 ι’ξιιιτιριιιοΙς
570 1401 692 1493 λόγους
723 1429 755 1476 ut
782 1420 812 1476 in
835 1419 872 1476 iis
891 1419 973 1474 nulla
995 1419 1130 1474 subtilior
1157 1437 1258 1474 rerum
1288 1437 1368 1494 per-

270 1503 407 1560 tractatio
430 1511 596 1577 poneretur
620 1503 726 1560 divisio
750 1514 812 1564 tote
834 1512 898 1561 orta
921 1513 974 1560 est.
1018 1504 1058 1560 ΕΙ
1079 1503 1193 1560 adiuvit
1212 1523 1365 1561 errorem

272 1607 380 1664 magna
402 1588 576 1664 scriptorum
600 1588 771 1647 Aristotelis
794 1589 963 1660 diversitas,
988 1597 1048 1644 tum
1077 1587 1299 1661 difficiliorem,
1334 1599 1367 1646 et

271 1675 321 1748 qui
344 1691 485 1730 summam
508 1673 724 1748 philosophiam
747 1675 945 1746 continerent,
973 1675 1080 1731 raritas
1108 1674 1169 1730 sive
1191 1674 1262 1749 ipso
1291 1685 1367 1732 tan-

272 1769 333 1816 tum
356 1777 456 1816 eorum
479 1777 586 1835 genere
608 1757 713 1817 effecta
735 1762 798 1819 sive
820 1760 908 1817 etiam
926 1759 1228 1834 easibusquibusdam
1241 1771 1365 1828 aueta;

271 1863 367 1920 nequa
390 1844 467 1900 enim
490 1852 601 1900 eertum
624 1855 682 1902 ast.
705 1847 779 1904 nihil
801 1845 920 1904 omnino
942 1845 1076 1902 veritatis
1099 1845 1259 1902 Strabonis
1287 1865 1366 1902 nar-

271 1930 379 1987 rationi
402 1931 530 1987 subesse.
574 1930 622 1987 Ita
644 1940 674 1987 et
696 1917 852 2007 ι’ξωιερικιῖ
875 1931 984 2007 scripta
1007 1931 1044 1986 ab
1067 1930 1133 1988 eliis
1149 1930 1364 1988 Aristotelem

272 2017 366 2091 ipsum
391 2015 566 2072 discrevisse
589 2017 745 2089 putabant
779 2025 809 2072 et
836 2033 900 2072 eum
924 2035 1041 2073 eausam
1066 2015 1219 2072 divisionis
1243 2027 1281 2073 et
1306 2037 1365 2073 no-

272 2101 359 2158 minis
381 2109 565 2175 quaererent,
589 2101 660 2158 haee
683 2102 747 2158 sola
768 2102 853 2158 initio
875 2102 1025 2160 hominum
1054 2101 1173 2158 lectioni
1200 2103 1366 2175 permissa

272 2187 431 2262 fingebant,
451 2183 610 2261 sequentes
632 2187 719 2244 etiam
744 2205 788 2256 ea,
812 2205 886 2260 quae
915 2188 950 2244 de
974 2187 1160 2264 Pythagorae
1187 2186 1366 2262 disciplina

272 2291 380 2329 areana
391 2271 590 2328 tradebantur.
618 2271 744 2344 Quinam
762 2283 859 2329 autem
876 2273 944 2329 libri
960 2265 1125 2348 ἕξωιερικοί
1138 2283 1247 2340 essent,
1268 2275 1366 2330 nulla

274 2367 353 2414 certa
375 2367 446 2413 nota
468 2357 617 2414 definitum
647 2367 711 2414 erat
738 2377 791 2416 nee
813 2358 927 2414 definiri
950 2367 1079 2432 poterat;
1110 2366 1223 2413 tantum
1253 2379 1364 2435 popu·

271 2443 362 2501 larius
385 2461 435 2499 eos
457 2443 582 2522 scriptos
603 2452 633 2500 et
655 2445 692 2500 ad
714 2461 895 2500 communem
919 2443 1068 2500 hominum
1091 2450 1206 2516 ceptrum
1228 2462 1364 2501 aeeoru-

272 2528 449 2585 modatiores
471 2547 558 2602 quam
582 2539 695 2586 eeteros
718 2547 791 2600 esse,
814 2530 1012 2597 statuebat-um
1035 2528 1134 2601 itaque
1147 2527 1219 2584 nibil
1237 2529 1362 2587 mirum

273 2623 332 2684 est,
366 2614 396 2670 in
418 2614 473 2669 hae
495 2633 527 2670 re
549 2615 658 2671 variari
686 2615 764 2691 apud
787 2615 954 2689 scriptores.
999 2613 1152 2689 Epistulae
1174 2613 1245 2669 illae
1270 2616 1361 2672 duae

272 2699 438 2756 Alexandri
460 2710 490 2755 et
510 2699 681 2756 Aristotelis
703 2700 854 2757 verissime
877 2699 994 2775 spuriae
1017 2699 1162 2755 iudicatae
1184 2710 1263 2755 sunt.

358 2784 503 2857 Quoniam
526 2786 643 2861 saepius
665 2786 696 2842 in
718 2785 773 2842 bae
787 2785 984 2860 disputatione
996 2783 1137 2841 Antiochi
1161 2785 1273 2841 mentio
1309 2786 1361 2844 fa·

274 2870 378 2926 cienda
400 2871 568 2944 eratisque
590 2871 699 2928 in‘hoe
721 2871 756 2928 de
780 2871 886 2927 finibus
909 2889 997 2946 opere
1015 2869 1099 2944 quasi
1121 2869 1261 2926 inlocum
1274 2872 1361 2930 Ari-

272 2956 386 3013 stotelis
408 2956 562 3022 suecessit,
596 2957 701 3013 addam
725 2957 780 3014 hoe
802 2965 934 3012 extremo
957 2956 1037 3018 loeo,
1071 2955 1101 3011 in
1129 2973 1164 3011 ea
1185 2959 1360 3021 sentent-ia,

272 3059 359 3116 quam
381 3039 420 3098 ad
441 3041 499 3111 111,
513 3045 551 3098 41
576 3051 606 3098 et
627 3043 664 3098 ad
687 3043 725 3100 V.
740 3043 779 3098 34
803 3041 981 3118 significavi,
1004 3041 1042 3097 ab
1065 3039 1166 3097 eodem
1189 3041 1361 3102 Antiocho

272 3135 388 3202 sumpta
410 3145 489 3198 esse,
523 3145 598 3201 quae
626 3128 703 3203 apud
733 3129 873 3185 Ioannem
897 3127 1106 3186 Stobaeensem
1133 3125 1164 3181 in
1186 3125 1250 3182 Eel.
1274 3127 1361 3186 Eth.

272 3212 340 3270 inde
362 3231 381 3268 a
402 3232 430 3288 p.
455 3213 515 3268 242
539 3213 679 3270 Haerenii
701 3233 755 3289 pro
778 3212 984 3288 Peripateticis
1006 3212 1151 3287 leguntur,
1175 3211 1362 3272 confirmari

271 3317 317 3354 me
340 3317 398 3354 non
422 3298 515 3356 solum
545 3317 659 3355 summa
684 3299 815 3356 locorum
843 3298 956 3372 aliquot
983 3316 1048 3354 eum
1075 3297 1128 3368 iis,
1160 3315 1234 3370 quae
1263 3302 1362 3373 apud

302 3485 321 3546 ιΙ
340 3483 414 3532 Hane
432 3484 504 3533 Zellii
523 3491 547 3531 et
564 3482 702 3564 Micheletii
720 3483 963 3562 interpretationem.
990 3481 1015 3529 in
1039 3496 1115 3563 quarn
1134 3482 1193 3529 olim
1212 3481 1363 3534 Zeidlerus

338 3551 1361 3685 ltetgt„”02¹¹sttblstlbzultssttt¹¹stult,lusda

339 3691 381 3752 qni
400 3691 478 3753 ipsius
497 3689 640 3738 Aristotelis
658 3689 840 3752 disputationes
858 3689 940 3737 miuus
950 3689 983 3736 ad
993 3687 1167 3750 philosophiae
1176 3687 1359 3740 aulrtilitarem

339 3757 448 3818 limatas,
467 3759 519 3807 sive
536 3757 643 3821 scriptas
665 3759 716 3807 sive
734 3758 918 3819 annuerimus,
937 3757 1073 3818 intellegit
1089 3770 1194 3835 prorsus
1211 3757 1306 3803 evertit
1328 3771 1360 3808 et

340 3827 361 3876 is
379 3795 477 3887 modis,
499 3842 550 3890 quo
572 3827 722 3875 Aristoteles
745 3827 825 3875 hos)
823 3823 912 3906 dyotq
935 3821 1132 3904 ἐξωιιριιοιῗς
1127 3825 1288 3883 testificatur,
1327 3839 1360 3876 et

339 3910 399 3944 usus
417 3863 546 3959 loqtiendi
582 3895 668 3959 Neque
685 3895 751 3944 enirn
770 3891 927 3970 ἐξωιιρικόν
945 3909 989 3958 per
1007 3908 1033 3942 se
1051 3902 1088 3942 est
1105 3890 1132 3944 ro'
1148 3891 1183 3964 up*
1171 3887 1222 3967 ps'b
1216 3860 1359 3964 έμρΙβω.

339 3963 430 4037 ,ιιὲνοιι
449 3967 492 4014 sed
511 3965 578 4028 qued
597 3979 654 4012 eum
672 3965 711 4021 iis,
730 3978 795 4027 qnae
814 3975 885 4012 extra
903 3970 969 4018 suut
989 3955 1203 4011 coniuncturuest.
1239 3963 1313 4012 Mira
1327 3975 1357 4014 et

338 4023 472 4098 multiplex
490 4043 528 4082 est
546 4033 639 4080 Stahrii
658 4032 836 4113 interpretatio,
856 4032 897 4128 qui
917 4046 933 4079 a
950 4031 1059 4080 Weissio
1077 4041 1132 4084 taut
1149 4031 1232 4094 potius
1251 4031 1355 4082 Rieco-

340 4103 417 4166 bono)
435 4103 558 4166 quaedam
577 4110 706 4150 mutuatus
729 4104 879 4166 primum
854 4097 867 4151 ε’
873 4105 928 4152 ἕως.
946 4097 1045 4170 λόγοις
1062 4107 1158 4147 tautum
1178 4100 1228 4146 aliu
1247 4100 1354 4180 scripta

340 4179 415 4234 atque
432 4171 467 4226 id,
486 4171 553 4234 quod
572 4185 638 4218 nune
657 4171 762 4230 legatur,
782 4165 916 4232 significari
927 4177 1000 4232 putat
1018 4170 1095 4248 (quod
1107 4169 1207 4216 verhi'
1185 4184 1221 4216 rra
1235 4170 1352 4221 omuino

338 4247 424 4292 vetat)
444 4241 534 4288 deinde
552 4241 646 4304 scripta
664 4241 695 4286 ad
715 4247 806 4287 eertum
826 4240 952 4302 quandam
971 4237 1210 4300 materiumproprie
1225 4253 1279 4286 non
1290 4255 1353 4303 per·

339 4308 452 4366 tinentia,
471 4318 598 4372 postremo
616 4308 659 4368 (ud
677 4309 805 4370 vulgarem
824 4309 971 4356 senteutiam
988 4307 1113 4366 relabens)
1132 4307 1224 4370 scripta
1234 4309 1353 4372 popula·

340 4377 377 4425 ria
396 4386 420 4426 et
437 4379 469 4426 ad
488 4379 570 4443 ipsam
588 4376 736 4441 disciplinae
754 4376 912 4442 complexum
930 4390 982 4425 non
1000 4376 1157 4440 pertinentia
