2948 5024
328 371 391 437 682
718 389 763 435 us
785 389 916 438 smmus
939 389 1009 437 sou.

328 575 409 639 quae
430 558 539 640 primo,
561 558 592 623 in
615 575 677 640 quo
698 557 767 624 loco
789 567 883 624 natae
903 567 984 640 sunt,
1006 577 1044 624 ex
1066 577 1103 624 eo
1125 577 1160 624 se
1181 578 1242 625 non
1263 576 1381 624 sommo

328 666 416 740 veut;
439 659 551 726 deinde
573 679 630 726 suo
652 660 948 743 quaequeappetitu
964 669 1119 740 movetm3
1143 679 1269 742 serpere
1289 663 1383 741 augu-

329 761 424 841 oulos,
447 780 522 827 nare
543 761 724 841 suademus,
746 762 870 828 evolare
882 763 1026 841 merulas,
1048 763 1384 828 cornibusutividemus

329 864 433 943 boves,
455 883 552 946 nepas
574 865 698 944 aculeis,
720 883 808 930 suam
830 866 964 947 denique
976 865 1085 947 suique
1102 875 1247 930 naturam
1267 883 1334 929 esse
1352 864 1384 928 ad

290 965 494 1034 bviveudum
515 967 632 1031 ducem
677 967 765 1044 Quae
787 967 953 1032 similitudo
974 967 1006 1032 in
1027 985 1140 1050 genere
1162 967 1384 1034 etiamhumsno

400 1193 420 1236 1.
438 1187 489 1238 Ioco
507 1203 557 1238 om.
577 1189 594 1238 E
640 1193 661 1236 2
681 1205 824 1252 serpere-
842 1188 923 1240 ducam
941 1188 1075 1254 Noniusp
1076 1194 1142 1240 .ttt
1187 1195 1213 1243 8.
1230 1198 1314 1238 natan
1330 1187 1384 1238 Nou

329 1255 470 1323 [aneticulas
488 1249 537 1324 ltu]
558 1255 691 1306 auetrculm
709 1257 774 1308 Non.
810 1256 891 1308 volare
908 1258 973 1308 Non
1010 1255 1130 1308 ardeamus
1148 1258 1215 1310 Nou
1250 1259 1316 1306 bever
1332 1255 1385 1305 ride·

328 1325 409 1374 muaE
445 1332 467 1373 4
486 1327 1011 1392 uesper(prouepar)omuespraeterNou.
1046 1325 1211 1376 adoiumdum
1225 1325 1304 1376 dueum
1312 1323 1384 1374 esreL

328 1553 384 1608 qua
410 1535 583 1591 similitudtm
604 1543 762 1609 perrpeotu3
795 1551 873 1592 nune
900 1532 930 1590 in
953 1533 1055 1591 eodem
1077 1533 1170 1610 gradu
1193 1543 1306 1605 manet,
1337 1549 1385 1606 quo

328 1620 417 1677 Tuae.
429 1619 484 1690 tv,
499 1618 554 1676 tt:
576 1619 676 1676 morbis
697 1637 838 1695 corpmum
858 1629 1032 1696 eomparatur
1053 1620 1203 1676 morborum
1225 1625 1308 1676 am'mi
1323 1623 1384 1676 smu-

328 1705 422 1776 b'tudo,
444 1704 550 1776 idest,
574 1703 668 1761 morbi
690 1704 781 1762 animi
803 1703 923 1762 similes.
956 1704 1033 1763 Nam
1056 1713 1086 1762 et
1107 1704 1137 1762 in
1155 1704 1329 1763 substantivi
1339 1719 1384 1760 usu

326 1789 492 1866 proprietas
514 1789 658 1865 quaedam
680 1798 726 1848 est
747 1799 777 1847 et
797 1789 1014 1867 inprouomiue
1035 1789 1073 1848 ad
1094 1790 1125 1848 id
1141 1788 1384 1856 accommodando,
1464 1859 1465 1876 Χ

252 1941 258 1952 ἱ
329 1875 408 1950 quod
429 1893 522 1952 genus
544 1875 629 1952 attigi
652 1874 681 1932 in
704 1875 876 1953 vulgaribus
898 1875 1042 1952 exemplis
1064 1875 1102 1932 ad
1122 1876 1165 1949 11,
1180 1877 1229 1933 66.

413 1981 461 2019 suo
482 1981 604 2036 quaeque
625 1964 746 2036 appetitu
767 1959 899 2037 mouetur)
922 1961 999 2018 Dav.
1022 1961 1135 2018 eParr.
1148 1961 1166 2018 2
1179 1970 1210 2019 et
1222 1961 1240 2018 3
1253 1969 1382 2026 maneatur,

327 2057 357 2104 et
378 2055 477 2123 potest
497 2047 553 2104 hoe
575 2046 706 2122 plaeere,
740 2056 774 2104 nt
794 2045 899 2106 Cicero
922 2046 1111 2124 (praesertim
1138 2047 1168 2104 in
1196 2045 1332 2104 membris
1351 2043 1384 2100 sie

328 2131 491 2190 coniunctis
509 2138 600 2208 pram
622 2165 663 2174 -
685 2142 851 2202 commouent,
874 2134 970 2190 deirule
991 2131 1060 2208 eet)
1083 2132 1278 2190 communiter
1298 2131 1384 2208 plura·

327 2218 384 2276 lem
397 2216 537 2294 posuerit,
560 2217 745 2294 appositione
761 2217 1065 2286 auteminterieoerit,
1094 2227 1127 2274 ut
1148 2217 1213 2275 lieri
1234 2218 1321 2288 solet,
1346 2233 1384 2272 ruo

328 2321 458 2378 peraeque.
502 2301 562 2362 Sed
589 2303 663 2360 nihil
685 2303 857 2362 mutandum
879 2321 958 2376 esse,
992 2303 1110 2361 docebit
1132 2303 1224 2361 multo
1247 2299 1383 2360 durioris
1465 2334 1466 2370 r

329 2387 431 2446 eodem
454 2389 584 2446 membro
606 2389 747 2447 transitus
775 2389 813 2446 ed
835 2389 1014 2466 singularem
1041 2387 1124 2446 verbi
1150 2407 1305 2446 numerum
1330 2393 1384 2463 post

328 2491 431 2532 vocem
452 2480 567 2550 quisque
588 2473 619 2531 in
642 2472 732 2533 IOff.
757 2476 829 2533 147:
863 2484 892 2532 ut
913 2481 982 2533 enim
1000 2481 1118 2550 pictores
1140 2484 1163 2532 ιι
1186 2479 1220 2546 ii,
1252 2479 1301 2549 qui
1319 2477 1384 2546 ripas
1466 2509 1467 2534 r

323 2559 508 2634 fabricantur,
531 2569 556 2618 et
577 2579 639 2618 sero
660 2565 739 2618 edam
756 2569 852 2640 poetae
873 2579 950 2617 suum
972 2567 1088 2634 quisque
1109 2579 1176 2636 opus
1198 2580 1215 2616 α
1238 2563 1315 2634 oulpo
1334 2575 1383 2615 ιιι·

328 2647 447 2703 siderari
465 2648 534 2716 outt3
568 2645 616 2703 eui
642 2645 792 2722 geminum
819 2655 878 2718 est,
912 2645 992 2720 quod
1012 2645 1061 2702 hie
1083 2650 1098 2716 ἃ
1122 2646 1161 2702 72
1185 2655 1260 2702 extr.
1284 2643 1384 2721 legitur.

329 2726 404 2811 [Cir.
427 2729 512 2789 Caes.
529 2731 565 2788 B.
582 2729 616 2790 C.
633 2731 691 2802 111,
712 2731 762 2802 37,
786 2730 907 2790 Sallust
930 2730 995 2791 Cat
1016 2731 1066 2802 37,
1089 2731 1154 2788 Lis.
1177 2730 1250 2800 VH,
1263 2731 1312 2802 33,
1333 2722 1384 2803 ta]

328 2816 398 2874 Non
420 2833 539 2892 possum
561 2815 652 2892 igitur
673 2817 808 2892 probare,
831 2816 1138 2892 quammulti
1163 2816 1274 2874 editur:
1297 2823 1384 2892 quartu

328 2903 367 2958 od
388 2921 446 2958 eam
467 2919 523 2959 rem
544 2905 593 2971 vis,
616 2912 645 2960 ut
666 2907 693 2960 in
714 2922 763 2959 suo
779 2921 901 2977 quaeque
909 2921 1004 2976 praere
1009 2913 1186 2977 pensaurum
1197 2897 1385 2980 (animantes),

329 3004 395 3044 oum
418 2987 447 3044 in
470 2987 605 3044 omuibus
627 2987 713 3045 bonis
735 2987 885 3046 codicibus
914 2987 952 3045 sit
969 2997 1135 3064 permoneat.
1179 2987 1299 3065 (Neque
1320 2985 1384 3043 enim

329 3071 425 3130 minus
446 3081 526 3130 reete
548 3073 603 3132 hoe
625 3072 662 3131 de
684 3091 861 3148 numaeque
883 3073 1031 3130 animante
1053 3091 1140 3148 quam
1154 3072 1190 3130 de
1204 3072 1326 3150 singulis
1345 3087 1386 3146 gu

328 3158 448 3216 neribus
471 3158 592 3228 dicitur,
625 3177 662 3216 ne
691 3157 757 3232 quis
779 3159 871 3220 dieat.
900 3167 929 3216 et
950 3158 1012 3216 illie
1038 3166 1069 3215 et
1090 3158 1138 3216 hic
1159 3158 1256 3234 ipsum
1279 3171 1387 3233 quaeque

329 3243 496 3302 necessario
517 3243 672 3320 pluraliter
693 3244 922 3320 intellegendum
944 3243 1032 3322 esse.)
1075 3245 1111 3301 In
1139 3245 1301 3318 eodemque
1322 3241 1387 3299 libro

333 3330 391 3387 127
414 3329 627 3388 restituendum
649 3339 703 3400 est,
727 3329 806 3404 quod
821 3339 891 3387 aute
902 3329 1106 3387 Heindoriium
1118 3339 1148 3386 et
1158 3329 1308 3388 Mosarum
1320 3328 1387 3402 lege·

329 3416 416 3472 batur
437 3423 468 3472 et
488 3433 508 3471 a
528 3414 679 3472 codicibus
701 3415 904 3473 confirmatur:
926 3419 983 3474 ruis
995 3418 1252 3490 searnriaquneque
1262 3413 1385 3490 deperdet

414 3497 511 3576 nepas)
534 3500 592 3558 Hie
614 3499 733 3576 quidem
755 3499 884 3558 dubitari
905 3519 964 3558 non
986 3509 1093 3576 potest,
1117 3500 1187 3574 quin
1200 3499 1325 3570 Nonius,
1345 3494 1387 3571 qui

329 3594 450 3661 propter
471 3585 546 3643 hano
568 3603 671 3645 voeem
692 3586 788 3643 loeurn
811 3584 933 3662 profert,
961 3604 1061 3644 veram
1079 3586 1254 3662 scripturam
1266 3582 1388 3650 servarit,

328 3670 359 3728 in
382 3669 482 3728 codiee
505 3681 602 3728 autem
625 3671 785 3747 archetypo
807 3689 861 3747 pro
884 3671 980 3730 minus
1001 3671 1201 3729 notouomine
1223 3673 1304 3749 (uam
1321 3685 1388 3727 seor·

329 3756 446 3832 pionem
469 3774 527 3813 uon
549 3752 738 3836 ignorabant)
760 3757 859 3815 notius
879 3757 955 3814 alius
976 3757 1112 3814 animalis
1128 3757 1290 3815 subieotum
1302 3753 1389 3814 tuerit

329 3843 364 3900 In
377 3839 485 3900 Gudl
511 3841 541 3899 in
564 3861 620 3918 mg.
643 3842 786 3918 seriptum
802 3851 867 3900 erat
882 3843 918 3900 αι’
935 3861 1018 3918 nepas
1029 3845 1188 3918 ιιοφιοιιιι,
1208 3843 1388 3914 similiterque

329 3927 359 3984 in
372 3927 436 3985 Pal.
449 3928 479 3996 4,
501 3928 539 3985 ab
560 3927 661 4003 aliquo
684 3927 831 3999 nimirum,
854 3927 903 4003 qui
927 3927 1057 3986 Nouium
1080 3937 1188 3986 nosset
1220 3929 1387 3998 ,Etismre-

272 4013 275 4020 ’
330 4021 377 4070 tus
401 4012 544 4088 Scaligeri
567 4013 642 4070 liber
663 4013 797 4090 agnoscit
818 4021 931 4090 nepos“,
955 4013 1067 4082 eodem,
1091 4013 1206 4089 opinor,
1231 4015 1325 4072 modo.

420 4097 495 4166 Quae
517 4101 662 4156 similitudo
684 4095 753 4174 eet.)
776 4099 885 4157 Parum
908 4099 1058 4176 eleganter
1079 4098 1109 4156 iu
1132 4099 1234 4158 orbem
1256 4097 1387 4175 quandam

329 4184 487 4240 revertitur
508 4184 581 4241 haee
603 4183 803 4242 similitudinis
825 4185 947 4260 notatio,
969 4194 1011 4254 ut,
1035 4201 1100 4242 eum
1123 4185 1274 4242 homiuum
1292 4179 1387 4242 sindles

330 4268 440 4326 bestias
462 4269 579 4340 dixerit,
603 4269 670 4326 dein
693 4270 851 4327 bestiarum
875 4270 1094 4328 similitudinem
1118 4269 1148 4328 in
1171 4271 1388 4341 hominibnssp·

330 4372 433 4429 perere
456 4354 544 4412 dicat.
589 4355 682 4412 Primo
704 4365 762 4412 ortu
785 4355 827 4413 sio
849 4356 957 4414 dieitur
978 4365 1011 4414 nt
1030 4360 1119 4430 primo
1139 4366 1263 4431 aspectu,
1285 4357 1387 4413 adnutu
