2944 5040
252 369 315 434 364
529 385 632 430 monx
656 383 772 432 resnou
794 384 837 430 ur
862 384 1048 432 versorum.

296 559 347 627 sit,
377 556 485 615 diversi
513 556 542 612 in
565 557 659 614 altera
682 567 764 633 parte
822 559 988 632 Quicumque
1000 576 1053 633 pro
1071 562 1158 632 qm'eis
1175 567 1204 615 et
1226 559 1257 615 in
1280 559 1336 616 du-

295 643 427 718 intellegi
451 641 573 718 possint,
598 644 669 700 650.
862 643 1004 701 bitatione
1034 643 1226 720 significando
1255 645 1336 706 834:

252 733 421 790 Pronomen
443 729 549 798 reflex;
574 729 632 785 vid.
657 729 701 786 Se.
860 733 1020 804 quicumque
1036 732 1085 804 qui
1100 729 1258 786 barbarum
1272 731 1335 786 ibd.

251 814 766 890 Pronominispossessivigenetivus
823 815 939 884 Quidem
961 815 992 872 in
1014 815 1158 872 elevando
1176 816 1193 871 7
1198 817 1232 884 7;
1256 817 1336 873 male

295 921 349 978 pro
372 900 510 978 genetivo
527 901 692 976 personalis
715 919 767 975 po·
862 901 991 978 positum
1007 901 1076 970 130,
1091 901 1168 970 390;
1182 901 1336 977 inelegan-

296 989 370 1047 situs
408 989 482 1056 lll;
516 1005 570 1062 pro
598 986 766 1062 possessivo
861 996 907 1044 ter
933 987 1092 1062 repetitum
1115 988 1192 1056 7453
1223 1006 1336 1062 prono·

296 1073 443 1131 adiectivo
468 1071 538 1128 269.
863 1072 932 1130 mini
955 1073 1119 1130 subiectum
1143 1073 1214 1130 545.

254 1149 340 1236 Πρὸς
363 1145 452 1232 φύσιν
475 1177 527 1232 pro
551 1147 627 1214 κατὰ
650 1172 682 1230 φ.
708 1175 766 1214 non
823 1159 997 1233 Quiuprave
1013 1177 1079 1216 cum
1098 1158 1284 1216 coniunctiro
1303 1159 1336 1216 in

296 1244 444 1304 Graecum
469 1244 518 1300 67.
862 1245 1072 1320 interrogando
1085 1246 1103 1301 7
1107 1244 1162 1314 34;
1185 1251 1253 1320 post
1266 1263 1336 1301 son-

254 1333 408 1406 Proeperue
436 1330 503 1386 131.
863 1329 985 1388 tentiam
1008 1330 1186 1387 contrariam
1209 1339 1261 1386 aut
1282 1349 1337 1386 ne·

254 1417 418 1474 Prudentia
450 1423 480 1472 et
518 1413 663 1489 supientia
697 1431 767 1471 oon·
862 1415 1011 1492 gationem
1035 1416 1169 1492 negando
1187 1415 1336 1472 sublatam

296 1502 380 1560 fusas
402 1501 522 1558 notione
547 1501 595 1557 89.
863 1503 939 1571 661;
963 1504 1027 1576 quiu
1050 1522 1082 1558 ue
1104 1503 1336 1576 -quidemnon

254 1585 463 1660 Πτολεμαεῖον
491 1586 637 1661 quomodo
661 1585 767 1642 Latine
863 1587 1002 1644 usitatum
1029 1588 1099 1644 704.

297 1671 512 1748 pronuntietur,
536 1683 565 1729 et
577 1671 685 1730 similia
698 1671 767 1728 604.
825 1673 930 1746 Quique
961 1705 1001 1714 ——
1024 1675 1124 1748 quique
1153 1692 1207 1748 pro
1234 1683 1259 1729 et
1287 1677 1339 1747 qui

253 1758 419 1815 Puteolana
440 1759 577 1834 graname
601 1759 671 1815 281.
863 1792 905 1800 -
928 1762 1011 1832 etqui
1032 1777 1090 1816 non
1107 1757 1336 1817 Ciceronianam

255 1845 380 1911 Putesco,
384 1853 511 1919 putresco
523 1853 684 1920 etcognata
697 1843 767 1901 673.
865 1845 935 1902 710.

256 1931 371 2005 Pyrrho
396 1931 467 1986 217.
825 1931 892 2000 Quis
925 1929 1109 1988 indefinitum
1137 1929 1168 1986 in
1196 1929 1338 2005 negativa

255 2015 435 2091 Pythagorei
469 2015 603 2073 Platonis
637 2015 768 2092 magistri
863 2016 1010 2074 sententia
1033 2017 1104 2072 466.

299 2102 369 2158 760.
793 2119 798 2126 ·
825 2102 975 2177 Quisque-m
1000 2102 1156 2172 mutos,
1172 2101 1243 2170 547,
1263 2099 1336 2156 835.

442 2175 448 2188 '
824 2189 945 2262 Quisque
973 2187 1028 2255 eo,
1058 2187 1134 2254 cem
1168 2191 1284 2261 qusque
1304 2186 1338 2242 in

869 2273 1015 2330 sententia
1042 2281 1110 2348 post
1138 2272 1235 2346 posite
1257 2273 1337 2341 4603

260 2357 321 2425 Qum
345 2368 374 2414 et
395 2377 465 2430 quae
489 2357 537 2414 59.
864 2359 901 2416 ad
932 2359 987 2415 hoc
1020 2359 1142 2415 verbum
1176 2357 1338 2434 singularis

262 2443 368 2511 Quaero
390 2445 458 2499 seire
486 2443 564 2518 apud
593 2461 666 2517 quos
689 2442 768 2499 dica·
863 2445 979 2502 numeri
1001 2444 1127 2501 relatum
1144 2443 1246 2500 dumus
1259 2444 1338 2508 682ς

300 2535 356 2598 tur,
382 2527 452 2584 356.
863 2550 922 2588 non
953 2530 1074 2606 ponitur
1094 2529 1172 2605 apud
1195 2528 1257 2587 Cic.
1285 2541 1339 2586 ant

257 2613 452 2687 Quaestionas
518 2613 770 2672 extraordinariae
869 2617 1008 2690 aequales
1030 2634 1084 2691 pro
1101 2618 1261 2690 quicumque
1274 2615 1336 2671 832

301 2699 454 2756 criminum
477 2718 495 2756 a
513 2700 622 2775 populo
634 2701 769 2758 decretae
864 2721 928 2776 sqq.
963 2701 1024 2761 Cir.
1047 2704 1258 2775 uuusquisque.

302 2785 377 2854 2333
401 2785 534 2858 quaestio
552 2786 588 2842 de
599 2786 770 2862 repetundis
826 2787 1338 2862 Quisquisquoscasushabeat,4193

303 2871 372 2926 233.
864 2871 998 2930 feminini
1011 2873 1127 2949 generis
1138 2870 1264 2929 formam
1276 2891 1338 2929 non

263 2955 349 3024 Quam
380 2957 417 3012 sb
445 2956 591 3013 adiectivo
619 2957 770 3033 praeposi·
865 2960 953 3016 habet
967 2958 1264 3028 anteTacitum4203
1283 2977 1340 3033 pro

301 3042 380 3100 tione
403 3052 570 3116 soporatum
584 3044 654 3109 651,
680 3062 770 3120 prave
865 3051 979 3120 quisque
1003 3045 1073 3102 646.

301 3126 510 3202 transpositum
545 3126 641 3205 (quam
669 3131 769 3204 potius.
826 3131 886 3200 Quo
907 3149 966 3188 non
994 3131 1102 3188 dieitur
1128 3149 1181 3205 pro
1204 3131 1343 3204 quomodo

295 3212 391 3289 prius)
415 3214 485 3270 772.
866 3217 937 3273 232.

264 3298 440 3368 Quamobrem
466 3301 535 3356 366.
827 3302 886 3371 Quo
895 3305 982 3358 urinas
990 3303 1055 3376 (nou
1062 3319 1161 3376 precor
1172 3296 1343 3376 quiquis.

263 3385 435 3458 Quemquam
458 3386 617 3461 numapud
630 3384 691 3444 Cic.
705 3403 769 3441 eom
827 3388 907 3456 Quod
928 3394 997 3443 onte
1019 3385 1093 3442 alias
1116 3385 1345 3442 coniunctiones

301 3471 496 3529 coniunctivo.
510 3472 587 3541 4653
610 3471 771 3528 sinererbo
869 3474 943 3542 1253
967 3471 1043 3528 male
1066 3489 1131 3527 cum
1148 3470 1345 3528 coniunctivo

301 3557 379 3632 apud
402 3556 463 3614 Cic.
486 3576 543 3614 non
563 3558 681 3633 ponitur
699 3557 769 3613 726.
866 3558 994 3636 positum
1019 3556 1075 3626 513
1099 3574 1164 3613 cum
1187 3556 1342 3614 coniunct„

263 3641 379 3710 Qecarulo
401 3651 431 3699 st
453 3647 576 3716 quonium
603 3643 673 3712 639,
699 3643 769 3698 723.
864 3663 918 3720 pro
931 3662 1096 3718 quemquam
1109 3641 1187 3717 apud
1195 3641 1344 3700 Ovidium

263 3727 431 3802 Quererioque
454 3729 525 3785 833.
867 3731 921 3798 52;
950 3731 1024 3804 quod
1045 3731 1114 3798 iterra,
1137 3729 1211 3802 quod
1231 3739 1343 3794 emme,

263 3813 320 3882 Que
342 3815 514 3871 intransitu
531 3816 567 3871 ad
585 3832 692 3870 novam
705 3831 770 3872 sen·
865 3817 938 3890 quod
960 3833 1029 3872 nunc
1052 3815 1124 3871 739.

301 3901 422 3982 tentiam
436 3902 512 3970 471;
530 3919 589 3957 non
601 3899 771 3975 adiungitur
827 3901 952 3976 Quoque;
975 3900 1098 3976 positus,
1122 3899 1173 3956 ubi
1190 3915 1256 3954 cum
1270 3898 1344 3956 aliis

302 3986 424 4043 vocibus
447 3987 503 4058 hie,
526 3989 578 4051 eie,
607 4007 675 4046 rruuc
698 3986 769 4043 677.
866 3985 1017 4062 particulis
1040 3983 1196 4050 concurrit
1220 3983 1293 4040 325.

302 4066 378 4152 (Cfr.
401 4081 425 4128 et
448 4081 477 4128 et
499 4072 621 4148 quique.)
827 4072 989 4140 Quoreueet
1003 4091 1140 4146 quorsum,
1153 4069 1264 4128 similia
1286 4071 1343 4128 42.

263 4157 318 4226 Qui
338 4169 363 4216 et
384 4169 501 4233 quantus
525 4159 596 4216 258.

263 4243 318 4311 Qui
338 4265 389 4301 uon
406 4247 511 4319 etquiu
537 4245 605 4301 193.
629 4242 703 4326 (Qus
712 4245 770 4303 vid.
823 4245 1000 4310 Ratiourm
1024 4247 1125 4300 ratione
1136 4243 1251 4299 alicuius
1264 4243 1342 4298 414.

302 4331 385 4386 Pron.
409 4331 500 4410 relat.)
823 4331 952 4405 Recipere
974 4339 1003 4386 st
1025 4333 1160 4404 suscipere
1184 4328 1254 4385 126.
