3000 5044
416 415 461 462 nr
484 415 565 462 nnn.
581 415 645 460 nus.
662 415 696 462 1v
719 415 791 462 cre.
817 416 925 462 rc-rr.
1141 397 1205 462 549

130 585 275 650 existere.
319 583 390 648 Non
413 583 494 649 enirn
521 583 553 650 iu
576 583 740 650 selectione
760 583 860 649 virtus
888 584 1034 666 ponenda
1056 588 1138 661 erat,
1171 591 1207 649 ut

130 689 164 752 id
184 688 299 770 ipsum,
321 688 495 769 quoderat
518 687 668 753 bonorum
690 687 839 761 ultimum,
862 686 945 751 alind
962 687 1079 769 aliquid
1101 688 1205 768 acqui

129 797 224 856 reret
273 790 354 854 Nam
382 790 499 869 omnia,
532 807 613 870 qnae
641 790 792 855 sumenda
818 807 961 872 quaeque
993 790 1124 871 legenda
1151 795 1207 854 aut

129 893 271 975 optanda
292 899 373 972 sunt,
395 891 499 958 inesse
521 891 635 957 debent
655 892 688 957 in
710 911 831 956 summa
853 892 1017 971 bonorum,
1040 896 1075 955 ut
1095 891 1132 970 is,
1154 891 1206 974 qui

128 1015 200 1061 earn
227 997 360 1077 adeptus
388 994 442 1073 sit,
476 993 550 1059 nihil
578 1001 742 1076 praeterea
768 994 932 1060 desideret
984 995 1134 1073 Videsne,
1163 994 1246 1073 uti>

128 1099 242 1180 quibus
270 1115 390 1162 summa
417 1097 523 1161 estin
550 1097 723 1178 voluptate,
756 1096 954 1178 perspicuum
978 1096 1032 1176 sit,
1066 1097 1141 1179 quid
1167 1097 1207 1162 iis

126 1199 305 1265 faciendum
326 1199 368 1264 sit
388 1204 444 1264 aut
465 1217 528 1263 non
549 1198 746 1264 faciendum?
773 1204 809 1263 ut
830 1217 920 1264 nemo
942 1199 1072 1278 dubitet
1100 1218 1208 1264 eorum

128 1303 234 1368 omnia
255 1301 357 1367 officia
378 1320 439 1383 quo
462 1305 613 1383 spectare,
636 1301 712 1382 quid
723 1302 820 1382 sequi,
843 1301 917 1383 quid
933 1293 1215 1384 firgcredebeantt'

128 1404 179 1469 Sit
204 1403 263 1469 hoc
289 1403 431 1468 rrltinrum
458 1403 625 1484 bonorum,
664 1405 748 1486 quod
780 1422 862 1469 nuuc
888 1423 908 1468 a
935 1423 983 1468 me
1015 1404 1206 1486 defenditur;

126 1507 409 1589 appretiatio,
446 1525 527 1589 quae
559 1507 622 1571 sint
654 1505 768 1585 officia,
803 1525 883 1588 quae
918 1507 1064 1573 actiones
1108 1507 1205 1573 Vobis
1225 1509 1266 1573 10

126 1617 243 1686 autem,
265 1609 377 1690 quibus
401 1609 477 1674 nihil
498 1615 548 1675 est
569 1609 654 1674 aliud
676 1609 872 1691 propositum
895 1609 955 1674 nisi
972 1615 1090 1674 rectum
1112 1615 1207 1690 atque

125 1711 305 1788 honestum,
339 1711 422 1775 unde
449 1709 557 1790 officii,
591 1712 674 1776 unde
701 1711 814 1792 agendi
841 1711 1027 1792 principium
1050 1718 1205 1792 nascatur,

125 1831 192 1878 non
214 1813 386 1895 reperietis.
430 1815 481 1878 47.
505 1815 572 1879 Hoc
594 1813 689 1896 igitur
700 1822 888 1896 quaerentes
911 1832 1026 1892 omues,
1048 1814 1120 1894 etii,
1142 1815 1205 1895 qui,

125 1917 345 1998 quodcumque
366 1915 397 1979 in
420 1921 555 1980 urentem
567 1917 671 1981 veniat
692 1923 748 1982 aut
759 1917 976 1998 quodcumque
998 1927 1149 1995 occurrat,
1172 1935 1207 1980 se

125 2017 219 2100 sequi
241 2018 353 2098 dicent,
375 2023 407 2082 et
428 2037 485 2082 vos
507 2019 549 2082 ad
570 2024 715 2083 naturam
727 2019 932 2084 revertemini.
963 2018 1081 2096 Quibus
1093 2025 1206 2084 nauus
1226 2019 1267 2086 15

199 2209 220 2256 1.
240 2205 264 2254 ia
282 2204 391 2256 ἀιιτίοηι
409 2205 472 2256 09.
493 2206 603 2274 [aliquod
616 2205 665 2273 Eh]
704 2211 726 2255 6.
745 2224 836 2256 summa
853 2207 913 2257 inest
929 2206 1009 2272 uolupt
1010 2206 1087 2256 cteL
1134 2204 1209 2274 [quod

123 2265 512 2342 Itq'th18qacspeotoraE
550 2274 721 2343 [quodsuqere
739 2274 786 2342 Eh]
825 2281 848 2325 9.
867 2293 927 2326 nuuc
945 2291 993 2326 our
980 2216 1033 2326 μῦ
1071 2279 1109 2327 lo.
1129 2293 1207 2341 appa·

123 2341 219 2392 rentL
284 2347 322 2391 13.
341 2344 467 2408 reperieris
485 2344 544 2394 doec
559 2344 669 2410 iqiturE
722 2344 840 2424 quaeritis
858 2343 976 2410 (queritis)
995 2359 1082 2395 omues
1136 2353 1158 2394 et
1174 2345 1210 2408 tq'

123 2411 195 2476 quod
211 2410 389 2476 quietemqueE
428 2417 466 2462 ts
485 2412 529 2463 aed
545 2413 627 2465 rosc
663 2413 807 2463 revertimini
823 2413 961 2465 ELCROr.

124 2585 237 2662 quibus
260 2586 444 2644 scribebatur
466 2591 550 2646 cristo
572 2596 602 2644 et
624 2595 723 2644 cetera
745 2587 848 2645 eadam
870 2587 994 2644 ratione.
1027 2589 1129 2662 Atque
1151 2607 1206 2665 ego

123 2671 202 2730 mihi
224 2672 398 2748 perevadao,
423 2682 545 2750 propter
566 2674 660 2750 ipsam
683 2682 819 2730 naturam
842 2673 1071 2748 praepositionis
1088 2683 1208 2732 etcum·

123 2775 247 2815 munem
269 2759 480 2834 pronuntiandi
502 2760 598 2836 legem
620 2777 657 2816 ex
676 2777 726 2816 ore
738 2759 845 2816 Latino
857 2777 952 2834 noque
975 2779 988 2816 e
1010 2762 1207 2817 celerioresu-

123 2843 222 2901 ditnm
245 2861 319 2914 asse,
342 2862 400 2901 non
423 2845 516 2922 magis
539 2863 627 2920 quom
649 2847 736 2917 erista
760 2847 833 2902 csilio
855 2845 1207 2924 (ostenduntenimoom-

123 2929 244 3006 positae
260 2947 358 3000 voces,
381 2939 449 2987 ante
461 2931 590 2988 litteram
613 2951 626 2988 c
649 2929 773 2988 altorum
784 2930 1013 3007 praepositionis
1030 2930 1207 2988 elementum

122 3033 187 3072 non
198 3014 388 3072 obscuratum
399 3015 489 3095 csse),
507 3035 603 3090 nequa
614 3036 648 3073 ec
660 3019 803 3086 selectione,
821 3035 880 3073 non
892 3015 985 3092 magis
998 3034 1085 3090 qnam
1098 3021 1206 3089 ernisto,

122 3103 230 3168 eru'do,
254 3100 309 3157 hoc
322 3109 376 3172 est,
399 3105 516 3174 cessisse,
529 3105 645 3173 cessiti03
669 3121 747 3172 nam,
770 3102 867 3174 medie
888 3101 989 3159 littera
1006 3101 1116 3159 extrita
1137 3111 1207 3159 anta

122 3186 252 3244 altarem
275 3186 408 3258 caudam,
431 3188 615 3246 retinebatur
637 3207 665 3244 ec
688 3181 755 3264 (iu),
779 3187 864 3244 utin
887 3190 982 3261 resero.
1017 3188 1123 3261 Itaque
1146 3207 1206 3245 non

122 3271 385 3347 distingvebantur
406 3274 624 3349 pronuntiando
647 3273 764 3350 (saltem
788 3272 818 3329 in
841 3273 930 3329 celeri
942 3272 1206 3349 pronuntiatione),

123 3357 180 3416 sed
202 3365 317 3414 tanturn
340 3358 496 3416 scribendo
525 3379 558 3416 er
580 3362 716 3417 aelectione
739 3366 768 3414 et
790 3379 823 3414 ec
845 3361 974 3416 electione.
1018 3359 1114 3416 Paulo
1137 3369 1206 3416 aute

127 3463 241 3502 rursum
264 3443 352 3500 atium
376 3443 454 3520 Spir.
479 3441 549 3525 [B];
573 3445 680 3520 reliqui
703 3443 810 3503 Gziani
833 3453 863 3502 et
885 3444 938 3520 Eq
960 3464 1067 3502 rursus.

214 3538 243 3584 ut
260 3531 322 3586 id
311 3547 462 3604 qtaum-
484 3533 562 3588 aliod
588 3531 695 3606 aliquid
720 3525 885 3630 acquireret)
917 3530 1039 3588 Nullam
1061 3529 1205 3588 rationem

122 3615 209 3672 ducit
231 3615 429 3672 distinctionis
451 3634 470 3672 a
492 3616 600 3716 Stqicis
623 3616 819 3712 excogitatae,
842 3634 907 3672 curu
923 3616 960 3673 ud
977 3615 1117 3673 virtutem
1139 3635 1206 3712 per-

122 3701 221 3758 tinere
244 3700 399 3770 docebant,
423 3719 482 3758 non
504 3693 539 3758 τὸ
550 3689 773 3800 equdrsarrdr
783 3691 861 3758 κατὰ
873 3717 971 3774 quote,
995 3691 1089 3758 aad
1057 3720 1093 3758 ro
1105 3719 1206 3758 παντα

122 3787 220 3842 ποιεῖν
243 3778 326 3843 ἕνεκα
347 3771 564 3863 τοῦτυγχᾶνειν
586 3805 692 3858 arear,
716 3787 752 3844 da
775 3805 834 3862 qna
856 3786 893 3843 ad
905 3805 1086 3863 superiorem
1098 3786 1206 3843 librum

123 3869 237 3928 dictum
261 3879 314 3928 ast

212 3967 242 4014 ut
270 3976 345 4014 nono
372 3957 473 4014 dubitet
500 3989 542 3998 -
565 3955 708 4032 dedecuit)
742 3957 917 4017 Continnari
945 3957 1207 4034 interrogationem

123 4050 208 4118 puto.
256 4042 321 4101 Alii
349 4042 542 4112 declarativa,
576 4061 635 4100 non
658 4043 884 4120 interrogative,
919 4044 1029 4100 dictirm
1058 4050 1205 4100 statuunt:

123 4131 164 4185 ito
187 4137 217 4185 ut
238 4149 313 4185 uano
334 4129 436 4186 dubitet
458 4138 513 4186 cet.
535 4128 631 4186 Paulo
653 4137 721 4204 post
737 4131 811 4186 rohr'c
833 4129 1017 4204 (vcbicouteru
1030 4127 1099 4204 cet.)
1122 4137 1206 4185 nota-

123 4213 227 4272 biliter
238 4214 473 4272 accommodavit
484 4214 522 4271 ad
534 4214 738 4272 secundariam
750 4215 936 4286 sententiam,
960 4215 1030 4289 quia
1041 4215 1122 4290 prior
1134 4221 1206 4270 erat.

213 4301 263 4366 47.
286 4300 347 4357 Hoc
368 4303 451 4374 iqitur
471 4309 628 4375 quaerentes
646 4320 734 4358 munes
755 4309 781 4357 et
802 4304 830 4372 ii,
853 4303 903 4375 qui
912 4333 962 4372 —,
975 4309 1000 4358 et
1021 4302 1205 4358 vosoduatu·

124 4405 186 4442 ram
208 4385 387 4462 revertemini)
409 4385 563 4443 Edebatur
584 4385 647 4443 fara
669 4395 738 4443 autc
761 4385 884 4446 Gzinm:
906 4386 967 4444 Hoc
983 4389 1207 4461 iqiturquaeritic
