2956 5028
328 410 392 476 274
724 430 769 476 nn
791 429 923 478 mutnus
946 431 1017 478 nou.

327 599 406 676 dem,
429 597 456 662 si
478 597 596 662 utilitas
618 598 658 664 ab
680 597 824 678 amicitia,
847 608 882 664 ut
903 597 939 664 fit
961 617 1070 681 saepe,
1099 599 1270 667 deiecerit?
1307 603 1416 668 Relin-

326 703 465 782 queone?
498 717 580 779 quae
606 700 668 766 ista
695 701 830 766 amicitia
852 703 922 766 est?
955 702 1136 768 Retinebis?
1169 705 1222 785 qui
1245 707 1415 770 convenit?

327 803 402 884 quid
429 803 510 868 euim
536 803 576 868 de
603 803 738 868 amicitis
765 804 914 868 statueris
942 805 1085 870 utilitatis
1108 823 1204 870 causa
1225 810 1415 888 expetenda

326 905 422 970 vides.
470 904 537 976 „Ne
558 905 590 970 in
613 905 719 970 odium
741 905 877 984 venium,
911 907 938 972 si
965 906 1096 972 amicum
1125 908 1275 974 destitero
1299 911 1413 974 tueris·

288 1007 465 1074 5Primum
487 1025 544 1072 cur
565 1008 627 1072 ista
649 1027 699 1073 res
722 1008 816 1090 digna
839 1008 910 1074 odio
933 1016 996 1086 est,
1024 1009 1085 1075 nisi
1107 1011 1192 1092 quod
1215 1021 1264 1075 est
1285 1013 1415 1092 turpis?

326 1110 416 1188 Quod
429 1111 463 1188 si,
487 1127 526 1174 ne
549 1111 816 1190 quoincommodo
838 1109 984 1189 efficiere,
1007 1131 1067 1178 non
1092 1113 1247 1193 relinques
1268 1114 1415 1185 amicum

325 1219 441 1290 temen,
476 1231 514 1278 ue
542 1213 608 1278 siue
636 1211 739 1278 fructu
767 1213 911 1294 alligatus
939 1213 997 1292 sis,
1030 1223 1066 1278 ut
1087 1214 1247 1294 moriatur,
1275 1217 1413 1296 optabis.

326 1315 416 1394 Quid,
439 1316 466 1380 si
489 1335 551 1382 non
573 1316 665 1380 modo
688 1313 854 1380 utilitatem
866 1315 920 1379 tibi
932 1315 1048 1382 nullam
1059 1315 1177 1394 afferet
1201 1318 1257 1382 sed
1271 1318 1415 1382 iacmrae

325 1419 370 1483 rei
392 1417 553 1482 familiaris
575 1425 669 1482 erunt
679 1415 850 1498 faciundae,
872 1417 995 1482 labores
1012 1417 1210 1500 suscipiendi,
1231 1420 1414 1484 adeundum

267 1525 308 1588 10
325 1521 407 1586 vitae
428 1521 620 1602 periculum?
654 1539 693 1585 ne
721 1525 786 1583 tum
813 1519 937 1600 quidem
965 1527 995 1584 te
1023 1519 1170 1600 respicies
1198 1528 1230 1585 et
1251 1521 1413 1602 cogitabis,

325 1623 383 1688 sibi
406 1641 560 1710 quemque
582 1631 688 1686 natum
710 1639 780 1687 esse
807 1629 839 1686 et
865 1622 930 1686 su'm
958 1621 1192 1704 voluptatibus?
1239 1623 1359 1688 Vadem
1383 1632 1413 1687 te

324 1726 365 1790 ad
387 1734 518 1790 mortem
541 1732 674 1806 tyranno
702 1725 790 1789 dabis
818 1743 876 1806 pro
904 1724 1017 1802 amico,
1050 1735 1085 1788 ut
1112 1723 1332 1806 Pythagoreus
1362 1725 1411 1790 iiie

326 1827 428 1893 Siculo
455 1825 529 1892 fecit
548 1834 697 1908 tyranno,
730 1833 799 1906 aut,
826 1826 961 1908 Pylades
983 1845 1052 1892 otuu
1075 1826 1132 1904 sis,
1167 1827 1251 1891 dices
1278 1835 1312 1891 te
1341 1845 1411 1891 esse

396 2019 416 2064 1.
443 2013 570 2082 [retorques
592 2031 666 2078 neque
689 2013 736 2064 rictu
755 2013 788 2079 A]
813 2013 930 2078 rdmprcer
953 2029 1103 2078 nequequam
1123 2013 1210 2064 r'utaC
1232 2013 1354 2078 retorques
1372 2031 1409 2062 ne·

324 2101 445 2148 quoquam
463 2101 525 2147 puae
543 2085 590 2132 rita
609 2084 628 2132 L
670 2090 691 2132 ⁴.
713 2081 875 2132 cementarii
916 2089 938 2132 5.
959 2083 1012 2133 odio
1027 2093 1062 2132 eet
1076 2100 1129 2132 num
1147 2083 1206 2146 quid
1222 2091 1257 2132 eat
1275 2091 1346 2148 turpe
1365 2083 1413 2132 nr'si

324 2151 388 2216 qood
405 2161 439 2202 eet
456 2151 481 2202 oi
495 2169 524 2202 oe
544 2151 660 2202 LPMCR
712 2157 734 2201 6.
757 2149 795 2218 [nc
813 2159 852 2200 tuo
871 2151 1014 2202 incommodo
1033 2150 1067 2218 A]
1115 2157 1137 2202 8.
1158 2151 1225 2216 quod
1237 2149 1409 2218 [AJLPMCR

325 2219 479 2270 eunomia
532 2219 621 2270 nullom
639 2219 718 2269 tt'biL
785 2218 935 2272 mosomii
986 2219 1112 2271 2de
1162 2225 1198 2268 10.
1218 2219 1369 2284 putdutte
1388 2221 1418 2268 E*

327 2294 363 2338 li.
387 2287 448 2356 [cece
466 2287 515 2338 suis
533 2288 583 2356 nh]
638 2287 738 2338 eudemo
758 2289 775 2336 r:
815 2293 844 2337 tu
868 2289 927 2348 facit
946 2287 1029 2340 St'culo
1047 2287 1220 2354 PMcRsoetr
1238 2289 1332 2338 orn.L
1369 2297 1410 2336 out

324 2374 376 2408 cnm
394 2355 498 2407 Piiodeo
516 2375 566 2407 cum
586 2360 603 2406 Ι.
656 2357 720 2407 ἀίω
739 2372 788 2406 om.
804 2357 824 2405 [ι

323 2512 465 2592 videtur),
488 2514 630 2572 Davisius
653 2509 718 2594 (qui
741 2514 771 2570 in
795 2513 840 2570 El.
857 2517 870 2570 l
885 2513 994 2572 omissa
1005 2513 1119 2588 tradit),
1142 2513 1225 2570 nulla
1246 2514 1408 2572 setisiuste

324 2619 422 2658 cause.
466 2601 603 2657 Aberant
624 2609 723 2656 tamen
746 2600 834 2656 etiam
858 2601 895 2656 ab
918 2599 976 2659 Ox.
999 2599 1025 2658 E
1048 2593 1078 2680 (ξ
1100 2597 1299 2676 erprimcruio).

410 2689 463 2742 nisi
483 2687 557 2760 quod
578 2696 616 2742 est
639 2689 745 2760 tropis?
783 2687 863 2753 Quod
883 2687 909 2741 ai
929 2705 961 2742 ne
983 2683 1052 2760 cet)
1076 2685 1126 2744 Sic
1149 2686 1237 2742 etiem
1261 2685 1327 2743 Pal.
1344 2687 1369 2753 1,
1392 2701 1407 2740 e

324 2791 383 2846 quo
406 2770 554 2830 Gruterus
577 2771 654 2828 huuc
677 2770 774 2828 locum
797 2771 980 2840 emendavit,
1005 2770 1083 2846 Spir.
1106 2766 1170 2851 [B],
1194 2769 1273 2829 Gud.
1299 2773 1327 2842 1,
1351 2788 1406 2845 mg.

325 2855 416 2926 Crat,
439 2857 485 2914 El.
511 2857 538 2920 2,
562 2855 592 2912 in
610 2856 717 2931 quibus
730 2856 844 2913 duobus
857 2865 954 2913 tamen
967 2875 1021 2932 pro
1032 2859 1107 2931 qood
1120 2859 1187 2913 sine
1199 2865 1323 2930 quaerat
1335 2855 1408 2930 qnod

324 2947 380 3000 siue
407 2953 451 2998 tuo
474 2941 566 3020 [quod
590 2960 667 2998 nunc
690 2941 779 2999 etiam
802 2942 831 2999 in
845 2942 875 2998 Α
897 2961 962 2999 esse
975 2940 1145 3018 indicetur]‚
1169 2937 1221 3014 Εξ,
1244 2941 1275 2998 in
1299 2941 1405 3017 quibus

323 3047 377 3104 pro
395 3028 498 3085 eodem
521 3039 586 3084 erat
607 3031 660 3084 oiri
669 3029 749 3084 aerios
761 3031 818 3084 aine
840 3021 870 3104 (ξ
881 3025 958 3102 aive).
986 3027 1118 3102 Longius
1130 3028 1248 3084 aberrat
1260 3027 1325 3084 cod.
1342 3027 1405 3084 Mo·

323 3113 406 3171 relii:
430 3147 470 3154 -
493 3115 554 3170 odio
575 3124 615 3170 est
637 3133 687 3170 uon
710 3115 784 3187 qrrod
805 3123 844 3170 est
866 3117 954 3187 turpio
977 3115 1030 3170 orsi
1050 3114 1125 3186 quod
1145 3123 1185 3170 eat
1206 3116 1263 3170 siue
1284 3131 1339 3186 quo
1356 3115 1404 3168 tim.

414 3199 506 3266 Quid?
528 3201 567 3276 ai)
602 3199 651 3257 Sic
674 3199 761 3255 etiam
781 3199 859 3274 Spir.
883 3196 938 3276 [B]
962 3206 992 3255 et
1013 3192 1038 3269 ξ,
1062 3207 1200 3272 recteque
1223 3199 1317 3254 secuti
1340 3206 1404 3254 sunt

323 3283 460 3342 Bremius
483 3293 514 3341 et
535 3283 629 3343 Gzius
651 3285 682 3341 iu
704 3301 830 3342 ascensu
851 3284 995 3342 orationis
1018 3284 1048 3340 in
1071 3283 1334 3358 interrogationem
1358 3283 1404 3338 de·

325 3369 459 3426 sinentis.

412 3455 503 3511 Siculo
518 3454 602 3530 serit)
640 3455 727 3511 Hunc
755 3455 888 3514 ordinem
912 3453 1006 3513 Gzius
1029 3472 1060 3510 se
1089 3472 1104 3512 e
1127 3455 1196 3512 Bas.
1225 3463 1254 3510 et
1278 3451 1359 3512 Gud.
1390 3455 1400 3506 1

323 3540 471 3616 recepisse
489 3541 539 3605 eit,
563 3540 624 3596 Erl.
648 3540 783 3596 omittere
809 3543 907 3596 o'r'rrdo.
940 3539 1037 3610 Adeo,
1062 3558 1098 3596 ne
1121 3558 1196 3614 quoe
1219 3540 1326 3614 probet
1343 3537 1404 3612 qui·

324 3626 399 3694 dem,
423 3625 486 3697 scit
510 3627 587 3683 unde
610 3625 726 3682 habeat.
771 3625 841 3684 Sine
865 3625 954 3682 dubio
977 3625 1033 3682 hoc
1061 3635 1232 3700 reppererat
1260 3624 1349 3682 etiem
1376 3623 1404 3678 in
1454 3689 1455 3704 ἵ

325 3710 403 3786 Spir.
427 3708 481 3791 [B]
504 3723 534 3768 et
557 3711 635 3770 Gud.
660 3711 688 3782 2,
712 3711 742 3767 in
765 3711 880 3768 duobus
903 3711 963 3768 illis
985 3710 1117 3787 uulgaris
1140 3711 1212 3768 ordo
1230 3719 1303 3766 erat.
1348 3707 1404 3768 Sed
1454 3707 1455 3725 ¹

324 3807 493 3872 suspectum
516 3807 561 3854 est
583 3796 784 3872 thiatyrorum,
807 3796 874 3853 eliis
897 3805 992 3854 totum
1010 3795 1067 3854 hoc
1080 3795 1171 3852 Siculo
1183 3805 1305 3870 tyrorum,
1330 3791 1404 3870 quod

324 3881 425 3958 putide
449 3883 580 3938 airrrndet
601 3893 667 3958 post
690 3881 772 3956 prius
795 3882 1013 3956 illuddyrarmo.
1048 3878 1152 3959 [Quod
1163 3881 1300 3939 Bromius
1323 3899 1402 3956 prue-

325 3977 407 4025 terea
429 3965 559 4024 offensus
582 3977 628 4025 est
650 3968 679 4024 in
703 3967 804 4024 dativo
827 3969 966 4040 cumferit
979 3967 1145 4036 coniuncto,
1169 3975 1249 4023 recte
1260 3975 1289 4024 et
1303 3965 1403 4023 Latine
1453 3999 1454 4031 p

325 4054 366 4111 sic
389 4053 511 4122 dicitur,
545 4053 634 4129 paulo
656 4053 743 4110 aliter
765 4072 852 4128 quam
869 4055 947 4128 socio
969 4055 995 4109 in
1018 4063 1145 4126 tyrcnrro,
1175 4070 1233 4126 quo
1256 4061 1401 4127 tamquam

325 4139 448 4195 materia
470 4139 508 4194 ad
530 4139 675 4214 egendum
699 4139 831 4196 subiecta
848 4139 1044 4214 significatum
1067 4156 1121 4212 pro
1138 4138 1225 4195 Rosc.
1249 4137 1334 4196 Com.
1355 4135 1401 4192 18:

325 4225 399 4298 quod
420 4244 493 4280 rreum
516 4227 569 4280 πόδι’
590 4226 772 4283 honestissimo
783 4227 878 4298 soem
899 4227 1045 4292 consuetam
1068 4223 1217 4292 Verr.IV‚
1233 4223 1288 4279 49:
1317 4221 1403 4291 erid?
1452 4241 1453 4252 ³

326 4309 538 4384 Eupolemo—
562 4329 612 4366 non
634 4311 705 4367 idem
721 4313 807 4384 scca'tt
829 4306 874 4390 (id
896 4318 955 4379 est,
984 4319 1139 4385 argentum
1161 4305 1321 4384 reddidit);
1354 4323 1401 4382 pro
1452 4279 1453 4337 ¹

326 4394 412 4450 doruo
438 4395 511 4451 124:
549 4395 667 4452 Vidimus
696 4398 744 4452 hoc
772 4397 840 4452 idem
872 4395 921 4452 Cn.
946 4396 1061 4451 Lentulo
1088 4398 1192 4451 conseri
1213 4393 1348 4451 tribunum
1364 4391 1400 4466 pl·
