3034 5030
298 411 364 476 400
693 425 737 470 nu
759 423 891 470 munaus
914 425 985 470 nou.

301 599 416 661 statum
438 613 509 660 esse
525 593 602 658 dixit
623 611 642 658 e
664 600 778 656 natura
789 592 939 657 absoluto.
969 593 1108 674 Cumque
1120 611 1224 658 rerum
1236 595 1376 659 notiones

373 802 393 848 i.
413 797 522 848 αὸεσῖιιισ
540 813 627 848 omnes

301 991 460 1056 absolutum,
484 989 573 1045 etiam
596 985 678 1057 illud,
703 985 782 1060 quod
804 986 967 1060 prodesset,
991 986 1124 1044 definivit
1146 998 1379 1081 σιιιιιιιιιεχιαιιινιι

302 1075 430 1130 absoluto.
475 1074 591 1130 Bonum
619 1079 665 1127 est
693 1070 788 1127 virtus
816 1079 846 1128 et
873 1070 937 1127 aius
959 1071 1087 1146 species,
1122 1072 1205 1130 velut
1227 1059 1379 1170 φρόνησις.

303 1167 397 1215 status
419 1167 518 1215 autem
542 1167 571 1214 et
592 1165 689 1213 motus
712 1154 850 1231 (aetio)
841 1174 876 1224 rs,
898 1155 929 1211 in
952 1156 1215 1230 quovirtusinest,
1238 1149 1380 1232 ὠφέλημα

304 1243 419 1312 dicitur,
443 1243 473 1298 id
496 1253 549 1312 est,
573 1250 667 1298 status
689 1240 810 1298 habenti
833 1249 862 1298 ει
884 1240 951 1297 aliis
973 1241 1069 1312 utilis,
1099 1251 1129 1298 at
1150 1242 1228 1300 infra
1251 1249 1265 1312 ξ
1290 1243 1330 1298 69
1354 1257 1382 1300 et

303 1329 382 1404 apud
405 1327 564 1386 Stobaoum
593 1326 657 1384 Ecl
687 1325 756 1382 Eth.
778 1345 806 1424 p.
828 1327 901 1382 14οι
935 1316 1069 1398 Αἰρετὸν
1097 1317 1150 1420 μὲν
1179 1317 1297 1428 ἀχαθὸν
1324 1325 1383 1384 πᾶν

304 1412 394 1511 (maip
406 1413 572 1470 Hesi-euius
594 1401 629 1468 τὸ
651 1407 734 1502 πᾶν),
756 1403 891 1484 αἱρετέον
903 1399 933 1464 δὲ
946 1399 1144 1483 αἰφεῖημα
1101 1430 1171 1483 aar,
1194 1431 1210 1468 o
1224 1412 1384 1481 θεωρεῖται

302 1489 387 1572 παρὰ
404 1488 439 1552 r6
462 1489 537 1592 ἔχειν
560 1513 596 1552 το
586 1479 728 1570 ἀγαθόν
748 1493 914 1590 (spectatur
925 1494 1035 1550 bonum
1046 1495 1196 1565 habeud03
1220 1495 1283 1554 sins
1295 1513 1385 1554 causa

304 1583 393 1638 Haer.
415 1571 500 1680 παρὰ
518 1577 573 1637 τοῦ
595 1571 693 1654 ἔχειν),
713 1569 759 1634 διὸ
748 1568 949 1674 αἱρσῦμφθα
971 1567 1025 1651 μὲν
1046 1569 1082 1635 τὰ
1106 1573 1249 1676 αἱρετέον
1273 1571 1385 1638 οἷοντό

305 1668 433 1762 φρονεῖν,
458 1657 474 1721 ὃ
498 1664 656 1739 θεωρεῖται
674 1651 758 1734 ααριὶ
779 1653 815 1718 τὸ
838 1647 990 1760 φρόνησιν
1004 1655 1087 1737 ἔχειν,
1109 1654 1386 1763 6666616666066

305 1737 488 1823 αἱρούμεθα.
522 1749 601 1804 Add.
623 1767 652 1844 p.
685 1745 758 1802 158:
779 1737 933 1820 Ὠφέλρμα
957 1737 1022 1801 οἷον
1050 1740 1085 1805 τὸ
1108 1751 1243 1824 φρονεῖν,
1271 1738 1307 1803 τὸ
1331 1765 1386 1804 σω·

304 1835 433 1929 φρονεῖν.
478 1831 641 1890 Verbum'
633 1848 728 1928 ipsum
752 1821 874 1902 ιοφελειν
878 1830 1036 1926 Diogenes
1054 1833 1140 1926 (VII,
1156 1831 1232 1911 104)
1256 1831 1299 1890 ait
1315 1833 1387 1890 defi-

304 1916 361 1972 uiri
384 1936 402 1972 a
425 1917 534 1976 Stoicis
556 1918 642 1973 κινεῖν
665 1901 682 1990 6
712 1904 800 1990 ι’σχειν
822 1905 884 1968 κατ’
909 1903 1031 1988 ἀρετήν.
1065 1903 1232 2014 βλάπτειν
1242 1909 1273 1974 δὲ
1299 1919 1388 1974 κινεῖν

305 1988 324 2098 6
346 1989 434 2096 ἴσχειν
453 1993 531 2058 κατὰ
548 1993 653 2056 κακίαν
675 1999 773 2094 (Stob.
786 1998 848 2055 Eel
866 1998 934 2054 Eth.
952 2019 980 2074 p.
996 2002 1055 2058 188
1079 2011 1193 2059 tantum
1217 2019 1306 2076 ισχειν
1322 1993 1386 2057 κατ’

306 2075 413 2182 ἀρετήν
435 2085 716 2178 habet).1ameum
741 2071 842 2174 ἀρετή,
866 2083 921 2140 hoo
944 2093 997 2154 εει,
1022 2075 1141 2162 ιὶχαθόν
1163 2085 1291 2163 Diogeni
1309 2097 1388 2143 esset

305 2161 341 2225 τὸ
363 2162 474 2226 utem
492 2159 571 2226 κατὰ
596 2157 685 2240 φύσιν
714 2175 766 2224 aut
793 2152 881 2240 φύσει
895 2164 967 2262 (sie
995 2170 1072 2228 enim
1101 2173 1259 2229 reddamus
1286 2183 1389 2228 ααιιινσ

306 2252 481 2347 absolutum),
504 2245 627 2326 ὠφελεῖν
649 2267 714 2310 erat
736 2253 762 2308 ei
785 2252 871 2307 κινεῖν
891 2239 908 2324 6
927 2245 1016 2328 ι’σχειν
1037 2246 1116 2312 κατὰ
1137 2247 1390 2312 contaminasti

306 2326 395 2410 φύσιν
418 2325 543 2415 (φύσει).
587 2337 665 2394 Nam
687 2339 761 2394 mire
784 2335 991 2409 interpretes
982 2357 1040 2396 ram
1063 2340 1132 2398 inda
1154 2359 1173 2396 a
1189 2341 1334 2397 Lambino
1358 2349 1391 2397 et

307 2421 442 2493 Davisio,
460 2423 548 2480 etiam
561 2423 684 2479 Beierus
700 2423 738 2480 ad
757 2421 843 2481 offic.
855 2421 914 2489 ΠΙ,
931 2425 1008 2499 lip.
1022 2425 1093 2496 201,
1106 2427 1259 2496 aberrant,
1282 2443 1389 2482 vocem

307 2527 420 2580 sequeus
443 2527 496 2584 pro
518 2508 687 2564 accusativo
710 2505 888 2582 accipientes
916 2518 946 2564 ει
972 2511 1183 2586 coniungentes
1210 2513 1241 2568 id
1262 2531 1408 2584 sequena„

307 2602 339 2648 ut
362 2593 430 2650 huie
453 2593 669 2668 superaddatur
690 2595 857 2662 undosam,
880 2595 956 2667 quod
977 2603 1043 2664 εει,
1066 2615 1121 2653 neo
1137 2596 1390 2654 animadvertunt.

308 2679 465 2736 barbarum
489 2697 552 2735 esse
576 2681 605 2735 id
627 2697 756 2753 sequeus,
785 2678 817 2734 in
840 2696 898 2751 quo
921 2680 951 2734 id
972 2688 1024 2736 aut
1045 2700 1100 2756 pro
1123 2681 1247 2739 articulo
1270 2691 1315 2738 est
1335 2673 1393 2757 (τὸ

308 2750 466 2840 ἑπόμενον)
489 2772 541 2819 aut
562 2782 616 2838 pro
639 2763 888 2821 demonstratione
911 2761 1037 2841 (sequeus
1060 2769 1149 2840 illud).
1189 2765 1247 2826 Sed
1264 2767 1395 2823 haerent

307 2845 338 2903 in
350 2850 442 2904 etiam·
435 2849 554 2922 ,itaque
565 2847 628 2904 iere
640 2858 787 2919 enarrant,
800 2856 832 2905 ut
839 2849 983 2920 Bromius,
996 2851 1129 2920 Baiarus,
1144 2852 1224 2923 Otto,
1237 2852 1321 2925 qnasi
1333 2851 1394 2908 sit.

308 2934 470 3004 quodetiam
478 2936 628 3009 prodesset,
647 2942 678 2990 et
688 2935 810 3030 gradum
823 2934 952 3007 aliquem
964 2935 1042 2992 huno
1053 2935 1175 3000 faciunt.
1198 2947 1232 2994 ut
1242 2928 1395 3009 ὠφέλημα

309 3017 348 3073 sit
370 3009 543 3115 ἐφιχιιννφμα
567 3019 645 3075 boni.
668 3019 762 3093 Atqui
774 3008 918 3092 ὥφιλημα
931 3019 1039 3078 Stoicis
1056 3041 1115 3078 non
1129 3014 1301 3097 ε’τιιχὲννιχμα
1313 3033 1393 3080 erat

307 3102 390 3158 sed
381 3121 447 3177 lpsa
465 3101 573 3169 virtus,
597 3113 742 3197 quatenus
759 3102 897 3170 habetur3
922 3091 1134 3180 ιἀιχεννήματα
1150 3106 1245 3162 bonae
1261 3105 1394 3164 aetionis

308 3197 393 3244 erant
402 3177 482 3262 χαρά
496 3195 526 3242 et
537 3176 705 3262 εὐφροσύνη
718 3187 820 3268 (Diog.
832 3189 904 3250 VII
900 3185 986 3266 ,94)
1008 3189 1094 3247 Unus
1105 3198 1222 3265 praeter
1233 3190 1289 3247 Th.
1295 3191 1395 3249 Bent-

307 3272 398 3328 leium
410 3271 628 3345 Gziussequeus
648 3283 729 3330 reete
752 3272 875 3348 aceepit,
899 3291 984 3343 easu3
1006 3274 1396 3351 namreliquaomniaper-

308 3357 448 3424 turbavit,
471 3357 598 3432 primum
610 3359 688 3414 etiam
700 3359 810 3428 delens,
833 3367 867 3415 ut
876 3357 1010 3415 fecerant
1021 3360 1173 3418 Manutius
1185 3369 1215 3416 et
1225 3361 1396 3422 Lambinus

308 3443 401 3538 (apud
423 3443 555 3499 Marsum
579 3446 672 3500 esti..
671 3463 755 3540 quo
778 3444 953 3518 compendio
976 3453 1096 3502 notatur
1123 3449 1153 3502 ιιι
1179 3445 1247 3520 est),
1281 3445 1396 3505 deinde

309 3517 452 3623 ὠφέλφμα
476 3537 591 3584 ιιιιιιιιιιε
603 3527 633 3583 in
656 3517 679 3582 οἰ
687 3544 709 3602 φ
718 3521 850 3596 ε’λειαν,
875 3538 904 3585 et
916 3527 1033 3588 Stoicos
1044 3531 1132 3588 aliter
1143 3531 1254 3588 dixisse
1265 3549 1393 3606 negans.

311 3628 362 3684 qiu
384 3603 558 3684 ωφεῖειαν
550 3631 646 3687 ipsum
670 3613 778 3669 bonum
802 3613 1002 3689 appellabant.
1036 3614 1129 3674 Codd.
1152 3615 1195 3672 ait
1216 3615 1395 3676 habereaut

309 3697 425 3770 ophelem
443 3693 516 3774 (Ox.
527 3695 558 3772 χ)
572 3707 623 3754 aut
638 3699 762 3772 ιφῖιοίαις
786 3697 1109 3776 [illudbonoshabare.
1133 3709 1258 3776 apparet
1273 3719 1310 3758 ax
1329 3703 1394 3760 AB

308 3776 386 3858 Eh];
407 3779 495 3837 Grut.
513 3790 543 3837 ει
554 3783 630 3839 Dav
643 3792 750 3839 tacent.
778 3785 897 3841 Marsus
910 3793 940 3840 et
950 3784 1029 3841 lunt
1042 3787 1161 3882 ophedtp,
1175 3785 1255 3844 Crat.
1268 3776 1396 3860 ὀφειλῆν

309 3865 632 3942 (sio);rectepr1mus,
656 3867 771 3942 opinor,
794 3869 955 3926 Victorius.
984 3859 1141 3946 [Ὠφεῖιχιί
1164 3869 1243 3928 faeta
1265 3870 1394 3928 elisione

308 3951 360 4007 vix
383 3950 487 4009 cicero
510 3946 647 4036 scripsit]

394 4056 409 4092 e
429 4046 529 4093 namra
550 4033 685 4118 absoluto)
708 4037 759 4098 Sic
777 4037 929 4096 verissime
941 4039 1087 4111 Bromius,
1111 4058 1198 4114 quem
1209 4039 1395 4099 recentiores

311 4131 487 4215 sequuntur3
510 4131 556 4179 εει
577 4123 665 4192 enim,
688 4131 722 4180 ut
744 4124 896 4200 superiore
919 4124 1110 4182 annotatione
1122 4143 1255 4200 exposui
1278 4117 1396 4198 κίνησις

310 4191 327 4278 6
350 4198 446 4279 σχέσις
469 4199 546 4263 κατὰ
565 4197 599 4264 τὸ
622 4197 709 4280 φύσει
731 4202 850 4265 τέλειον.
896 4209 1007 4266 Ναιιινα
1028 4209 1151 4267 absoluto
1178 4229 1273 4285 neque
1294 4209 1394 4268 ullum

311 4289 430 4345 habet
422 4310 451 4346 ιιι
475 4291 530 4347 hao
552 4290 719 4351 Stoicorum
743 4293 943 4367 disputatione
965 4295 1062 4351 looum
1085 4313 1181 4369 neque
1203 4297 1232 4353 in
1246 4296 1300 4351 hae
1315 4295 1396 4352 Dio-

310 4373 394 4450 genis
416 4375 595 4448 definitione,
619 4394 694 4452 quae
717 4378 898 4453 superiorem
922 4379 1002 4436 illam
1026 4380 1096 4437 boni
1108 4380 1345 4438 constitutionem
1359 4381 1397 4438 iu
