<?xml version="1.0" encoding="UTF-8"?>
<!DOCTYPE html PUBLIC "-//W3C//DTD XHTML 1.0 Transitional//EN"
    "http://www.w3.org/TR/xhtml1/DTD/xhtml1-transitional.dtd">
<html xmlns="http://www.w3.org/1999/xhtml" xml:lang="en" lang="en">
 <head>
  <title>
</title>
<meta http-equiv="Content-Type" content="text/html;charset=utf-8" />
  <meta name='ocr-system' content='tesseract 3.04.00' />
  <meta name='ocr-capabilities' content='ocr_page ocr_carea ocr_par ocr_line ocrx_word'/>
</head>
<body>
  <div class='ocr_page' id='page_1' title='image "./definibusbonoru04cicegoog_0757.png"; bbox 0 0 2948 5024; ppageno 0'>
   <div class='ocr_carea' id='block_1_1' title="bbox 415 347 1146 412">
    <p class='ocr_par' dir='ltr' id='par_1_1' title="bbox 415 347 1146 412">
     <span class='ocr_line' id='line_1_1' title="bbox 415 347 1146 412; baseline 0.008 -8"><span class='ocrx_word' id='word_1_1' title='bbox 415 360 459 404; x_wconf 83' lang='lat' dir='ltr'>er</span> <span class='ocrx_word' id='word_1_2' title='bbox 481 359 683 408; x_wconf 73' lang='lat' dir='ltr'>utt.1uss.v</span> <span class='ocrx_word' id='word_1_3' title='bbox 706 361 778 408; x_wconf 71' lang='lat' dir='ltr'>ese.</span> <span class='ocrx_word' id='word_1_4' title='bbox 802 365 840 407; x_wconf 81' lang='lat' dir='ltr'>u.</span> <span class='ocrx_word' id='word_1_5' title='bbox 1088 347 1146 412; x_wconf 83' lang='grc'>681</span> 
     </span>
    </p>
   </div>
   <div class='ocr_carea' id='block_1_2' title="bbox 83 527 1151 611">
    <p class='ocr_par' dir='ltr' id='par_1_2' title="bbox 83 527 1151 611">
     <span class='ocr_line' id='line_1_2' title="bbox 83 527 1151 611; baseline 0.003 -16"><span class='ocrx_word' id='word_1_6' title='bbox 83 531 146 595; x_wconf 83' lang='lat' dir='ltr'>nuti</span> <span class='ocrx_word' id='word_1_7' title='bbox 172 547 288 595; x_wconf 87' lang='lat' dir='ltr'>sumus.</span> <span class='ocrx_word' id='word_1_8' title='bbox 336 529 387 594; x_wconf 79' lang='lat'>42.</span> <span class='ocrx_word' id='word_1_9' title='bbox 416 528 516 607; x_wconf 82' lang='lat' dir='ltr'>Quam</span> <span class='ocrx_word' id='word_1_10' title='bbox 550 527 778 594; x_wconf 88' lang='lat' dir='ltr'>similitudinem</span> <span class='ocrx_word' id='word_1_11' title='bbox 804 530 945 596; x_wconf 85' lang='lat' dir='ltr'>videmus</span> <span class='ocrx_word' id='word_1_12' title='bbox 977 532 1009 596; x_wconf 93' lang='lat' dir='ltr'>in</span> <span class='ocrx_word' id='word_1_13' title='bbox 1035 532 1151 611; x_wconf 86' lang='lat' dir='ltr'>bestiis,</span> 
     </span>
    </p>
   </div>
   <div class='ocr_carea' id='block_1_3' title="bbox 26 735 1169 4406">
    <p class='ocr_par' dir='ltr' id='par_1_3' title="bbox 71 735 1169 2699">
     <span class='ocr_line' id='line_1_3' title="bbox 82 735 1152 815; baseline 0.002 -19"><span class='ocrx_word' id='word_1_14' title='bbox 82 738 284 814; x_wconf 85' lang='lat' dir='ltr'>corrigendum</span> <span class='ocrx_word' id='word_1_15' title='bbox 306 755 370 794; x_wconf 86' lang='lat' dir='ltr'>esse</span> <span class='ocrx_word' id='word_1_16' title='bbox 382 737 517 794; x_wconf 87' lang='lat' dir='ltr'>Moserus</span> <span class='ocrx_word' id='word_1_17' title='bbox 529 747 559 795; x_wconf 89' lang='lat' dir='ltr'>et</span> <span class='ocrx_word' id='word_1_18' title='bbox 570 735 700 796; x_wconf 87' lang='lat' dir='ltr'>Orellius</span> <span class='ocrx_word' id='word_1_19' title='bbox 711 747 872 799; x_wconf 79' lang='lat' dir='ltr'><strong>senserant.</strong></span> <span class='ocrx_word' id='word_1_20' title='bbox 906 739 952 796; x_wconf 93' lang='lat' dir='ltr'>De</span> <span class='ocrx_word' id='word_1_21' title='bbox 965 737 1023 798; x_wconf 82' lang='lat' dir='ltr'>off.</span> <span class='ocrx_word' id='word_1_22' title='bbox 1035 759 1152 815; x_wconf 88' lang='lat' dir='ltr'>quoque</span> 
     </span>
     <span class='ocr_line' id='line_1_4' title="bbox 82 819 1151 904; baseline 0.001 -23"><span class='ocrx_word' id='word_1_23' title='bbox 82 824 106 895; x_wconf 84' lang='lat'>1,</span> <span class='ocrx_word' id='word_1_24' title='bbox 126 825 166 881; x_wconf 83' lang='lat'>26</span> <span class='ocrx_word' id='word_1_25' title='bbox 189 823 232 882; x_wconf 90' lang='lat' dir='ltr'>sic</span> <span class='ocrx_word' id='word_1_26' title='bbox 254 823 386 898; x_wconf 85' lang='lat' dir='ltr'>corrupit</span> <span class='ocrx_word' id='word_1_27' title='bbox 407 821 656 900; x_wconf 83' lang='lat' dir='ltr'>Stuerenburgius</span> <span class='ocrx_word' id='word_1_28' title='bbox 683 819 885 904; x_wconf 83' lang='lat' dir='ltr'>(adducuntur,</span> <span class='ocrx_word' id='word_1_29' title='bbox 907 843 967 882; x_wconf 82' lang='lat' dir='ltr'>cum</span> <span class='ocrx_word' id='word_1_30' title='bbox 989 825 1151 902; x_wconf 82' lang='lat' dir='ltr'>inciderint),</span> 
     </span>
     <span class='ocr_line' id='line_1_5' title="bbox 82 909 1150 982; baseline 0.002 -15"><span class='ocrx_word' id='word_1_31' title='bbox 82 909 212 967; x_wconf 83' lang='lat' dir='ltr'><strong>codicem</strong></span> <span class='ocrx_word' id='word_1_32' title='bbox 233 927 252 965; x_wconf 85' lang='lat' dir='ltr'>e</span> <span class='ocrx_word' id='word_1_33' title='bbox 273 928 305 966; x_wconf 88' lang='lat' dir='ltr'>se</span> <span class='ocrx_word' id='word_1_34' title='bbox 327 909 451 965; x_wconf 86' lang='lat' dir='ltr'>electum</span> <span class='ocrx_word' id='word_1_35' title='bbox 475 927 614 982; x_wconf 80' lang='lat' dir='ltr'>sequeus3</span> <span class='ocrx_word' id='word_1_36' title='bbox 638 909 747 967; x_wconf 89' lang='lat' dir='ltr'>oblitus</span> <span class='ocrx_word' id='word_1_37' title='bbox 769 919 814 966; x_wconf 88' lang='lat' dir='ltr'>est</span> <span class='ocrx_word' id='word_1_38' title='bbox 836 909 939 967; x_wconf 87' lang='lat' dir='ltr'>eodem</span> <span class='ocrx_word' id='word_1_39' title='bbox 957 919 1076 969; x_wconf 81' lang='lat' dir='ltr'>auctore</span> <span class='ocrx_word' id='word_1_40' title='bbox 1087 931 1150 968; x_wconf 89' lang='lat' dir='ltr'>mu·</span> 
     </span>
     <span class='ocr_line' id='line_1_6' title="bbox 81 993 1150 1071; baseline 0.002 -19"><span class='ocrx_word' id='word_1_41' title='bbox 81 1005 153 1066; x_wconf 82' lang='lat' dir='ltr'>tere,</span> <span class='ocrx_word' id='word_1_42' title='bbox 177 994 255 1069; x_wconf 91' lang='lat' dir='ltr'>quod</span> <span class='ocrx_word' id='word_1_43' title='bbox 277 995 318 1066; x_wconf 92' lang='grc' dir='ltr'>Π,</span> <span class='ocrx_word' id='word_1_44' title='bbox 332 993 372 1050; x_wconf 86' lang='grc'>54</span> <span class='ocrx_word' id='word_1_45' title='bbox 394 1003 474 1050; x_wconf 89' lang='lat' dir='ltr'>recte</span> <span class='ocrx_word' id='word_1_46' title='bbox 497 993 617 1070; x_wconf 86' lang='lat' dir='ltr'>legitur:</span> <span class='ocrx_word' id='word_1_47' title='bbox 639 1013 698 1052; x_wconf 86' lang='lat' dir='ltr'>cum</span> <span class='ocrx_word' id='word_1_48' title='bbox 721 1027 761 1036; x_wconf 83' lang='lat'>-</span> <span class='ocrx_word' id='word_1_49' title='bbox 784 1005 932 1070; x_wconf 76' lang='lat' dir='ltr'>coeperunt,</span> <span class='ocrx_word' id='word_1_50' title='bbox 955 1029 996 1036; x_wconf 93' lang='lat'><em>—</em></span> <span class='ocrx_word' id='word_1_51' title='bbox 1013 1006 1150 1071; x_wconf 71' lang='lat' dir='ltr'>coquntur.</span> 
     </span>
     <span class='ocr_line' id='line_1_7' title="bbox 81 1077 1152 1160; baseline 0.001 -22"><span class='ocrx_word' id='word_1_52' title='bbox 81 1077 155 1160; x_wconf 89' lang='lat' dir='ltr'>[Pro</span> <span class='ocrx_word' id='word_1_53' title='bbox 176 1081 263 1138; x_wconf 86' lang='lat' dir='ltr'>Rosc.</span> <span class='ocrx_word' id='word_1_54' title='bbox 279 1081 382 1137; x_wconf 86' lang='lat' dir='ltr'>Amer.</span> <span class='ocrx_word' id='word_1_55' title='bbox 407 1078 445 1136; x_wconf 83' lang='lat'>56</span> <span class='ocrx_word' id='word_1_56' title='bbox 469 1088 547 1136; x_wconf 88' lang='lat' dir='ltr'>reete</span> <span class='ocrx_word' id='word_1_57' title='bbox 559 1079 716 1138; x_wconf 86' lang='lat' dir='ltr'>Wbittius:</span> <span class='ocrx_word' id='word_1_58' title='bbox 739 1083 765 1136; x_wconf 82' lang='lat' dir='ltr'>ei</span> <span class='ocrx_word' id='word_1_59' title='bbox 779 1082 828 1154; x_wconf 83' lang='lat' dir='ltr'>qui</span> <span class='ocrx_word' id='word_1_60' title='bbox 838 1113 879 1122; x_wconf 81' lang='lat'><em>-</em></span> <span class='ocrx_word' id='word_1_61' title='bbox 890 1079 1039 1159; x_wconf 75' lang='lat' dir='ltr'>veneunt]</span> <span class='ocrx_word' id='word_1_62' title='bbox 1061 1082 1152 1158; x_wconf 87' lang='lat' dir='ltr'>Apud</span> 
     </span>
     <span class='ocr_line' id='line_1_8' title="bbox 79 1163 1153 1243; baseline -0.002 -17"><span class='ocrx_word' id='word_1_63' title='bbox 79 1167 244 1226; x_wconf 81' lang='lat' dir='ltr'>Varronem</span> <span class='ocrx_word' id='word_1_64' title='bbox 255 1165 286 1222; x_wconf 93' lang='lat' dir='ltr'>in</span> <span class='ocrx_word' id='word_1_65' title='bbox 297 1165 381 1222; x_wconf 88' lang='lat' dir='ltr'>libris</span> <span class='ocrx_word' id='word_1_66' title='bbox 392 1163 512 1222; x_wconf 69' lang='lat' dir='ltr'>deme</span> <span class='ocrx_word' id='word_1_67' title='bbox 523 1164 647 1222; x_wconf 85' lang='lat' dir='ltr'>vitiosus</span> <span class='ocrx_word' id='word_1_68' title='bbox 658 1166 706 1222; x_wconf 92' lang='lat' dir='ltr'>hic</span> <span class='ocrx_word' id='word_1_69' title='bbox 716 1164 840 1241; x_wconf 87' lang='lat' dir='ltr'>perlecti</span> <span class='ocrx_word' id='word_1_70' title='bbox 851 1165 1054 1224; x_wconf 84' lang='lat' dir='ltr'>coniunctirus</span> <span class='ocrx_word' id='word_1_71' title='bbox 1065 1185 1153 1243; x_wconf 86' lang='lat' dir='ltr'>saepe</span> 
     </span>
     <span class='ocr_line' id='line_1_9' title="bbox 78 1250 1153 1328; baseline 0.002 -20"><span class='ocrx_word' id='word_1_72' title='bbox 78 1271 96 1308; x_wconf 89' lang='lat' dir='ltr'>a</span> <span class='ocrx_word' id='word_1_73' title='bbox 118 1250 253 1309; x_wconf 87' lang='lat' dir='ltr'>Victorio</span> <span class='ocrx_word' id='word_1_74' title='bbox 274 1251 408 1308; x_wconf 82' lang='lat' dir='ltr'>sublatus</span> <span class='ocrx_word' id='word_1_75' title='bbox 419 1257 464 1307; x_wconf 85' lang='lat' dir='ltr'>est</span> <span class='ocrx_word' id='word_1_76' title='bbox 474 1250 607 1308; x_wconf 91' lang='lat' dir='ltr'>codicum</span> <span class='ocrx_word' id='word_1_77' title='bbox 619 1251 784 1323; x_wconf 82' lang='lat' dir='ltr'>admonitu,</span> <span class='ocrx_word' id='word_1_78' title='bbox 807 1269 872 1309; x_wconf 88' lang='lat' dir='ltr'>cum</span> <span class='ocrx_word' id='word_1_79' title='bbox 889 1251 919 1308; x_wconf 89' lang='lat' dir='ltr'>in</span> <span class='ocrx_word' id='word_1_80' title='bbox 934 1251 1038 1328; x_wconf 86' lang='lat' dir='ltr'>primis</span> <span class='ocrx_word' id='word_1_81' title='bbox 1049 1251 1153 1310; x_wconf 85' lang='lat' dir='ltr'>editio·</span> 
     </span>
     <span class='ocr_line' id='line_1_10' title="bbox 78 1335 1152 1410; baseline 0.001 -16"><span class='ocrx_word' id='word_1_82' title='bbox 78 1337 165 1394; x_wconf 87' lang='lat' dir='ltr'>nibus</span> <span class='ocrx_word' id='word_1_83' title='bbox 187 1336 330 1406; x_wconf 77' lang='lat' dir='ltr'>haereret,</span> <span class='ocrx_word' id='word_1_84' title='bbox 353 1345 387 1393; x_wconf 88' lang='lat' dir='ltr'>ut</span> <span class='ocrx_word' id='word_1_85' title='bbox 408 1335 727 1408; x_wconf 69' lang='lat' dir='ltr'>11,4‚8et20‚11‚5‚</span> <span class='ocrx_word' id='word_1_86' title='bbox 749 1337 785 1394; x_wconf 87' lang='grc'>15</span> <span class='ocrx_word' id='word_1_87' title='bbox 809 1338 1032 1410; x_wconf 79' lang='lat' dir='ltr'>et16‚11‚7‚7</span> <span class='ocrx_word' id='word_1_88' title='bbox 1056 1339 1152 1408; x_wconf 88' lang='lat' dir='ltr'>et10;</span> 
     </span>
     <span class='ocr_line' id='line_1_11' title="bbox 78 1415 1169 1505; baseline 0 -25"><span class='ocrx_word' id='word_1_89' title='bbox 78 1422 159 1499; x_wconf 80' lang='lat' dir='ltr'>apud</span> <span class='ocrx_word' id='word_1_90' title='bbox 170 1421 327 1481; x_wconf 74' lang='lat' dir='ltr'>Caesarem</span> <span class='ocrx_word' id='word_1_91' title='bbox 339 1421 532 1497; x_wconf 85' lang='lat' dir='ltr'>expellendus</span> <span class='ocrx_word' id='word_1_92' title='bbox 544 1432 590 1479; x_wconf 90' lang='lat' dir='ltr'>est</span> <span class='ocrx_word' id='word_1_93' title='bbox 599 1422 635 1479; x_wconf 87' lang='lat' dir='ltr'>B.</span> <span class='ocrx_word' id='word_1_94' title='bbox 642 1422 681 1481; x_wconf 92' lang='lat' dir='ltr'>G.</span> <span class='ocrx_word' id='word_1_95' title='bbox 692 1422 747 1494; x_wconf 83' lang='lat' dir='ltr'>IV,</span> <span class='ocrx_word' id='word_1_96' title='bbox 762 1423 801 1479; x_wconf 88' lang='lat'>33</span> <span class='ocrx_word' id='word_1_97' title='bbox 814 1420 887 1501; x_wconf 84' lang='lat' dir='ltr'>(cum</span> <span class='ocrx_word' id='word_1_98' title='bbox 895 1457 936 1466; x_wconf 89' lang='lat'>—</span> <span class='ocrx_word' id='word_1_99' title='bbox 947 1419 1152 1505; x_wconf 79' lang='lat' dir='ltr'>insinuaverint)</span> <span class='ocrx_word' id='word_1_100' title='bbox 1166 1415 1169 1425; x_wconf 77' lang='lat'>&#39;</span> 
     </span>
     <span class='ocr_line' id='line_1_12' title="bbox 78 1507 1152 1584; baseline 0.001 -19"><span class='ocrx_word' id='word_1_101' title='bbox 78 1516 109 1565; x_wconf 88' lang='lat' dir='ltr'>et</span> <span class='ocrx_word' id='word_1_102' title='bbox 121 1507 177 1578; x_wconf 82' lang='lat' dir='ltr'>VI,</span> <span class='ocrx_word' id='word_1_103' title='bbox 190 1508 229 1565; x_wconf 80' lang='lat'>27</span> <span class='ocrx_word' id='word_1_104' title='bbox 247 1508 286 1584; x_wconf 78' lang='lat' dir='ltr'>(ei</span> <span class='ocrx_word' id='word_1_105' title='bbox 300 1509 475 1576; x_wconf 57' lang='lat' dir='ltr'>concide-iun</span> <span class='ocrx_word' id='word_1_106' title='bbox 497 1527 556 1564; x_wconf 83' lang='lat' dir='ltr'>cum</span> <span class='ocrx_word' id='word_1_107' title='bbox 572 1519 622 1565; x_wconf 86' lang='lat' dir='ltr'>eet</span> <span class='ocrx_word' id='word_1_108' title='bbox 643 1510 859 1572; x_wconf 65' lang='lat' dir='ltr'>ammadversum</span> <span class='ocrx_word' id='word_1_109' title='bbox 870 1519 998 1578; x_wconf 82' lang='lat' dir='ltr'>-3&#39;eum</span> <span class='ocrx_word' id='word_1_110' title='bbox 1009 1511 1152 1566; x_wconf 81' lang='lat' dir='ltr'>reclinave-</span> 
     </span>
     <span class='ocr_line' id='line_1_13' title="bbox 76 1590 1152 1674; baseline 0.001 -24"><span class='ocrx_word' id='word_1_111' title='bbox 76 1591 161 1672; x_wconf 77' lang='lat' dir='ltr'>rint);</span> <span class='ocrx_word' id='word_1_112' title='bbox 193 1601 272 1650; x_wconf 88' lang='lat' dir='ltr'>recte</span> <span class='ocrx_word' id='word_1_113' title='bbox 295 1592 433 1650; x_wconf 79' lang='lat' dir='ltr'>scribitur</span> <span class='ocrx_word' id='word_1_114' title='bbox 454 1595 510 1663; x_wconf 80' lang='lat' dir='ltr'>VI,</span> <span class='ocrx_word' id='word_1_115' title='bbox 530 1594 577 1651; x_wconf 88' lang='grc'>19.</span> <span class='ocrx_word' id='word_1_116' title='bbox 627 1590 687 1674; x_wconf 89' lang='lat' dir='ltr'>[De</span> <span class='ocrx_word' id='word_1_117' title='bbox 710 1594 796 1652; x_wconf 84' lang='lat' dir='ltr'>Livio</span> <span class='ocrx_word' id='word_1_118' title='bbox 818 1593 881 1652; x_wconf 84' lang='lat' dir='ltr'>dixi</span> <span class='ocrx_word' id='word_1_119' title='bbox 903 1594 1045 1651; x_wconf 86' lang='lat' dir='ltr'>Emendd.</span> <span class='ocrx_word' id='word_1_120' title='bbox 1067 1595 1152 1654; x_wconf 86' lang='lat' dir='ltr'>Livv.</span> 
     </span>
     <span class='ocr_line' id='line_1_14' title="bbox 77 1677 1152 1756; baseline 0.001 -20"><span class='ocrx_word' id='word_1_121' title='bbox 77 1699 105 1755; x_wconf 91' lang='lat' dir='ltr'>p.</span> <span class='ocrx_word' id='word_1_122' title='bbox 122 1679 192 1736; x_wconf 79' lang='lat'><strong>621.</strong></span> <span class='ocrx_word' id='word_1_123' title='bbox 226 1677 322 1736; x_wconf 78' lang='lat' dir='ltr'>Multa</span> <span class='ocrx_word' id='word_1_124' title='bbox 337 1687 451 1736; x_wconf 85' lang='lat' dir='ltr'>restant</span> <span class='ocrx_word' id='word_1_125' title='bbox 461 1679 539 1754; x_wconf 89' lang='lat' dir='ltr'>apud</span> <span class='ocrx_word' id='word_1_126' title='bbox 552 1679 626 1736; x_wconf 86' lang='lat' dir='ltr'>ulios</span> <span class='ocrx_word' id='word_1_127' title='bbox 637 1679 824 1756; x_wconf 81' lang='lat' dir='ltr'>corrigenda,</span> <span class='ocrx_word' id='word_1_128' title='bbox 847 1680 987 1755; x_wconf 81' lang='lat' dir='ltr'>pleraque</span> <span class='ocrx_word' id='word_1_129' title='bbox 1009 1680 1152 1738; x_wconf 89' lang='lat' dir='ltr'>bonorum</span> 
     </span>
     <span class='ocr_line' id='line_1_15' title="bbox 75 1763 1152 1840; baseline 0.002 -20"><span class='ocrx_word' id='word_1_130' title='bbox 75 1764 213 1821; x_wconf 87' lang='lat' dir='ltr'>codicum</span> <span class='ocrx_word' id='word_1_131' title='bbox 224 1763 350 1832; x_wconf 78' lang='lat' dir='ltr'>auxili03</span> <span class='ocrx_word' id='word_1_132' title='bbox 362 1783 439 1834; x_wconf 82' lang='lat' dir='ltr'>nam,</span> <span class='ocrx_word' id='word_1_133' title='bbox 452 1773 485 1822; x_wconf 88' lang='lat' dir='ltr'>ut</span> <span class='ocrx_word' id='word_1_134' title='bbox 496 1765 542 1822; x_wconf 87' lang='lat' dir='ltr'>his</span> <span class='ocrx_word' id='word_1_135' title='bbox 553 1773 628 1836; x_wconf 84' lang='lat' dir='ltr'>utar,</span> <span class='ocrx_word' id='word_1_136' title='bbox 640 1765 720 1840; x_wconf 88' lang='lat' dir='ltr'>apud</span> <span class='ocrx_word' id='word_1_137' title='bbox 726 1765 828 1824; x_wconf 88' lang='lat' dir='ltr'>Senec.</span> <span class='ocrx_word' id='word_1_138' title='bbox 836 1764 957 1840; x_wconf 83' lang='lat' dir='ltr'>Queest</span> <span class='ocrx_word' id='word_1_139' title='bbox 963 1765 1033 1824; x_wconf 88' lang='lat' dir='ltr'>Nat.</span> <span class='ocrx_word' id='word_1_140' title='bbox 1039 1767 1077 1838; x_wconf 80' lang='lat' dir='ltr'>V,</span> <span class='ocrx_word' id='word_1_141' title='bbox 1086 1768 1115 1837; x_wconf 85' lang='lat'>4,</span> <span class='ocrx_word' id='word_1_142' title='bbox 1124 1767 1152 1837; x_wconf 82' lang='lat'>3,</span> 
     </span>
     <span class='ocr_line' id='line_1_16' title="bbox 75 1848 1152 1927; baseline 0.002 -21"><span class='ocrx_word' id='word_1_143' title='bbox 75 1849 129 1907; x_wconf 90' lang='lat' dir='ltr'>ubi</span> <span class='ocrx_word' id='word_1_144' title='bbox 142 1849 238 1906; x_wconf 88' lang='lat' dir='ltr'>editur</span> <span class='ocrx_word' id='word_1_145' title='bbox 248 1848 349 1907; x_wconf 83' lang='lat' dir='ltr'>foede:</span> <span class='ocrx_word' id='word_1_146' title='bbox 370 1861 596 1908; x_wconf 78' lang='lat' dir='ltr'>conccoucerruta</span> <span class='ocrx_word' id='word_1_147' title='bbox 613 1861 700 1921; x_wconf 77' lang='lat' dir='ltr'>stret,</span> <span class='ocrx_word' id='word_1_148' title='bbox 718 1853 814 1908; x_wconf 59' lang='lat' dir='ltr'>dende</span> <span class='ocrx_word' id='word_1_149' title='bbox 826 1885 868 1893; x_wconf 89' lang='lat'>—</span> <span class='ocrx_word' id='word_1_150' title='bbox 884 1854 1065 1927; x_wconf 80' lang='lat' dir='ltr'>coeperint,</span> <span class='ocrx_word' id='word_1_151' title='bbox 1089 1851 1152 1909; x_wconf 92' lang='lat' dir='ltr'>cod.</span> 
     </span>
     <span class='ocr_line' id='line_1_17' title="bbox 74 1935 1152 2009; baseline 0 -15"><span class='ocrx_word' id='word_1_152' title='bbox 74 1936 102 1994; x_wconf 93' lang='lat' dir='ltr'>B</span> <span class='ocrx_word' id='word_1_153' title='bbox 114 1935 207 1992; x_wconf 87' lang='lat' dir='ltr'>habet</span> <span class='ocrx_word' id='word_1_154' title='bbox 216 1945 365 2009; x_wconf 66' lang='lat' dir='ltr'>coepertum</span> <span class='ocrx_word' id='word_1_155' title='bbox 378 1945 407 1992; x_wconf 86' lang='lat' dir='ltr'>ct</span> <span class='ocrx_word' id='word_1_156' title='bbox 418 1936 472 2006; x_wconf 74' lang='lat' dir='ltr'>VI,</span> <span class='ocrx_word' id='word_1_157' title='bbox 481 1936 531 2006; x_wconf 80' lang='lat'>28,</span> <span class='ocrx_word' id='word_1_158' title='bbox 547 1939 560 1993; x_wconf 93' lang='lat'>1</span> <span class='ocrx_word' id='word_1_159' title='bbox 571 1936 606 1993; x_wconf 71' lang='lat' dir='ltr'>&#39;is</span> <span class='ocrx_word' id='word_1_160' title='bbox 623 1955 688 1993; x_wconf 89' lang='lat' dir='ltr'>cum</span> <span class='ocrx_word' id='word_1_161' title='bbox 701 1936 814 1994; x_wconf 89' lang='lat' dir='ltr'>duobus</span> <span class='ocrx_word' id='word_1_162' title='bbox 826 1936 929 1994; x_wconf 83' lang='lat' dir='ltr'>eliisei</span> <span class='ocrx_word' id='word_1_163' title='bbox 938 1969 979 1978; x_wconf 82' lang='lat'><em>-</em></span> <span class='ocrx_word' id='word_1_164' title='bbox 990 1939 1152 2008; x_wconf 63' lang='lat' dir='ltr'>incideram</span> 
     </span>
     <span class='ocr_line' id='line_1_18' title="bbox 73 2019 1153 2098; baseline 0.003 -21"><span class='ocrx_word' id='word_1_165' title='bbox 73 2020 158 2097; x_wconf 84' lang='lat' dir='ltr'>opud</span> <span class='ocrx_word' id='word_1_166' title='bbox 181 2019 340 2094; x_wconf 74' lang='lat' dir='ltr'>Quintili,</span> <span class='ocrx_word' id='word_1_167' title='bbox 361 2021 425 2090; x_wconf 79' lang='lat'>2‚7</span> <span class='ocrx_word' id='word_1_168' title='bbox 449 2021 554 2096; x_wconf 89' lang='lat' dir='ltr'>optimi</span> <span class='ocrx_word' id='word_1_169' title='bbox 576 2021 660 2079; x_wconf 90' lang='lat' dir='ltr'>codd.</span> <span class='ocrx_word' id='word_1_170' title='bbox 682 2026 707 2078; x_wconf 84' lang='lat' dir='ltr'>ei</span> <span class='ocrx_word' id='word_1_171' title='bbox 728 2032 827 2078; x_wconf 71' lang='lat' dir='ltr'>temam</span> <span class='ocrx_word' id='word_1_172' title='bbox 849 2025 993 2096; x_wconf 81' lang='lat' dir='ltr'>attiperunt</span> <span class='ocrx_word' id='word_1_173' title='bbox 1013 2040 1068 2098; x_wconf 89' lang='lat' dir='ltr'>pro</span> <span class='ocrx_word' id='word_1_174' title='bbox 1090 2027 1153 2080; x_wconf 82' lang='lat' dir='ltr'>utti-</span> 
     </span>
     <span class='ocr_line' id='line_1_19' title="bbox 72 2105 1152 2183; baseline 0.002 -19"><span class='ocrx_word' id='word_1_175' title='bbox 72 2110 179 2182; x_wconf 60' lang='lat' dir='ltr'>perium</span> <span class='ocrx_word' id='word_1_176' title='bbox 210 2105 241 2162; x_wconf 92' lang='lat' dir='ltr'>in</span> <span class='ocrx_word' id='word_1_177' title='bbox 263 2105 386 2165; x_wconf 87' lang='lat' dir='ltr'>Valerio</span> <span class='ocrx_word' id='word_1_178' title='bbox 409 2107 490 2164; x_wconf 87' lang='lat' dir='ltr'>Max.</span> <span class='ocrx_word' id='word_1_179' title='bbox 518 2125 612 2183; x_wconf 87' lang='lat' dir='ltr'>nuper</span> <span class='ocrx_word' id='word_1_180' title='bbox 638 2107 765 2165; x_wconf 84' lang='lat' dir='ltr'>attendit</span> <span class='ocrx_word' id='word_1_181' title='bbox 790 2107 928 2165; x_wconf 84' lang='lat' dir='ltr'>Halmius</span> <span class='ocrx_word' id='word_1_182' title='bbox 949 2108 1005 2179; x_wconf 76' lang='grc' dir='ltr'>Ἦ,</span> <span class='ocrx_word' id='word_1_183' title='bbox 1029 2108 1047 2164; x_wconf 79' lang='lat'><strong>2</strong></span> <span class='ocrx_word' id='word_1_184' title='bbox 1077 2107 1152 2178; x_wconf 84' lang='lat' dir='ltr'>init,</span> 
     </span>
     <span class='ocr_line' id='line_1_20' title="bbox 75 2189 1152 2270; baseline 0 -20"><span class='ocrx_word' id='word_1_185' title='bbox 75 2191 183 2256; x_wconf 76' lang='lat' dir='ltr'>VH,3</span> <span class='ocrx_word' id='word_1_186' title='bbox 204 2189 285 2268; x_wconf 85' lang='lat' dir='ltr'>init]</span> <span class='ocrx_word' id='word_1_187' title='bbox 317 2191 369 2249; x_wconf 85' lang='lat' dir='ltr'>Ab</span> <span class='ocrx_word' id='word_1_188' title='bbox 391 2192 448 2249; x_wconf 91' lang='lat' dir='ltr'>hoc</span> <span class='ocrx_word' id='word_1_189' title='bbox 469 2211 576 2268; x_wconf 86' lang='lat' dir='ltr'>genere</span> <span class='ocrx_word' id='word_1_190' title='bbox 598 2193 643 2250; x_wconf 90' lang='lat' dir='ltr'>illi</span> <span class='ocrx_word' id='word_1_191' title='bbox 665 2193 723 2250; x_wconf 91' lang='lat' dir='ltr'>loci</span> <span class='ocrx_word' id='word_1_192' title='bbox 746 2193 902 2269; x_wconf 84' lang='lat' dir='ltr'>separandi</span> <span class='ocrx_word' id='word_1_193' title='bbox 925 2202 1007 2264; x_wconf 80' lang='lat' dir='ltr'>sunt,</span> <span class='ocrx_word' id='word_1_194' title='bbox 1031 2193 1081 2251; x_wconf 91' lang='lat' dir='ltr'>ubi</span> <span class='ocrx_word' id='word_1_195' title='bbox 1103 2213 1152 2270; x_wconf 83' lang='lat' dir='ltr'>ge·</span> 
     </span>
     <span class='ocr_line' id='line_1_21' title="bbox 74 2277 1154 2353; baseline 0.001 -19"><span class='ocrx_word' id='word_1_196' title='bbox 74 2277 219 2335; x_wconf 84' lang='lat' dir='ltr'>nerelitcr</span> <span class='ocrx_word' id='word_1_197' title='bbox 240 2277 394 2350; x_wconf 87' lang='lat' dir='ltr'>loquentes</span> <span class='ocrx_word' id='word_1_198' title='bbox 416 2279 544 2334; x_wconf 85' lang='lat' dir='ltr'>secunda</span> <span class='ocrx_word' id='word_1_199' title='bbox 565 2296 694 2353; x_wconf 85' lang='lat' dir='ltr'>persona</span> <span class='ocrx_word' id='word_1_200' title='bbox 716 2279 800 2336; x_wconf 89' lang='lat' dir='ltr'>verbi</span> <span class='ocrx_word' id='word_1_201' title='bbox 821 2279 940 2349; x_wconf 81' lang='lat' dir='ltr'>utimur,</span> <span class='ocrx_word' id='word_1_202' title='bbox 963 2297 1039 2353; x_wconf 87' lang='lat' dir='ltr'>quae</span> <span class='ocrx_word' id='word_1_203' title='bbox 1061 2279 1097 2336; x_wconf 89' lang='lat' dir='ltr'>de</span> <span class='ocrx_word' id='word_1_204' title='bbox 1109 2279 1154 2336; x_wconf 92' lang='lat' dir='ltr'>in·</span> 
     </span>
     <span class='ocr_line' id='line_1_22' title="bbox 73 2361 1152 2450; baseline 0.001 -30"><span class='ocrx_word' id='word_1_205' title='bbox 73 2373 160 2420; x_wconf 87' lang='lat' dir='ltr'>certo</span> <span class='ocrx_word' id='word_1_206' title='bbox 183 2363 314 2420; x_wconf 85' lang='lat' dir='ltr'>subiecto</span> <span class='ocrx_word' id='word_1_207' title='bbox 336 2361 435 2450; x_wconf 78' lang='lat' dir='ltr'>posita</span> <span class='ocrx_word' id='word_1_208' title='bbox 456 2363 712 2439; x_wconf 79' lang='lat' dir='ltr'>ipsaconiunctivi</span> <span class='ocrx_word' id='word_1_209' title='bbox 730 2381 819 2422; x_wconf 88' lang='lat' dir='ltr'>causa</span> <span class='ocrx_word' id='word_1_210' title='bbox 835 2364 868 2420; x_wconf 87' lang='lat' dir='ltr'>fit</span> <span class='ocrx_word' id='word_1_211' title='bbox 890 2361 1152 2445; x_wconf 63' lang='lat' dir='ltr'>[Getaesoeop</span> 
     </span>
     <span class='ocr_line' id='line_1_23' title="bbox 72 2447 1152 2525; baseline 0.003 -20"><span class='ocrx_word' id='word_1_212' title='bbox 72 2449 179 2523; x_wconf 73' lang='lat' dir='ltr'>itaque</span> <span class='ocrx_word' id='word_1_213' title='bbox 202 2447 308 2505; x_wconf 88' lang='lat' dir='ltr'>dicitur</span> <span class='ocrx_word' id='word_1_214' title='bbox 329 2447 568 2522; x_wconf 82' lang='lat' dir='ltr'>frequentissimo</span> <span class='ocrx_word' id='word_1_215' title='bbox 591 2450 737 2525; x_wconf 82' lang='lat' dir='ltr'>exemplo,</span> <span class='ocrx_word' id='word_1_216' title='bbox 760 2458 793 2507; x_wconf 92' lang='lat' dir='ltr'>ut</span> <span class='ocrx_word' id='word_1_217' title='bbox 814 2450 862 2507; x_wconf 91' lang='lat' dir='ltr'>hic</span> <span class='ocrx_word' id='word_1_218' title='bbox 878 2451 934 2521; x_wconf 84' lang='lat' dir='ltr'>IV,</span> <span class='ocrx_word' id='word_1_219' title='bbox 948 2451 1002 2507; x_wconf 81' lang='lat'>74:</span> <span class='ocrx_word' id='word_1_220' title='bbox 1025 2452 1152 2524; x_wconf 82' lang='lat' dir='ltr'>quidbo-</span> 
     </span>
     <span class='ocr_line' id='line_1_24' title="bbox 71 2535 1152 2612; baseline 0.002 -20"><span class='ocrx_word' id='word_1_221' title='bbox 71 2536 136 2592; x_wconf 79' lang='lat' dir='ltr'>beut</span> <span class='ocrx_word' id='word_1_222' title='bbox 157 2536 354 2604; x_wconf 63' lang='lat' dir='ltr'>sometime,</span> <span class='ocrx_word' id='word_1_223' title='bbox 376 2552 436 2590; x_wconf 74' lang='lat' dir='ltr'>urm</span> <span class='ocrx_word' id='word_1_224' title='bbox 454 2553 540 2610; x_wconf 86' lang='lat' dir='ltr'>prope</span> <span class='ocrx_word' id='word_1_225' title='bbox 555 2538 718 2592; x_wconf 72' lang='lat' dir='ltr'>accessere?</span> <span class='ocrx_word' id='word_1_226' title='bbox 745 2536 848 2612; x_wconf 86' lang='lat' dir='ltr'>(Tusc.</span> <span class='ocrx_word' id='word_1_227' title='bbox 866 2536 904 2606; x_wconf 79' lang='lat' dir='ltr'>V,</span> <span class='ocrx_word' id='word_1_228' title='bbox 923 2535 970 2606; x_wconf 81' lang='lat'>13,</span> <span class='ocrx_word' id='word_1_229' title='bbox 994 2535 1058 2594; x_wconf 83' lang='lat' dir='ltr'>Cat.</span> <span class='ocrx_word' id='word_1_230' title='bbox 1070 2537 1111 2594; x_wconf 90' lang='lat' dir='ltr'>M.</span> <span class='ocrx_word' id='word_1_231' title='bbox 1124 2537 1152 2608; x_wconf 86' lang='lat'>9&#39;,</span> 
     </span>
     <span class='ocr_line' id='line_1_25' title="bbox 71 2615 659 2699; baseline 0 -22"><span class='ocrx_word' id='word_1_232' title='bbox 71 2621 111 2677; x_wconf 88' lang='lat' dir='ltr'>de</span> <span class='ocrx_word' id='word_1_233' title='bbox 136 2617 233 2690; x_wconf 76' lang='grc'><strong>0111,</strong></span> <span class='ocrx_word' id='word_1_234' title='bbox 246 2619 296 2690; x_wconf 76' lang='lat'>32,</span> <span class='ocrx_word' id='word_1_235' title='bbox 319 2619 355 2676; x_wconf 91' lang='lat' dir='ltr'>de</span> <span class='ocrx_word' id='word_1_236' title='bbox 367 2617 419 2677; x_wconf 84' lang='lat' dir='ltr'>Or.</span> <span class='ocrx_word' id='word_1_237' title='bbox 430 2620 489 2691; x_wconf 87' lang='grc' dir='ltr'>ΙΠ,</span> <span class='ocrx_word' id='word_1_238' title='bbox 502 2621 574 2692; x_wconf 83' lang='grc'>201,</span> <span class='ocrx_word' id='word_1_239' title='bbox 596 2615 659 2699; x_wconf 84' lang='lat' dir='ltr'>aL).</span> 
     </span>
    </p>

    <p class='ocr_par' dir='ltr' id='par_1_4' title="bbox 26 2703 1154 3705">
     <span class='ocr_line' id='line_1_26' title="bbox 163 2703 1152 2782; baseline 0.001 -21"><span class='ocrx_word' id='word_1_240' title='bbox 163 2707 232 2780; x_wconf 82' lang='lat' dir='ltr'>quid</span> <span class='ocrx_word' id='word_1_241' title='bbox 257 2705 292 2761; x_wconf 86' lang='lat' dir='ltr'>ub</span> <span class='ocrx_word' id='word_1_242' title='bbox 314 2707 496 2763; x_wconf 79' lang='lat' dir='ltr'>animantibus·</span> <span class='ocrx_word' id='word_1_243' title='bbox 522 2709 615 2762; x_wconf 72' lang='lat' dir='ltr'>cetere</span> <span class='ocrx_word' id='word_1_244' title='bbox 636 2703 806 2782; x_wconf 59' lang='lat' dir='ltr'>delimamus)</span> <span class='ocrx_word' id='word_1_245' title='bbox 839 2705 1094 2781; x_wconf 84' lang='lat' dir='ltr'>Praepositionem</span> <span class='ocrx_word' id='word_1_246' title='bbox 1121 2705 1152 2762; x_wconf 90' lang='lat' dir='ltr'>in</span> 
     </span>
     <span class='ocr_line' id='line_1_27' title="bbox 69 2787 1153 2868; baseline 0 -20"><span class='ocrx_word' id='word_1_247' title='bbox 69 2790 229 2848; x_wconf 80' lang='lat' dir='ltr'>codicibus</span> <span class='ocrx_word' id='word_1_248' title='bbox 246 2787 321 2868; x_wconf 71' lang='lat' dir='ltr'>[Bt]</span> <span class='ocrx_word' id='word_1_249' title='bbox 344 2790 481 2848; x_wconf 84' lang='lat' dir='ltr'>omissam</span> <span class='ocrx_word' id='word_1_250' title='bbox 503 2801 583 2848; x_wconf 89' lang='lat' dir='ltr'>reete</span> <span class='ocrx_word' id='word_1_251' title='bbox 600 2791 744 2849; x_wconf 88' lang='lat' dir='ltr'>editiones</span> <span class='ocrx_word' id='word_1_252' title='bbox 766 2791 834 2848; x_wconf 90' lang='lat' dir='ltr'>inde</span> <span class='ocrx_word' id='word_1_253' title='bbox 850 2809 869 2848; x_wconf 84' lang='lat' dir='ltr'>a</span> <span class='ocrx_word' id='word_1_254' title='bbox 885 2792 1002 2851; x_wconf 86' lang='lat' dir='ltr'>Veneta</span> <span class='ocrx_word' id='word_1_255' title='bbox 1021 2792 1101 2848; x_wconf 87' lang='lat'>1494</span> <span class='ocrx_word' id='word_1_256' title='bbox 1115 2791 1153 2848; x_wconf 84' lang='lat' dir='ltr'>ed</span> 
     </span>
     <span class='ocr_line' id='line_1_28' title="bbox 68 2875 1153 2952; baseline -0.001 -18"><span class='ocrx_word' id='word_1_257' title='bbox 68 2876 254 2934; x_wconf 86' lang='lat' dir='ltr'>Lambinum</span> <span class='ocrx_word' id='word_1_258' title='bbox 272 2875 453 2933; x_wconf 83' lang='lat' dir='ltr'>addiderunt</span> <span class='ocrx_word' id='word_1_259' title='bbox 478 2876 583 2952; x_wconf 89' lang='lat' dir='ltr'>Neque</span> <span class='ocrx_word' id='word_1_260' title='bbox 595 2879 703 2952; x_wconf 77' lang='lat' dir='ltr'>differe</span> <span class='ocrx_word' id='word_1_261' title='bbox 713 2895 809 2951; x_wconf 87' lang='lat' dir='ltr'>neque</span> <span class='ocrx_word' id='word_1_262' title='bbox 820 2879 954 2934; x_wconf 70' lang='lat' dir='ltr'>diuorum</span> <span class='ocrx_word' id='word_1_263' title='bbox 965 2896 1034 2947; x_wconf 81' lang='lat' dir='ltr'>esse,</span> <span class='ocrx_word' id='word_1_264' title='bbox 1057 2895 1153 2951; x_wconf 88' lang='lat' dir='ltr'>neque</span> 
     </span>
     <span class='ocr_line' id='line_1_29' title="bbox 66 2961 1154 3036; baseline 0 -16"><span class='ocrx_word' id='word_1_265' title='bbox 66 2963 209 3020; x_wconf 64' lang='lat' dir='ltr'>meeum</span> <span class='ocrx_word' id='word_1_266' title='bbox 230 2980 325 3036; x_wconf 92' lang='lat' dir='ltr'>neque</span> <span class='ocrx_word' id='word_1_267' title='bbox 346 2963 487 3020; x_wconf 68' lang='lat' dir='ltr'>durescere</span> <span class='ocrx_word' id='word_1_268' title='bbox 508 2979 574 3019; x_wconf 90' lang='lat' dir='ltr'>cum</span> <span class='ocrx_word' id='word_1_269' title='bbox 596 2963 696 3020; x_wconf 81' lang='lat' dir='ltr'>dativo</span> <span class='ocrx_word' id='word_1_270' title='bbox 707 2961 812 3022; x_wconf 84' lang='lat' dir='ltr'>Cicero</span> <span class='ocrx_word' id='word_1_271' title='bbox 827 2971 880 3020; x_wconf 87' lang='lat' dir='ltr'>aut</span> <span class='ocrx_word' id='word_1_272' title='bbox 895 2962 1049 3036; x_wconf 88' lang='lat' dir='ltr'>quisquam</span> <span class='ocrx_word' id='word_1_273' title='bbox 1066 2962 1154 3020; x_wconf 87' lang='lat' dir='ltr'>huius</span> 
     </span>
     <span class='ocr_line' id='line_1_30' title="bbox 67 3047 1152 3124; baseline 0.001 -19"><span class='ocrx_word' id='word_1_274' title='bbox 67 3047 184 3106; x_wconf 83' lang='lat' dir='ltr'>aetatis</span> <span class='ocrx_word' id='word_1_275' title='bbox 218 3047 344 3123; x_wconf 86' lang='lat' dir='ltr'>scriptor</span> <span class='ocrx_word' id='word_1_276' title='bbox 377 3066 483 3123; x_wconf 81' lang='lat' dir='ltr'>prosae</span> <span class='ocrx_word' id='word_1_277' title='bbox 511 3047 653 3105; x_wconf 85' lang='lat' dir='ltr'>orationis</span> <span class='ocrx_word' id='word_1_278' title='bbox 681 3047 770 3116; x_wconf 81' lang='lat' dir='ltr'>dixit3</span> <span class='ocrx_word' id='word_1_279' title='bbox 803 3065 840 3104; x_wconf 91' lang='lat' dir='ltr'>ne</span> <span class='ocrx_word' id='word_1_280' title='bbox 873 3047 1002 3124; x_wconf 79' lang='lat' dir='ltr'>Augusti</span> <span class='ocrx_word' id='word_1_281' title='bbox 1035 3047 1152 3121; x_wconf 87' lang='lat' dir='ltr'>quidem</span> 
     </span>
     <span class='ocr_line' id='line_1_31' title="bbox 65 3132 1154 3209; baseline -0.002 -18"><span class='ocrx_word' id='word_1_282' title='bbox 65 3143 174 3192; x_wconf 87' lang='lat' dir='ltr'>aetate</span> <span class='ocrx_word' id='word_1_283' title='bbox 202 3132 232 3189; x_wconf 93' lang='lat' dir='ltr'>in</span> <span class='ocrx_word' id='word_1_284' title='bbox 259 3151 349 3209; x_wconf 86' lang='lat' dir='ltr'>prose</span> <span class='ocrx_word' id='word_1_285' title='bbox 377 3133 511 3190; x_wconf 86' lang='lat' dir='ltr'>oratione</span> <span class='ocrx_word' id='word_1_286' title='bbox 538 3133 640 3190; x_wconf 87' lang='lat' dir='ltr'>audite</span> <span class='ocrx_word' id='word_1_287' title='bbox 664 3143 751 3209; x_wconf 85' lang='lat' dir='ltr'>puto;</span> <span class='ocrx_word' id='word_1_288' title='bbox 790 3133 932 3190; x_wconf 84' lang='lat' dir='ltr'>Horatius</span> <span class='ocrx_word' id='word_1_289' title='bbox 954 3133 1027 3189; x_wconf 81' lang='lat' dir='ltr'>haec</span> <span class='ocrx_word' id='word_1_290' title='bbox 1054 3133 1154 3190; x_wconf 87' lang='lat' dir='ltr'>omnis</span> 
     </span>
     <span class='ocr_line' id='line_1_32' title="bbox 64 3217 1153 3295; baseline -0.002 -19"><span class='ocrx_word' id='word_1_291' title='bbox 64 3221 176 3289; x_wconf 82' lang='lat' dir='ltr'>habet,</span> <span class='ocrx_word' id='word_1_292' title='bbox 200 3227 271 3288; x_wconf 78' lang='lat' dir='ltr'>tum,</span> <span class='ocrx_word' id='word_1_293' title='bbox 300 3226 333 3275; x_wconf 92' lang='lat' dir='ltr'>ut</span> <span class='ocrx_word' id='word_1_294' title='bbox 354 3217 414 3275; x_wconf 83' lang='lat' dir='ltr'>alie</span> <span class='ocrx_word' id='word_1_295' title='bbox 435 3237 454 3276; x_wconf 81' lang='lat' dir='ltr'>a</span> <span class='ocrx_word' id='word_1_296' title='bbox 475 3219 570 3295; x_wconf 73' lang='lat' dir='ltr'>poetis</span> <span class='ocrx_word' id='word_1_297' title='bbox 592 3227 666 3289; x_wconf 82' lang='lat' dir='ltr'>orta,</span> <span class='ocrx_word' id='word_1_298' title='bbox 689 3217 868 3294; x_wconf 87' lang='lat' dir='ltr'>posteriores</span> <span class='ocrx_word' id='word_1_299' title='bbox 894 3217 924 3275; x_wconf 91' lang='lat' dir='ltr'>in</span> <span class='ocrx_word' id='word_1_300' title='bbox 946 3235 1064 3293; x_wconf 84' lang='lat' dir='ltr'>prosum</span> <span class='ocrx_word' id='word_1_301' title='bbox 1087 3236 1153 3275; x_wconf 85' lang='lat' dir='ltr'>ors-</span> 
     </span>
     <span class='ocr_line' id='line_1_33' title="bbox 63 3303 1152 3379; baseline -0.004 -15"><span class='ocrx_word' id='word_1_302' title='bbox 63 3306 186 3364; x_wconf 89' lang='lat' dir='ltr'>tionem</span> <span class='ocrx_word' id='word_1_303' title='bbox 209 3312 397 3379; x_wconf 80' lang='lat' dir='ltr'>receperunt,</span> <span class='ocrx_word' id='word_1_304' title='bbox 431 3305 535 3362; x_wconf 85' lang='lat' dir='ltr'>saltem</span> <span class='ocrx_word' id='word_1_305' title='bbox 562 3305 697 3362; x_wconf 83' lang='lat' dir='ltr'>diversum</span> <span class='ocrx_word' id='word_1_306' title='bbox 723 3323 779 3362; x_wconf 83' lang='lat' dir='ltr'>esse</span> <span class='ocrx_word' id='word_1_307' title='bbox 806 3311 836 3360; x_wconf 88' lang='lat' dir='ltr'>ct</span> <span class='ocrx_word' id='word_1_308' title='bbox 856 3304 1009 3375; x_wconf 76' lang='lat' dir='ltr'>dissentire,</span> <span class='ocrx_word' id='word_1_309' title='bbox 1043 3303 1094 3360; x_wconf 90' lang='lat' dir='ltr'>ubi</span> <span class='ocrx_word' id='word_1_310' title='bbox 1116 3303 1152 3360; x_wconf 92' lang='lat' dir='ltr'>de</span> 
     </span>
     <span class='ocr_line' id='line_1_34' title="bbox 62 3386 1152 3464; baseline -0.003 -15"><span class='ocrx_word' id='word_1_311' title='bbox 62 3388 315 3449; x_wconf 84' lang='lat' dir='ltr'>dissimilitudine</span> <span class='ocrx_word' id='word_1_312' title='bbox 338 3386 453 3446; x_wconf 91' lang='lat' dir='ltr'>dicitur.</span> <span class='ocrx_word' id='word_1_313' title='bbox 507 3391 543 3448; x_wconf 92' lang='lat' dir='ltr'>In</span> <span class='ocrx_word' id='word_1_314' title='bbox 571 3389 694 3447; x_wconf 84' lang='lat' dir='ltr'>Timaeo</span> <span class='ocrx_word' id='word_1_315' title='bbox 721 3406 746 3446; x_wconf 90' lang='lat' dir='ltr'>c.</span> <span class='ocrx_word' id='word_1_316' title='bbox 777 3389 814 3446; x_wconf 80' lang='lat'>12</span> <span class='ocrx_word' id='word_1_317' title='bbox 838 3389 864 3446; x_wconf 91' lang='lat' dir='ltr'>si</span> <span class='ocrx_word' id='word_1_318' title='bbox 890 3387 994 3448; x_wconf 81' lang='lat' dir='ltr'>Oioero</span> <span class='ocrx_word' id='word_1_319' title='bbox 1021 3389 1152 3464; x_wconf 86' lang='lat' dir='ltr'>scripsit:</span> 
     </span>
     <span class='ocr_line' id='line_1_35' title="bbox 62 3462 1152 3553; baseline -0.006 -17"><span class='ocrx_word' id='word_1_320' title='bbox 62 3489 92 3536; x_wconf 84' lang='lat' dir='ltr'>et</span> <span class='ocrx_word' id='word_1_321' title='bbox 126 3478 162 3533; x_wconf 81' lang='lat' dir='ltr'>iis</span> <span class='ocrx_word' id='word_1_322' title='bbox 183 3477 262 3532; x_wconf 85' lang='lat' dir='ltr'>etium</span> <span class='ocrx_word' id='word_1_323' title='bbox 289 3478 421 3532; x_wconf 70' lang='lat' dir='ltr'>courum</span> <span class='ocrx_word' id='word_1_324' title='bbox 442 3477 601 3533; x_wconf 78' lang='lat' dir='ltr'>dr&#39;eeiderrtee</span> <span class='ocrx_word' id='word_1_325' title='bbox 623 3471 724 3553; x_wconf 85' lang='lat' dir='ltr'>(codd.</span> <span class='ocrx_word' id='word_1_326' title='bbox 746 3478 902 3546; x_wconf 69' lang='lat' dir='ltr'>contortos,</span> <span class='ocrx_word' id='word_1_327' title='bbox 924 3474 1027 3532; x_wconf 84' lang='lat' dir='ltr'>Plato:</span> <span class='ocrx_word' id='word_1_328' title='bbox 1055 3462 1152 3531; x_wconf 82' lang='grc' dir='ltr'><strong><em>ὁπόσα</em></strong></span> 
     </span>
     <span class='ocr_line' id='line_1_36' title="bbox 26 3545 1153 3636; baseline -0.004 -16"><span class='ocrx_word' id='word_1_329' title='bbox 26 3549 31 3560; x_wconf 66' lang='grc'><em>“</em></span> <span class='ocrx_word' id='word_1_330' title='bbox 62 3553 216 3624; x_wconf 67' lang='grc' dir='ltr'>ἐναντίως</span> <span class='ocrx_word' id='word_1_331' title='bbox 248 3553 359 3634; x_wconf 71' lang='grc' dir='ltr'><strong><em>πέφυκε</em></strong></span> <span class='ocrx_word' id='word_1_332' title='bbox 392 3545 594 3636; x_wconf 77' lang='grc' dir='ltr'>διεστηκότα),</span> <span class='ocrx_word' id='word_1_333' title='bbox 634 3561 765 3618; x_wconf 85' lang='lat' dir='ltr'>dativum</span> <span class='ocrx_word' id='word_1_334' title='bbox 803 3561 931 3618; x_wconf 83' lang='lat' dir='ltr'>maxime</span> <span class='ocrx_word' id='word_1_335' title='bbox 968 3559 1083 3617; x_wconf 88' lang='lat' dir='ltr'>rettulit</span> <span class='ocrx_word' id='word_1_336' title='bbox 1115 3558 1153 3616; x_wconf 87' lang='lat' dir='ltr'>ad</span> 
     </span>
     <span class='ocr_line' id='line_1_37' title="bbox 60 3649 218 3705; baseline -0.025 0"><span class='ocrx_word' id='word_1_337' title='bbox 60 3649 218 3705; x_wconf 69' lang='lat' dir='ltr'>controv-ie.</span> 
     </span>
    </p>

    <p class='ocr_par' dir='ltr' id='par_1_5' title="bbox 53 3727 1153 4406">
     <span class='ocr_line' id='line_1_38' title="bbox 111 3727 1153 3808; baseline -0.002 -20"><span class='ocrx_word' id='word_1_338' title='bbox 111 3771 119 3780; x_wconf 88' lang='lat'>-</span> <span class='ocrx_word' id='word_1_339' title='bbox 164 3731 213 3788; x_wconf 80' lang='lat'>42.</span> <span class='ocrx_word' id='word_1_340' title='bbox 241 3727 329 3799; x_wconf 83' lang='lat' dir='ltr'>Quom</span> <span class='ocrx_word' id='word_1_341' title='bbox 350 3731 548 3788; x_wconf 65' lang='lat' dir='ltr'>mortuom</span> <span class='ocrx_word' id='word_1_342' title='bbox 568 3729 702 3808; x_wconf 52' lang='lat' dir='ltr'>milenum</span> <span class='ocrx_word' id='word_1_343' title='bbox 729 3731 786 3789; x_wconf 89' lang='lat' dir='ltr'>hoc</span> <span class='ocrx_word' id='word_1_344' title='bbox 813 3741 871 3803; x_wconf 84' lang='lat' dir='ltr'>est,</span> <span class='ocrx_word' id='word_1_345' title='bbox 899 3734 975 3789; x_wconf 80' lang='lat' dir='ltr'>cuiue</span> <span class='ocrx_word' id='word_1_346' title='bbox 1003 3734 1044 3788; x_wconf 86' lang='lat' dir='ltr'>rei</span> <span class='ocrx_word' id='word_1_347' title='bbox 1068 3731 1153 3787; x_wconf 61' lang='lat' dir='ltr'>emila</span> 
     </span>
     <span class='ocr_line' id='line_1_39' title="bbox 59 3814 1152 3893; baseline -0.005 -17"><span class='ocrx_word' id='word_1_348' title='bbox 59 3817 184 3892; x_wconf 79' lang='lat' dir='ltr'>aliquid</span> <span class='ocrx_word' id='word_1_349' title='bbox 204 3817 339 3886; x_wconf 61' lang='lat' dir='ltr'>videnum</span> <span class='ocrx_word' id='word_1_350' title='bbox 361 3823 392 3873; x_wconf 91' lang='lat' dir='ltr'>et</span> <span class='ocrx_word' id='word_1_351' title='bbox 412 3814 501 3891; x_wconf 78' lang='lat' dir='ltr'>paulo</span> <span class='ocrx_word' id='word_1_352' title='bbox 524 3825 596 3892; x_wconf 89' lang='lat' dir='ltr'>post</span> <span class='ocrx_word' id='word_1_353' title='bbox 613 3836 682 3892; x_wconf 83' lang='lat' dir='ltr'>quoe</span> <span class='ocrx_word' id='word_1_354' title='bbox 704 3819 849 3877; x_wconf 79' lang='lat' dir='ltr'>similitudo</span> <span class='ocrx_word' id='word_1_355' title='bbox 870 3815 1051 3893; x_wconf 82' lang='lat' dir='ltr'>intellegitur</span> <span class='ocrx_word' id='word_1_356' title='bbox 1072 3816 1152 3890; x_wconf 76' lang='lat' dir='ltr'>quid-</span> 
     </span>
     <span class='ocr_line' id='line_1_40' title="bbox 57 3900 1152 3962; baseline -0.005 0"><span class='ocrx_word' id='word_1_357' title='bbox 57 3905 143 3962; x_wconf 76' lang='lat' dir='ltr'>dam</span> <span class='ocrx_word' id='word_1_358' title='bbox 164 3903 225 3960; x_wconf 70' lang='lat' dir='ltr'>lertio</span> <span class='ocrx_word' id='word_1_359' title='bbox 252 3904 344 3959; x_wconf 72' lang='lat' dir='ltr'>simile.</span> <span class='ocrx_word' id='word_1_360' title='bbox 393 3901 506 3958; x_wconf 87' lang='lat' dir='ltr'>Eodem</span> <span class='ocrx_word' id='word_1_361' title='bbox 534 3902 621 3960; x_wconf 91' lang='lat' dir='ltr'>modo</span> <span class='ocrx_word' id='word_1_362' title='bbox 649 3902 753 3961; x_wconf 88' lang='lat' dir='ltr'>Cicero</span> <span class='ocrx_word' id='word_1_363' title='bbox 783 3902 899 3960; x_wconf 88' lang='lat' dir='ltr'>locutus</span> <span class='ocrx_word' id='word_1_364' title='bbox 923 3911 972 3960; x_wconf 85' lang='lat' dir='ltr'>est</span> <span class='ocrx_word' id='word_1_365' title='bbox 997 3901 1044 3959; x_wconf 85' lang='lat' dir='ltr'>his</span> <span class='ocrx_word' id='word_1_366' title='bbox 1064 3900 1152 3958; x_wconf 83' lang='lat' dir='ltr'>locis:</span> 
     </span>
     <span class='ocr_line' id='line_1_41' title="bbox 58 3986 1152 4064; baseline -0.004 -18"><span class='ocrx_word' id='word_1_367' title='bbox 58 3991 105 4047; x_wconf 86' lang='lat' dir='ltr'>de</span> <span class='ocrx_word' id='word_1_368' title='bbox 136 3986 275 4058; x_wconf 73' lang='lat' dir='ltr'>OratIL</span> <span class='ocrx_word' id='word_1_369' title='bbox 288 3987 344 4044; x_wconf 75' lang='lat'>53:</span> <span class='ocrx_word' id='word_1_370' title='bbox 366 3987 437 4044; x_wconf 76' lang='lat' dir='ltr'>hone</span> <span class='ocrx_word' id='word_1_371' title='bbox 457 3989 654 4046; x_wconf 69' lang='lat' dir='ltr'>umibmdinem</span> <span class='ocrx_word' id='word_1_372' title='bbox 681 3989 815 4046; x_wconf 81' lang='lat' dir='ltr'>scribendi</span> <span class='ocrx_word' id='word_1_373' title='bbox 834 3988 879 4064; x_wconf 89' lang='lat' dir='ltr'>(id</span> <span class='ocrx_word' id='word_1_374' title='bbox 896 3998 949 4058; x_wconf 74' lang='lat' dir='ltr'>est,</span> <span class='ocrx_word' id='word_1_375' title='bbox 972 4005 1064 4064; x_wconf 86' lang='lat' dir='ltr'>genus</span> <span class='ocrx_word' id='word_1_376' title='bbox 1080 3986 1152 4043; x_wconf 88' lang='lat' dir='ltr'>scri·</span> 
     </span>
     <span class='ocr_line' id='line_1_42' title="bbox 58 4070 1152 4151; baseline -0.005 -18"><span class='ocrx_word' id='word_1_377' title='bbox 58 4072 166 4134; x_wconf 86' lang='lat' dir='ltr'>bendi</span> <span class='ocrx_word' id='word_1_378' title='bbox 188 4074 256 4132; x_wconf 87' lang='lat' dir='ltr'>huic</span> <span class='ocrx_word' id='word_1_379' title='bbox 278 4072 387 4148; x_wconf 89' lang='lat' dir='ltr'>simile)</span> <span class='ocrx_word' id='word_1_380' title='bbox 410 4073 487 4129; x_wconf 84' lang='lat' dir='ltr'>multi</span> <span class='ocrx_word' id='word_1_381' title='bbox 506 4077 590 4131; x_wconf 85' lang='lat' dir='ltr'>secuti</span> <span class='ocrx_word' id='word_1_382' title='bbox 609 4083 686 4143; x_wconf 80' lang='lat' dir='ltr'>sunt3</span> <span class='ocrx_word' id='word_1_383' title='bbox 713 4073 751 4131; x_wconf 89' lang='lat' dir='ltr'>N.</span> <span class='ocrx_word' id='word_1_384' title='bbox 772 4075 807 4130; x_wconf 90' lang='lat' dir='ltr'>D.</span> <span class='ocrx_word' id='word_1_385' title='bbox 824 4073 865 4144; x_wconf 82' lang='lat'>11,</span> <span class='ocrx_word' id='word_1_386' title='bbox 880 4075 918 4130; x_wconf 82' lang='lat'>27</span> <span class='ocrx_word' id='word_1_387' title='bbox 941 4070 1039 4151; x_wconf 82' lang='lat' dir='ltr'>(quam</span> <span class='ocrx_word' id='word_1_388' title='bbox 1060 4074 1152 4129; x_wconf 74' lang='lat' dir='ltr'>simid-</span> 
     </span>
     <span class='ocr_line' id='line_1_43' title="bbox 56 4157 1151 4235; baseline -0.004 -15"><span class='ocrx_word' id='word_1_389' title='bbox 56 4162 195 4220; x_wconf 83' lang='lat' dir='ltr'>tudinem</span> <span class='ocrx_word' id='word_1_390' title='bbox 216 4178 322 4218; x_wconf 75' lang='lat' dir='ltr'>cerum</span> <span class='ocrx_word' id='word_1_391' title='bbox 339 4177 485 4234; x_wconf 78' lang='lat' dir='ltr'>possumus</span> <span class='ocrx_word' id='word_1_392' title='bbox 507 4161 534 4215; x_wconf 82' lang='lat' dir='ltr'>in</span> <span class='ocrx_word' id='word_1_393' title='bbox 556 4165 591 4217; x_wconf 83' lang='lat' dir='ltr'>iis</span> <span class='ocrx_word' id='word_1_394' title='bbox 612 4165 694 4234; x_wconf 84' lang='lat' dir='ltr'>aquis</span> <span class='ocrx_word' id='word_1_395' title='bbox 716 4158 801 4235; x_wconf 82' lang='lat' dir='ltr'>cet),</span> <span class='ocrx_word' id='word_1_396' title='bbox 829 4157 924 4230; x_wconf 78' lang='lat' dir='ltr'>Offil,</span> <span class='ocrx_word' id='word_1_397' title='bbox 940 4161 978 4216; x_wconf 87' lang='lat'>14</span> <span class='ocrx_word' id='word_1_398' title='bbox 1001 4158 1096 4234; x_wconf 85' lang='lat' dir='ltr'>(quom</span> <span class='ocrx_word' id='word_1_399' title='bbox 1113 4165 1151 4216; x_wconf 83' lang='lat' dir='ltr'>si·</span> 
     </span>
     <span class='ocr_line' id='line_1_44' title="bbox 56 4241 1152 4324; baseline -0.002 -20"><span class='ocrx_word' id='word_1_400' title='bbox 56 4247 255 4305; x_wconf 78' lang='lat' dir='ltr'>militudinem</span> <span class='ocrx_word' id='word_1_401' title='bbox 278 4247 445 4319; x_wconf 80' lang='lat' dir='ltr'>transferens</span> <span class='ocrx_word' id='word_1_402' title='bbox 467 4241 546 4324; x_wconf 83' lang='lat' dir='ltr'>cet).</span> <span class='ocrx_word' id='word_1_403' title='bbox 590 4246 689 4320; x_wconf 91' lang='lat' dir='ltr'>Prope</span> <span class='ocrx_word' id='word_1_404' title='bbox 711 4245 833 4318; x_wconf 80' lang='lat' dir='ltr'>secedit,</span> <span class='ocrx_word' id='word_1_405' title='bbox 856 4244 934 4320; x_wconf 91' lang='lat' dir='ltr'>quod</span> <span class='ocrx_word' id='word_1_406' title='bbox 956 4244 1043 4302; x_wconf 89' lang='lat' dir='ltr'>huius</span> <span class='ocrx_word' id='word_1_407' title='bbox 1054 4244 1152 4320; x_wconf 89' lang='lat' dir='ltr'>operis</span> 
     </span>
     <span class='ocr_line' id='line_1_45' title="bbox 53 4329 1151 4406; baseline -0.004 -14"><span class='ocrx_word' id='word_1_408' title='bbox 53 4335 142 4392; x_wconf 89' lang='lat' dir='ltr'>libr.</span> <span class='ocrx_word' id='word_1_409' title='bbox 157 4331 198 4400; x_wconf 88' lang='grc' dir='ltr'>Π,</span> <span class='ocrx_word' id='word_1_410' title='bbox 211 4332 250 4388; x_wconf 87' lang='grc'>47</span> <span class='ocrx_word' id='word_1_411' title='bbox 274 4330 395 4406; x_wconf 77' lang='lat' dir='ltr'>legitur3</span> <span class='ocrx_word' id='word_1_412' title='bbox 418 4347 539 4405; x_wconf 90' lang='lat' dir='ltr'>prorsus</span> <span class='ocrx_word' id='word_1_413' title='bbox 561 4331 772 4388; x_wconf 89' lang='lat' dir='ltr'>eiusdemmodi</span> <span class='ocrx_word' id='word_1_414' title='bbox 794 4340 885 4401; x_wconf 81' lang='lat' dir='ltr'>esset,</span> <span class='ocrx_word' id='word_1_415' title='bbox 913 4330 939 4388; x_wconf 85' lang='lat' dir='ltr'>si</span> <span class='ocrx_word' id='word_1_416' title='bbox 961 4329 1151 4388; x_wconf 88' lang='lat' dir='ltr'>scriberetur:</span> 
     </span>
    </p>
   </div>
   <div class='ocr_carea' id='block_1_4' title="bbox 0 0 1478 5024">
    <p class='ocr_par' dir='ltr' id='par_1_6' title="bbox 0 0 1478 5024">
     <span class='ocr_line' id='line_1_46' title="bbox 0 0 1478 5024; baseline 0 9"><span class='ocrx_word' id='word_1_417' title='bbox 0 0 1478 5024; x_wconf 95' lang='lat' dir='ltr'> </span> 
     </span>
    </p>
   </div>
  </div>
 </body>
</html>
