2948 5024
346 411 409 476 686
737 430 781 475 nn
804 429 934 476 muninus
956 430 1028 476 aon.

345 599 432 679 ipsos
454 615 546 662 nosse
568 616 628 662 non
650 616 825 678 possumus.
870 599 961 676 Quod
987 605 1188 681 praeceptum
1217 599 1288 680 quia
1316 599 1402 662 maius

346 706 423 780 erat
445 717 537 782 quem
559 707 595 765 ut
614 700 654 765 ab
676 700 799 765 homine
819 701 990 780 videretur,
1017 700 1132 767 idcirco
1154 700 1345 782 assignatum
1364 707 1402 763 est

346 803 414 866 deo.
447 801 537 867 Iubet
557 801 652 883 igitur
674 821 731 866 nus
753 802 884 885 Pythius
906 802 1169 890 Apollonoscere
1186 802 1401 882 nosmetipsos

346 903 479 986 cognitio
501 911 604 969 eutem
626 904 702 968 haec
719 911 769 968 est
783 923 847 968 una
858 904 964 983 nostri
986 902 1094 968 utuim
1105 904 1247 986 corporis
1261 903 1402 984 animique

307 1005 483 1074 ononimus
505 1023 733 1088 sequamurque
754 1023 821 1072 eam
844 1004 947 1085 uitam,
969 1023 1049 1088 quae
1071 1006 1192 1090 [rebus]
1213 1005 1252 1072 iis
1273 1003 1401 1086 pernu-

413 1215 436 1260 ι.
458 1209 660 1279 [andewssh]
719 1207 1400 1276 ⁴.noeetue(0m.ein)mueesunomioeee‚or.

346 1285 369 1328 5.
387 1281 457 1330 rebus
474 1281 528 1330 sine
546 1279 618 1330 uncie
637 1279 680 1330 Or.
716 1279 760 1346 huie
778 1281 800 1330 E
818 1279 876 1346 ι’ριὺ
894 1287 960 1338 cett,
980 1279 1023 1330 Or.

431 1479 503 1558 Cap.
514 1481 602 1555 xvi,
626 1482 676 1539 44.
698 1499 780 1556 quam
791 1489 820 1536 ut
831 1481 865 1536 ab
877 1479 978 1536 homnae
990 1473 1137 1560 uideretur)
1160 1479 1336 1538 Deciderunt
1346 1495 1400 1554 per

344 1564 477 1642 ticipium
501 1566 600 1643 (eruum
612 1569 747 1624 uideretur
757 1574 808 1622 aut
819 1564 915 1623 simile
937 1563 1113 1645 quoddam);
1135 1583 1203 1623 nem
1226 1565 1304 1640 quod
1322 1563 1400 1623 Gzius

344 1661 455 1724 namet,
467 1670 554 1728 saepe
563 1653 685 1710 Latinos
696 1650 807 1709 dicere:
829 1651 878 1709 hoe
888 1671 907 1708 ιι
926 1651 1046 1708 Terentio
1056 1662 1096 1708 eet
1106 1670 1160 1727 pro
1177 1652 1301 1721 Terentii,
1317 1659 1399 1726 potest

345 1738 387 1794 sie
409 1737 467 1795 dici
490 1737 526 1794 de
544 1758 577 1795 re
587 1738 724 1796 madueta
735 1736 881 1808 alicunde,
894 1737 1041 1812 quomodo
1063 1733 1102 1817 [1‚
1116 1737 1171 1793 21:
1193 1739 1305 1810 bufiuitr'o
1319 1735 1350 1792 nb
1363 1735 1399 1790 uto

343 1819 412 1903 ειη]
432 1823 488 1894 IV,
502 1825 535 1882 7:
558 1825 639 1881 habea
650 1827 717 1880 mim
728 1843 746 1880 a
760 1823 923 1892 rhetoribus3
942 1822 1029 1880 nliter
1044 1841 1130 1879 nemo
1141 1823 1250 1898 posuit
1278 1820 1335 1881 Sed
1345 1838 1398 1876 curu

344 1909 482 1986 ambigua
504 1910 543 1968 sit
564 1909 647 1968 vocis
664 1918 838 1985 praeceptum
859 1917 974 1980 natura,
997 1917 1031 1965 nt
1051 1919 1081 1965 et
1102 1916 1293 1984 praeceptum
1304 1903 1398 1980 aliquid

343 1995 381 2052 eb
403 1995 503 2069 aliquo
525 1995 639 2053 dicatur
660 2003 691 2052 et
712 1995 850 2052 cinsesse
863 2002 1061 2069 praeceptum,
1083 1993 1201 2050 videtur
1212 1993 1325 2065 Cicero,
1345 2008 1396 2048 eun

343 2098 397 2156 pro
420 2081 604 2139 substantivo
627 2079 781 2157 posuisset,
804 2079 908 2136 deinde
920 2079 1043 2137 alteram
1054 2079 1199 2136 rationem
1211 2089 1328 2137 secutus
1338 2094 1397 2134 esse.

342 2166 468 2242 (Eodem
491 2166 578 2225 modo
600 2166 831 2241 interpretantur
853 2163 1245 2244 MatthieeusetMoserus.)
1278 2165 1343 2222 Non
1357 2162 1397 2218 ha·

342 2251 398 2308 beo
421 2251 551 2309 eiusdem
573 2251 689 2328 generis
712 2249 896 2326 exemplum3
929 2251 981 2308 sed
1008 2250 1174 2326 ambiguam
1197 2250 1294 2321 illam,
1325 2264 1396 2323 quem

343 2336 414 2408 dixi,
438 2342 572 2395 naturam
595 2337 739 2408 declarat,
763 2336 842 2410 quod
864 2336 942 2412 apud
964 2335 1211 2394 Henrichsenium
1234 2335 1273 2392 ed
1295 2335 1351 2394 cte
1369 2331 1396 2386 de

344 2421 426 2480 Orat.
439 2423 481 2489 Π,
496 2423 556 2480 3οἳ
580 2421 718 2498 exposui,
752 2421 922 2498 partieipia,
946 2440 1021 2497 quae
1048 2421 1113 2497 ipsa
1139 2440 1194 2497 pro
1222 2417 1395 2479 substantivis

343 2527 401 2565 non
423 2517 584 2584 ponantur,
618 2507 867 2566 substantivorum
890 2507 955 2565 vice
976 2506 1070 2584 fungi,
1093 2508 1118 2565 si
1140 2525 1205 2564 eum
1229 2503 1396 2565 substantive

342 2613 380 2651 ex
402 2593 559 2670 participio
580 2593 660 2652 facto
682 2594 905 2670 coniungantur,
928 2601 962 2650 ut
982 2603 1100 2669 praeter
1120 2593 1187 2661 illa,
1211 2612 1288 2667 quae
1308 2591 1345 2648 ibi
1365 2587 1395 2642 ci·
1464 2621 1465 2624 ι

343 2679 414 2750 tavi,
438 2679 474 2737 de
495 2680 586 2756 Legg.
598 2680 640 2750 11,
654 2680 671 2736 9
684 2687 715 2736 et
735 2680 794 2750 ΠΙ,
810 2680 862 2736 10:
889 2683 965 2736 ιἰιιια
986 2697 1019 2737 oo
1041 2682 1119 2736 uetito
1137 2681 1316 2754 poprulorum3
1342 2692 1394 2731 nam

342 2768 421 2823 vetito
445 2767 542 2840 populi
567 2783 625 2822 non
654 2765 799 2823 dicuntur.
849 2764 960 2822 Eodem
989 2764 1076 2821 modo
1105 2763 1210 2822 Cicero
1238 2762 1297 2822 off.
1316 2763 1344 2832 Ι,
1365 2759 1394 2815 i?

343 2851 495 2926 scripsisse
518 2850 635 2908 videtur
656 2853 774 2908 ιοιιιιιιιο
796 2860 819 2907 et
841 2853 962 2924 cupitum,
986 2848 1041 2908 etsi
1063 2849 1134 2907 alibi
1151 2853 1265 2924 coqe'tuto
1286 2867 1337 2925 pro
1356 2845 1395 2901 ed·

342 2937 444 2995 verbio
466 2936 627 3012 nonponit
661 2933 765 3016 [Initio
776 2935 881 3012 capitis
893 2939 974 3010 iqitur
984 2945 1023 2994 eet
1039 2935 1179 3003 etiemBq
1197 2935 1263 2992 edd.
1274 2924 1396 3004 inverse]
1463 2987 1464 2998 ,

426 3025 537 3096 nequitie
563 3033 651 3080 aretem
674 3024 739 3080 baec
766 3033 805 3080 eet
826 3042 881 3078 uua
902 3025 1003 3092 nostri,
1032 3031 1062 3078 ut
1082 3024 1135 3077 viru
1157 3016 1294 3099 corporee)
1326 3018 1395 3076 Hanc

341 3107 516 3184 scripturam
544 3108 659 3166 restitui
687 3127 725 3165 ex
747 3107 809 3165 Erl.
831 3117 861 3165 et
888 3107 966 3182 Spir.
989 3105 1059 3185 [ss],
1092 3106 1122 3163 in
1150 3106 1259 3180 quibus
1286 3109 1335 3162 uem
1353 3099 1395 3180 (ιι)

342 3194 453 3252 excidit
474 3203 542 3292 post
563 3204 601 3251 ut.
646 3192 805 3267 Quaeritur
826 3193 920 3262 enim,
954 3210 1012 3249 non
1040 3191 1183 3266 quaesit
1204 3210 1265 3249 una
1285 3185 1396 3266 cognitio

342 3277 426 3358 (sunt
446 3279 524 3337 enirn
547 3279 678 3336 infinitae
704 3299 803 3337 rerum
825 3277 1028 3352 infinitarum),
1051 3277 1103 3334 sed
1125 3294 1201 3352 quae
1218 3270 1395 3335 siennenu'o
1462 3319 1463 3328 ,

342 3383 396 3423 nos
418 3364 623 3464 cognoscendi,
646 3364 725 3439 qnod
747 3373 937 3441 praeceptum
961 3373 1006 3420 est
1026 3373 1059 3420 ut
1080 3362 1234 3421 faciamus.
1267 3363 1394 3432 vixopu·

341 3459 387 3508 est
403 3450 513 3520 adut·
503 3469 534 3507 ιιι
557 3449 677 3527 vulgate
698 3451 845 3526 scripture
867 3468 957 3525 prave
979 3449 1021 3508 sic
1043 3449 1185 3548 praeponi
1208 3452 1305 3516 ιοιιιι,
1326 3439 1395 3519 quasi

342 3535 503 3593 cavendum
526 3536 573 3608 sit,
597 3555 633 3593 ne
656 3555 693 3593 ex
716 3535 821 3593 alienis
844 3535 1015 3611 corporibus
1038 3534 1202 3609 animisque
1230 3532 1320 3592 nostri
1340 3547 1394 3602 cog·

341 3621 481 3678 nitionem
504 3621 695 3678 hauriendam
717 3630 862 3697 putemus.
896 3622 949 3698 (Et
961 3631 1058 3677 tamen
1071 3617 1174 3692 (brius,
1197 3637 1263 3676 cum
1280 3619 1309 3676 in
1326 3629 1395 3672 veras

341 3705 456 3763 litteras
478 3724 548 3765 cusu
569 3706 730 3776 incidisset,
754 3706 951 3783 coniungebat
971 3708 1057 3764 nostri
1077 3715 1106 3762 ut
1127 3709 1180 3762 vim
1202 3709 1333 3806 corporee,
1353 3697 1394 3756 mi·

340 3791 426 3849 rabili
449 3792 547 3867 positu
569 3788 750 3870 verborum.)
794 3786 846 3863 Εξ
869 3793 950 3850 Mon.
973 3801 1012 3849 est
1033 3811 1097 3863 una,
1120 3801 1150 3848 ut
1164 3810 1225 3848 cum
1246 3794 1299 3848 usin
1319 3785 1394 3846 nostri

426 3897 495 3954 quoe
516 3875 657 3956 [rebus]
646 3881 680 3935 uis
697 3875 872 3976 perfruatur)
895 3877 1046 3936 Edebatur
1060 3878 1226 3954 rebuee'pcia
1249 3865 1394 3951 quodmhl1

340 3963 421 4020 eliud
443 3963 607 4040 significare
631 3973 736 4039 potest,
760 3963 817 4020 nisi
838 3963 975 4020 inanibus
996 3981 1094 4020 rerum
1122 3962 1235 4020 umbris
1256 3957 1391 4019 fruendum

340 4067 398 4105 non
422 4048 779 4124 esse‚sed1pearerum
808 4047 946 4120 veritate;
979 4067 1081 4106 verum
1109 4049 1166 4106 hoc
1191 4066 1288 4122 neque
1313 4047 1391 4122 ipsun
1460 4081 1461 4086 κ

341 4135 427 4208 quale
450 4135 489 4192 sit
510 4144 561 4192 aut
582 4152 658 4209 quae
680 4134 749 4191 illae
770 4153 818 4192 res
841 4135 900 4192 sint
921 4143 973 4191 eut
993 4153 1069 4209 quae
1079 4133 1301 4210 inanieepecies
1311 4123 1391 4188 caveri

340 4219 483 4292 iubeatur,
506 4219 702 4297 intellegitur
725 4239 820 4319 neque
842 4218 932 4277 ullam
955 4220 1044 4277 habet
1065 4219 1283 4295 Peripateticae
1308 4225 1334 4274 et
1353 4229 1391 4268 ιι·

341 4313 435 4362 terum
458 4305 619 4363 sententiae
648 4305 797 4382 propriam
826 4304 1068 4382 significationem
1098 4323 1192 4380 neque
1220 4304 1258 4360 ad
1280 4295 1391 4377 corpofl's

340 4379 488 4465 animique
510 4391 706 4468 cognitionem
728 4391 865 4466 pertinet
898 4391 989 4448 Recte
1011 4391 1146 4449 Bremius
1168 4389 1243 4448 vidit
1265 4389 1318 4447 hoe
1337 4379 1391 4441 dici
1459 4413 1460 4432 ι
