2998 5020
359 402 424 466 6o0
746 421 790 466 ne
814 419 943 468 eruistis
965 421 1035 466 aon.

359 595 448 652 scant
458 595 515 652 aut
525 587 551 652 si
561 595 710 666 metuant,
732 607 771 654 ne
782 605 852 654 cum
863 588 969 654 dolore
980 588 1160 667 moriantur,
1174 589 1290 654 idcirco
1301 597 1418 652 morton

359 688 492 770 fugiant3
515 689 546 754 in
569 689 675 770 parvis
697 689 778 756 enim
800 709 907 772 saepe,
937 691 989 772 qui
1011 689 1086 756 nihil
1107 709 1215 756 comm
1237 691 1380 772 cogitant,
1399 690 1418 752 si

359 792 485 871 quando
507 791 545 856 iis
567 790 710 858 ludentes
726 792 886 871 minamur,
908 792 1166 874 praecipitaturos
1181 793 1331 869 alicunde,
1354 792 1418 856 em'-

361 901 511 958 mescunt
556 893 637 970 Quin
661 893 753 958 etiam
775 891 889 974 ferae,
911 894 1010 976 inquit
1031 893 1192 970 Pacuvius,

321 997 342 1062 5
402 995 545 1077 quibus
583 995 694 1060 abest
730 996 776 1060 ad
819 996 1125 1076 praecavendum
1169 995 1417 1076 intellegendi

1178 1098 1344 1174 astutia,

411 1255 433 1300 2.
452 1267 524 1316 caepe
541 1249 631 1303 cml.
665 1249 784 1300 lontmL
820 1251 1040 1304 e.ten1.t²00r.
1076 1250 1171 1300 aliunde
1190 1251 1282 1302 EPCR
1317 1250 1416 1318 [ertene-

358 1327 426 1370 rcunt
444 1317 494 1388 Eh]
532 1323 554 1371 d.
574 1317 677 1368 amitae
695 1321 718 1369 E

445 1479 472 1532 in
490 1477 586 1552 ραηήε
608 1471 690 1554 euim)
712 1476 779 1534 Hoc
795 1477 942 1552 quomodo
959 1477 1067 1534 dictum
1080 1487 1224 1552 putaram,
1248 1477 1367 1552 exposui
1387 1474 1417 1530 ad

360 1561 416 1634 IV,
429 1561 479 1618 75.
523 1559 626 1618 Lamb.
643 1564 728 1636 parvi
747 1565 813 1618 enim
836 1582 930 1638 saepe,
958 1571 990 1619 ut
1012 1561 1130 1626 volebat
1152 1562 1240 1618 etiarn
1260 1563 1334 1619 Dav.
1365 1557 1416 1640 [De

360 1645 548 1704 coniunctiro
557 1649 677 1721 supeant,
689 1663 743 1721 pro
756 1665 813 1721 quo
825 1645 927 1704 Lamb.
933 1651 1044 1722 sapiant
1056 1647 1192 1716 malebat,
1205 1645 1258 1704 cfr.
1271 1647 1352 1716 adll,
1362 1641 1415 1720 11]

446 1734 587 1801 tancmer,
612 1734 838 1808 praecipitaturos
865 1729 1003 1812 alicunde)
1037 1731 1106 1790 Non
1128 1732 1246 1790 videtur
1268 1733 1323 1790 hoc
1348 1741 1415 1788 recte

360 1817 448 1876 aliter
469 1815 601 1893 intellegi
623 1835 709 1892 posse
731 1817 788 1874 nisi
810 1818 865 1876 hac
887 1819 1045 1876 senmntia:
1068 1821 1208 1876 minamur.
1232 1838 1280 1874 noe
1297 1837 1415 1892 coepi-ar·

360 1905 517 1978 cipitataroe
540 1901 731 1978 (deiecturoe)
754 1922 824 1972 eaee3
847 1923 914 1960 nam
936 1923 973 1960 ne
995 1903 1239 1980 praecipitaturos
1262 1903 1338 1979 ipsos
1354 1919 1414 1976 pue·

361 2007 410 2046 roe
431 1985 644 2062 intellegamus,
668 1996 700 2044 ut
722 1988 938 2046 intransitivum
961 1989 1083 2046 verbum
1105 1988 1158 2058 sit,
1181 1989 1279 2045 obstet
1299 1984 1414 2044 minandi

361 2071 498 2142 verbum,
527 2071 605 2146 quod
626 2091 742 2141 eorum,
773 2074 822 2148 qui
845 2075 1007 2142 minantur,
1041 2073 1165 2131 aetionis
1188 2073 1413 2150 significationem

360 2157 494 2232 requirit.
537 2157 622 2230 Quod
645 2167 742 2214 eutem
765 2159 900 2218 Hendins
922 2158 972 2237 (ad
986 2157 1091 2234 Wopk.
1103 2178 1131 2234 p.
1149 2157 1200 2236 14)
1223 2159 1265 2216 sir.
1281 2159 1413 2216 rerbaor·

362 2243 457 2300 dinat:
490 2245 515 2297 e·
535 2244 654 2300 ltedealee
676 2246 822 2316 minatam,
850 2248 1021 2302 eetinoeecant
1044 2247 1270 2320 praecipitaturos
1296 2243 1412 2300 adeartde.

362 2345 499 2402 perverse
520 2345 640 2402 prorsus
662 2329 786 2386 actionis
808 2331 982 2406 significatio
1005 2327 1412 2405 separantraminandirerbo
1473 2353 1474 2364 ¹

363 2425 393 2469 et
416 2410 531 2489 (addito
554 2412 642 2470 etiam
664 2414 799 2490 alicunde)
822 2433 888 2472 cum
911 2415 1118 2472 extimescendi
1141 2415 1336 2490 coniungitur.
1357 2430 1410 2468 rum

362 2498 418 2554 hoc
440 2495 498 2554 dici
520 2497 639 2569 debeat,
673 2500 710 2557 ad
738 2500 865 2575 speciem
888 2500 1012 2576 periculi
1035 2501 1166 2556 timorem
1190 2500 1277 2570 oriri;
1307 2517 1356 2556 nec
1374 2517 1411 2554 er·

364 2587 469 2639 taceaco
488 2587 728 2658 praecipitaturum
750 2605 803 2660 pro
826 2605 870 2648 eo,
894 2587 973 2660 quod
995 2595 1054 2644 est:
1076 2589 1229 2654 maniaco,
1254 2607 1285 2642 ne
1305 2588 1359 2659 qua
1379 2600 1410 2634 ote

358 2670 525 2742 praecipitet,
549 2668 654 2726 Latine
677 2670 792 2728 dicitur.
836 2671 869 2729 si
897 2671 987 2747 igitur
1014 2671 1095 2729 locus
1122 2681 1201 2728 recte
1229 2672 1350 2746 scriptus
1375 2677 1411 2722 est

363 2752 432 2830 (nec
453 2751 545 2810 ullum
569 2763 613 2811 est
636 2755 732 2813 mendi
754 2755 1010 2832 iudiciumneque,
1034 2775 1108 2830 quae
1130 2757 1189 2814 elia
1212 2758 1349 2832 scriptura
1358 2769 1411 2808 esee

363 2837 501 2912 potuerit,
524 2837 610 2896 facile
633 2837 839 2920 excogitatur).
863 2842 1002 2900 omissum
1025 2851 1069 2898 est
1090 2851 1157 2898 ante
1175 2841 1411 2914 infinitivumpm·

362 2941 467 2979 nomen
489 2924 619 2982 eiusdem
642 2945 793 3000 personae,
817 2927 899 2984 enine
922 2927 1213 3002 verbnmpraecedit,
1238 2927 1313 3002 quod
1328 2923 1411 2982 inhoc

362 3027 468 3084 genere
489 3009 626 3068 infinitivi
648 3012 802 3086 compositi
818 3011 897 3086 apud
913 3012 1084 3071 Ciceronem
1106 3013 1148 3069 ite
1170 3031 1238 3069 raro
1261 3013 1301 3070 ct.
1321 3021 1350 3068 ut
1368 3008 1410 3064 du·

363 3093 534 3152 bitationem
557 3096 671 3153 hebeat.
715 3097 763 3154 Ex
784 3097 821 3154 iis
843 3097 931 3163 locis,
960 3115 1034 3172 quos
1056 3097 1125 3154 olim
1149 3098 1327 3172 (Emendatt
1347 3091 1411 3152 Tull·

362 3198 389 3254 p.
406 3177 480 3258 112)
501 3181 620 3256 protuli,
632 3200 722 3240 unum
734 3181 786 3261 (ad
797 3183 861 3240 Att.
873 3183 959 3240 XVI.
982 3185 1028 3252 ll,
1043 3181 1075 3257 8)
1098 3183 1231 3240 codicum
1244 3181 1346 3240 indicia
1364 3177 1410 3234 dio

362 3265 495 3336 trahunt,
518 3265 593 3324 alter
604 3267 655 3344 (ad
667 3269 730 3326 Ate
743 3270 784 3338 X,
798 3270 826 3338 7,
842 3267 873 3345 l)
884 3267 1028 3325 eiusmodi
1039 3269 1160 3324 verbum
1174 3268 1263 3325 habet
1274 3269 1369 3343 (pua).
1388 3261 1411 3316 1¹¹

362 3369 420 3424 quo
443 3352 534 3409 multo
555 3351 729 3410 insolentior
739 3372 775 3410 ea
786 3353 905 3411 omissio
916 3354 968 3422 sit;
992 3363 1021 3409 et
1032 3347 1171 3410 facillime
1183 3354 1317 3410 excidere
1334 3347 1411 3426 potuit

362 3455 409 3506 rae,
433 3433 630 3516 [ntsehieIL
649 3433 712 3517 88).
748 3439 880 3510 Rectam,
905 3439 955 3514 qui
978 3439 1090 3496 nullum
1109 3438 1206 3495 mendi
1224 3437 1357 3496 indicium
1371 3434 1411 3488 ha·
1470 3477 1471 3510 ,

362 3521 459 3591 beant,
478 3532 594 3596 praeter
605 3523 682 3580 hunc
693 3523 790 3580 locum
802 3524 860 3580 duo
873 3524 1072 3593 Verrinarum,
1090 3523 1115 3594 1,
1135 3525 1173 3580 97
1192 3535 1222 3580 et
1234 3524 1275 3590 11,
1294 3523 1343 3589 93,
1363 3532 1410 3575 tun

362 3625 415 3678 pro
427 3605 542 3665 Cluent.
559 3609 632 3664 176:
655 3609 700 3665 De
711 3609 759 3666 lma
771 3609 896 3666 Stratone
908 3641 945 3652 -
959 3611 1141 3683 qrtaeaituram
1153 3629 1210 3666 ecee
1221 3611 1299 3672 delcit,
1319 3609 1346 3664 in
1366 3619 1411 3676 qut>

363 3701 460 3750 tamen
472 3691 503 3749 id
514 3701 559 3750 est
569 3693 689 3763 insoliti,
713 3695 791 3768 quod
802 3694 919 3751 additur
929 3714 994 3765 ecee,
1008 3694 1052 3772 [et
1064 3715 1117 3770 pro
1128 3694 1193 3752 Mil.
1207 3695 1246 3752 96
1259 3694 1288 3751 in
1300 3691 1412 3750 codicum

362 3776 516 3853 scripture,
529 3778 580 3834 sed
591 3779 628 3835 ad
640 3779 844 3856 corrigendum
856 3779 1020 3857 facillima}
1043 3780 1147 3856 (Recte
1160 3779 1238 3836 enim
1251 3799 1269 3836 a
1280 3780 1411 3850 Kmegcrt

361 3863 398 3920 de
409 3863 583 3920 attractione
594 3884 623 3940 p.
636 3865 697 3922 338
709 3883 772 3939 sqq.
784 3865 970 3922 observatum
994 3875 1047 3932 est,
1070 3865 1219 3922 rarissime
1242 3865 1271 3922 id
1293 3861 1364 3938 apud
1378 3857 1411 3914 hi·
1469 3881 1470 3896 ¹

361 3949 494 4010 storieos.
506 3950 557 4024 qui
568 3950 623 4006 hoe
634 3969 726 4026 genus
732 3949 928 4025 frequentant,
940 3951 1018 4020 addi,
1027 3951 1106 4026 apud
1112 3950 1177 4007 Liv.
1185 3945 1411 4012 >avulsas-

362 4033 518 4106 XXXIII,
530 4036 580 4106 49,
592 4037 620 4106 4,
633 4037 699 4106 XL,
713 4039 741 4104 4,
755 4037 783 4106 8,
796 4037 895 4107 XLII,
912 4038 959 4106 10,
980 4037 1113 4104 limam
1130 4037 1231 4107 XLII,
1251 4031 1412 4108 ttamen

362 4118 451 4178 habet
472 4121 638 4196 rationem.)
683 4121 743 4180 Sed
759 4123 893 4196 quamvis
915 4122 988 4178 haec
1009 4140 1103 4196 pauca
1124 4122 1184 4179 sint
1205 4123 1347 4197 exempla,
1367 4131 1411 4173 non

362 4205 456 4263 audeo
478 4215 575 4265 tamen
592 4205 763 4266 eCicerone
786 4207 954 4264 abiudieare
977 4207 1006 4264 id
1029 4226 1130 4283 genus,
1154 4225 1212 4281 quo
1225 4207 1333 4265 Caesar
1342 4215 1412 4274 eacpt

362 4289 455 4348 utitur
477 4301 595 4350 etanta
617 4291 774 4350 Terentius
786 4291 894 4369 (Andr.
909 4293 950 4359 II,
965 4292 993 4363 3,
1007 4291 1071 4368 27).
1104 4293 1139 4350 In
1161 4290 1263 4350 futuro
1286 4285 1412 4348 condicio·
1468 4275 1469 4321 1

364 4373 424 4432 nali
446 4372 592 4456 (dictamen
597 4373 700 4458 scaea)
722 4395 883 4452 pronomen
894 4377 1004 4436 omittit
1015 4379 1079 4436 cod.
1091 4380 1160 4436 Vat.
1166 4377 1296 4453 Philipp.
1304 4373 1381 4440 tun,
1393 4369 1414 4424 2-
