2998 5020
429 433 473 477 nr
495 432 575 478 man.
593 431 654 477 nm.
673 433 694 479 v
716 432 788 478 cae.
809 434 831 480 r.
1105 416 1165 480 637
1240 427 1242 432 ⁴

102 601 134 664 hi
151 601 318 682 principes:
340 601 507 682 voluptatis
518 600 708 690 Aristippus
730 620 790 665 non
813 601 935 666 dolendi
952 602 1168 684 Hieronymus

101 701 223 767 fruendi
245 703 339 768 rebus
358 703 405 782 iis,
427 721 506 784 quas
522 702 639 783 primas
655 704 823 766 secundum
846 709 988 768 naturam
1011 705 1168 770 essedixi-

102 823 180 884 muS,
203 805 376 870 Carneades
398 825 458 868 non
480 805 531 868 ille
552 803 675 885 quidem
696 811 813 884 auctor,
836 805 1047 871 seddeiensor
1069 809 1167 872 disse·

102 907 190 970 rendi
213 906 392 971 causa‘iuit
426 907 609 988 Superiores
632 913 695 971 tres
717 914 814 986 erant,
837 925 916 988 quae
937 927 1006 972 esse
1026 917 1168 990 possent:

101 1027 233 1090 quarum
254 1017 302 1073 est
323 1029 386 1073 una
407 1009 474 1074 sola
495 1008 622 1074 defensa
644 1027 742 1090 eaque
764 1009 968 1075 vehementer.
1011 1012 1091 1074 Nam
1113 1019 1206 1081 vo-i)

99 1110 229 1190 luptatis
251 1129 344 1176 causa
365 1109 466 1176 iacere
478 1112 588 1190 omnia,
610 1130 688 1190 cum,
705 1111 827 1176 etiamsi
845 1112 917 1176 nihil
935 1131 1167 1194 consequamur,

98 1219 205 1276 tamen
231 1213 331 1293 ipsum
358 1213 433 1278 illud
465 1214 624 1279 consilium
650 1215 695 1278 ita
721 1213 850 1278 faciendi
879 1235 936 1297 per
963 1234 997 1279 se
1023 1221 1167 1297 expeten-

98 1315 175 1378 dum
205 1321 236 1378 et
263 1315 426 1381 honestum
452 1322 484 1381 et
510 1317 609 1381 solum
636 1317 751 1380 bonum
784 1317 839 1394 sit,
872 1335 960 1382 nemo
987 1317 1071 1382 dixit.
1120 1319 1168 1383 Ne

98 1417 279 1482 vitationem
301 1420 423 1500 quidem
445 1419 561 1483 doloris
582 1420 682 1500 ipsam
704 1438 762 1499 per
783 1437 817 1484 se
840 1419 1001 1501 quisquam
1022 1420 1054 1484 in
1075 1421 1168 1485 rebus

97 1521 279 1601 expetendis
301 1521 434 1603 putavit,
464 1521 523 1586 nisi
545 1522 637 1586 etiam
660 1521 775 1586 evitare
803 1531 918 1602 posset
962 1525 1005 1586 At
1025 1541 1099 1587 vero
1121 1521 1167 1587 ia·
1188 1533 1229 1596 10

171 1714 192 1758 ὃ,
213 1718 260 1758 tarn
278 1723 334 1774 {pro
352 1710 453 1773 corrr)L
488 1718 661 1773 eonaepuaatur
681 1710 700 1758 ia
747 1714 767 1756 7.
785 1719 831 1758 tom
851 1716 925 1774 ipsam
946 1712 986 1760 LR
1029 1716 1052 1759 8.
1071 1721 1168 1760 etanta

95 1781 174 1826 rodurn
188 1794 237 1828 om.
258 1779 278 1825 1⁴]
313 1778 369 1826 dicit
390 1778 522 1830 LPttuor.
564 1785 591 1826 10
620 1778 745 1842 praeridit
781 1797 809 1826 ne
825 1784 848 1827 ei
867 1785 920 1842 ipro
940 1780 993 1838 reici)
1011 1795 1104 1839 omnes,
1124 1781 1166 1830 Or.

96 1862 157 1895 curn
177 1856 237 1894 nota
255 1847 336 1896 mendi
370 1847 485 1911 poeaitL

188 2003 260 2060 Nam
283 2007 425 2080 oolrrptnb'a
446 2023 529 2061 caasa
545 2005 640 2078 secere
661 2007 749 2060 mairia
771 2005 840 2078 cet.)
874 2003 924 2064 Sic
946 2007 1106 2064 orationem
1129 2007 1167 2063 ab

95 2089 244 2146 infinitivo
255 2109 339 2148 orsus
351 2099 404 2161 est,
417 2091 499 2165 quasi
512 2090 695 2146 subiecturus
707 2099 797 2146 esset:
810 2111 882 2146 :terreo
898 2095 1070 2166 eopetendom
1079 2103 1167 2167 potat,

97 2196 175 2232 immo
196 2196 325 2232 enormem
348 2177 441 2232 honrem
463 2179 528 2233 dicit
549 2185 601 2232 aut
622 2175 717 2234 simile
734 2177 819 2249 quid:
842 2176 954 2248 deinde,
978 2179 1055 2252 quod
1077 2179 1166 2236 inter·

95 2271 238 2338 posuerat
259 2262 323 2318 illa:
345 2281 403 2319 crem
415 2295 455 2302 -
467 2265 551 2318 solam
573 2263 668 2318 honam
689 2265 732 2332 sit,
755 2261 864 2319 oblitus
886 2263 962 2320 initii
983 2264 1168 2339 posuitdiait.

96 2350 204 2421 Itaque
228 2348 386 2404 Lambinus
408 2348 526 2423 scripsit
540 2349 671 2420 socienda
693 2367 757 2404 esce.
786 2344 909 2428 [Lenius
932 2359 1007 2406 erat:
1030 2353 1167 2425 sefacere

95 2436 197 2504 ornum,
221 2443 250 2490 et
271 2433 394 2490 fortasse
417 2434 459 2490 sic
481 2433 585 2491 Cicero
596 2432 738 2510 scripsit]
770 2434 805 2490 ln
818 2435 962 2509 particula
978 2455 1045 2504 cum,
1068 2437 1167 2511 inqua

97 2521 155 2577 Tb.
170 2519 320 2576 Bentleius
343 2531 372 2576 et
394 2519 469 2576 Dav.
493 2521 657 2590 haeserunt,
681 2517 774 2578 Gaius
785 2521 908 2590 erravit,
931 2521 972 2578 ita
989 2521 1168 2597 significatur

97 2623 190 2662 causa
212 2606 309 2662 omnia
337 2615 457 2681 propter
479 2605 659 2681 voluptatem
687 2603 828 2676 faciendi,
863 2615 896 2662 ut
923 2607 1009 2663 simui
1036 2608 1066 2664 in
1093 2609 1168 2665 banc

97 2691 302 2748 secumdariam
325 2692 499 2748 sententiam
521 2691 688 2748 includatur
709 2692 748 2762 id,
772 2691 979 2768 quodproprie
995 2712 1059 2750 cum
1072 2693 1167 2751 infini-

97 2777 161 2835 tivo
184 2777 320 2853 coniunffl'
343 2778 482 2834 debebat:
504 2780 608 2833 etiamsi
628 2778 695 2834 nibil
715 2795 915 2852 consequamur.
949 2778 1049 2856 [Quod
1071 2781 1167 2836 estin

98 2864 160 2920 ml.
185 2872 214 2919 et
237 2864 270 2930 B,
293 2865 362 2919 dieii
383 2863 550 2920 coniectura
565 2873 756 2939 praeceperat
777 2865 946 2936 Lambinus,
969 2876 999 2921 et
1021 2867 1168 2940 praecedit

96 2959 134 3005 eet
147 2951 270 3023 damea,
293 2949 425 3023 sequitur
431 2955 548 3024 putauit.
576 2949 754 3025 Repugnant
765 2949 830 3006 illa:
852 2969 911 3006 com
925 2984 961 2993 —·
975 2970 1168 3026 omiseqrtamor

98 3069 137 3076 -
162 3040 212 3103 ait:
235 3034 286 3092 sed
308 3035 381 3091 hanc
404 3044 567 3110 temporum
590 3034 815 3092 inconstantiam
837 3034 924 3093 facile
945 3035 1081 3108 ferimus3
1114 3037 1166 3094 cir.

97 3121 133 3177 ad
157 3122 183 3192 1,
197 3121 252 3190 633
275 3121 372 3194 itaque
395 3131 463 3196 post
484 3119 635 3177 Baiterum
657 3119 779 3198 recepi]

184 3210 238 3263 m'ar'
247 3209 324 3262 edem
336 3215 435 3262 enitare
443 3208 547 3284 posset)
569 3207 604 3264 ln
621 3207 715 3264 altera
737 3207 881 3264 sententia
903 3227 1046 3266 summum
1059 3211 1166 3266 bonum

99 3292 265 3368 ponebatur
279 3295 374 3367 secere
395 3296 482 3350 omitia
504 3312 554 3349 non
577 3295 685 3349 dolendi
704 3311 796 3356 causa,
819 3297 924 3350 etiamsi
944 3296 973 3350 id
993 3298 1103 3370 assequi
1122 3315 1167 3352 ae-

98 3397 198 3453 pueue,
226 3379 281 3435 hoc
303 3387 363 3448 est,
398 3387 431 3435 ut
456 3379 523 3435 aliis
551 3379 649 3435 verbis
675 3378 753 3436 idem
776 3379 903 3449 dicatur,
937 3381 1052 3437 dolorem
1074 3384 1166 3452 m'tore,

98 3468 203 3521 etiami
224 3467 322 3522 euitare
343 3485 393 3521 aon
413 3467 511 3539 possea.
556 3463 647 3543 (Nam
675 3468 787 3536 emtore,
814 3473 848 3521 ut
868 3467 994 3539 effupere,
1023 3467 1167 3544 significa·

99 3551 208 3608 tionem
232 3550 321 3607 habet
342 3549 471 3622 effectus,
494 3555 577 3607 nitore
599 3561 735 3621 conatus;
759 3549 871 3610 Seneca
883 3551 937 3627 Ep.
951 3553 1000 3624 93,
1017 3556 1068 3609 12:
1095 3553 1169 3622 oeta

98 3647 185 3694 aidan
197 3639 237 3693 od
247 3656 302 3693 rem
310 3639 431 3711 pertinet,
455 3656 536 3711 queam
548 3639 595 3693 dia
617 3640 716 3708 vitea,
740 3639 813 3712 qood
835 3640 964 3694 evitare
980 3659 1031 3696 non
1043 3638 1167 3715 ponaer)

99 3723 203 3798 Itaque
227 3723 278 3797 qui
299 3723 374 3779 hanc
397 3723 570 3780 sententiam
593 3742 651 3780 non
674 3724 780 3798 probat
801 3732 831 3779 et
841 3723 908 3798 plus
919 3725 1051 3798 requirit,
1073 3727 1099 3782 is
1117 3745 1166 3782 ne-

98 3821 156 3884 gat,
180 3808 352 3866 vitationem
375 3808 484 3866 doloris
506 3809 614 3866 bonum
637 3828 711 3882 esse,
734 3809 790 3866 nisi
813 3810 878 3883 quis
890 3829 955 3866 eum
968 3812 1055 3868 etiam
1068 3811 1166 3884 evitet,

99 3895 152 3952 hoc
176 3905 230 3965 est,
253 3894 309 3951 nisi
333 3895 509 3951 vacuitatem
532 3895 641 3952 doloris
665 3905 868 3970 consequatur.
909 3896 1002 3972 Copia
1024 3899 1165 3971 quaedam

100 3981 242 4038 naturalis
264 3981 404 4037 orationis
427 3980 456 4036 in
480 4000 514 4037 eo
537 3991 589 4052 est,
613 3981 691 4054 quod
712 3981 813 4038 addita
834 3981 886 4038 illa
903 3985 990 4056 mcum
1002 4003 1093 4060 perse
1109 3984 1166 4040 iam

100 4067 340 4143 significationem
363 4067 473 4123 habent
493 4067 570 4137 eius,
599 4067 677 4141 quod
699 4076 852 4143 praeterea
878 4069 1057 4142 requiratur,
1092 4088 1166 4144 quae

100 4154 235 4228 expletur
256 4153 311 4208 bac
334 4153 493 4211 sententia:
515 4156 568 4208 rarsi
589 4156 666 4209 ettam
689 4163 742 4210 cet.
776 4153 811 4209 In
824 4154 924 4210 codice
941 4155 1100 4232 archetypo
1113 4175 1166 4231 pro

101 4242 151 4296 nisi
171 4240 313 4315 scriptum
335 4247 399 4296 erat
420 4259 452 4296 ne
473 4243 498 4295 ai
518 4237 565 4316 (ut
587 4247 688 4296 contra
710 4245 724 4309 ξ
749 4239 787 4296 55
816 4242 869 4296 nisi
889 4243 1085 4298 iracundissimo
1107 4245 1166 4316 qoi-

101 4327 157 4382 dem
179 4345 234 4402 pro
256 4345 288 4382 ne
309 4329 335 4382 si
354 4329 404 4383 iac.
423 4325 492 4400 pa).
514 4326 550 4383 Id
572 4327 707 4383 mendum
730 4325 856 4384 Ursinus
879 4327 1007 4385 correxit
1034 4326 1166 4408 (codicis,

101 4421 132 4468 ut
152 4413 275 4484 solebat,
299 4413 396 4488 specie
407 4413 516 4488 utens),
540 4431 592 4469 nec
603 4423 710 4484 tannen,
734 4413 803 4487 qnia
821 4413 1092 4490 interpretationem
1108 4435 1166 4473 non
