2956 5028
293 359 356 422 230
686 377 730 420 nn
753 376 884 424 nmmos
907 378 977 424 nou.

292 563 386 625 posse
417 561 448 607 sc
480 544 604 608 vivere?
648 543 729 620 Quid
757 546 880 626 turpius
908 565 1002 627 quam
1030 545 1181 626 sapientis
1209 546 1304 610 dmm
1334 563 1372 610 ex

291 646 501 727 insipientium
524 663 667 710 sermone
689 648 848 728 pendere?
893 648 975 726 Quid
1003 665 1078 728 ergo
1105 647 1164 711 hoc
1190 646 1257 712 loco
1280 647 1372 712 intel-

291 748 367 828 legit
387 747 574 811 honestum?
615 747 707 812 Certe
730 749 814 828 nihil,
838 749 897 814 uisi
920 750 1004 829 quod
1025 749 1127 830 possit
1149 748 1251 830 ipsum
1273 766 1372 830 prop-

291 855 341 913 ter
364 868 398 913 se
420 849 488 913 iure
509 849 640 914 laudari.
684 850 765 914 Nam
788 851 815 915 si
837 859 969 933 propter
991 851 1198 932 voluptatem,
1221 868 1301 930 quae
1323 859 1375 914 est

253 951 353 1016 bista
374 951 457 1028 laus,
480 969 561 1030 quae
582 952 684 1032 possit
704 971 722 1017 e
744 953 872 1017 macello
894 953 980 1033 petil
1021 951 1092 1016 Nou
1114 952 1143 1016 is
1166 951 1214 1014 vir
1236 959 1300 1028 est,
1328 960 1373 1029 ut,

291 1071 360 1116 cum
382 1051 576 1116 honestatem
598 1071 635 1117 eo
657 1053 724 1117 loco
747 1053 872 1133 habeat,
906 1061 942 1118 ut
963 1055 1029 1118 sine
1056 1071 1093 1117 ea
1120 1053 1253 1117 iucunde
1279 1061 1375 1134 neget

290 1171 385 1236 posse
419 1153 494 1231 vivi,
526 1154 602 1219 illud
636 1154 813 1232 honestmn,
845 1156 930 1236 quod
952 1155 1105 1236 populare
1127 1153 1182 1230 sit,
1205 1154 1319 1219 sentiat
1341 1165 1375 1219 et

290 1256 359 1321 sine
380 1275 417 1320 eo
441 1262 535 1337 neget
559 1255 693 1320 iucunde
715 1257 775 1319 vivi
798 1275 906 1337 posse,
940 1265 994 1321 aut
1016 1256 1186 1337 quidquam
1208 1256 1292 1319 aliud
1315 1256 1373 1320 ho-

291 1365 414 1424 nestum
441 1357 612 1438 intellegat,
645 1357 705 1421 nisi
732 1358 817 1437 quod
845 1358 885 1422 sit
913 1366 1032 1422 rectum
1058 1357 1224 1439 ipsumque
1246 1376 1305 1438 per
1327 1376 1374 1434 se,

201 1523 218 1557 e
233 1461 275 1525 10
292 1477 350 1523 sua
372 1459 411 1534 vi,
435 1477 492 1523 sua
514 1467 635 1539 sponte,
659 1477 717 1522 sua
739 1466 852 1523 natura
873 1459 1039 1524 laudabile.

376 1561 459 1624 XVI.
504 1561 554 1625 51.
589 1561 713 1642 Itaque,
748 1561 921 1642 Torquate,
961 1579 1030 1627 cum
1063 1561 1197 1638 diceres,
1236 1560 1374 1624 clamare

290 1662 473 1743 Epicurum,
501 1681 562 1726 non
585 1679 679 1743 posse
701 1661 834 1726 iucunde
856 1663 934 1740 vivi,
958 1662 1017 1726 nisi
1039 1663 1169 1727 honeste
1191 1669 1224 1725 et
1245 1662 1373 1743 sapien-

290 1771 339 1828 ter
361 1773 393 1828 et
412 1764 493 1828 iuste
515 1764 681 1841 viveretur,
704 1763 828 1844 tuipse
850 1763 925 1828 mihi
941 1763 1068 1846 gloriari
1079 1763 1234 1828 videbare.
1268 1763 1374 1827 Tanta

289 1865 337 1930 vis
359 1866 461 1929 inerat
486 1865 518 1928 in
546 1865 648 1929 verbis
671 1875 802 1945 propter
822 1883 930 1930 earum
952 1884 1070 1942 rerum,
1104 1883 1185 1946 quae
1214 1863 1372 1946 siguifica-

231 1971 272 2034 15
289 1967 403 2031 bantur
425 1967 472 2030 his
495 1967 612 2044 verbis,
635 1966 832 2046 dignitatem,
854 1972 890 2031 ut
911 1967 1003 2031 altior
1025 1966 1133 2044 lieres,
1156 1973 1191 2029 ut
1212 1965 1373 2030 interdum

288 2068 464 2146 insisteres,
488 2075 522 2130 ut
544 2085 601 2130 nos
623 2067 747 2131 intuens
769 2067 859 2146 quasi
881 2067 1100 2146 testificarere,
1122 2066 1243 2131 laudari
1272 2066 1372 2130 hone-

289 2175 403 2233 statem
430 2177 462 2233 et
489 2169 636 2232 iustitiam
658 2169 825 2249 aliquando
848 2169 888 2233 ab
910 2169 1055 2250 Epicuro.
1101 2169 1201 2246 Quam
1223 2173 1254 2231 tc
1276 2168 1372 2232 dece-

289 2270 344 2334 bat
365 2270 402 2334 iis
424 2271 526 2335 verbis
548 2271 606 2348 uti,
629 2271 742 2351 quibus
764 2269 791 2334 si
814 2270 990 2352 philosophi
1013 2290 1075 2335 non
1097 2277 1273 2344 uterentur,
1297 2269 1370 2350 phi-

328 2445 426 2504 lposre
436 2439 512 2489 viam
522 2456 616 2490 omues.
624 2457 695 2504 posue
705 2439 754 2489 vivi
761 2439 805 2488 Or.
829 2439 1006 2504 2.pead.serm.
1020 2441 1037 2488 l?
1063 2439 1208 2504 hpetimrli
1233 2439 1369 2488 &iucunde

289 2517 355 2574 nepot
373 2508 537 2557 LPMCthr.
566 2507 679 2573 [iocunde
698 2507 732 2575 A]
758 2525 829 2572 posse
847 2508 897 2557 vivi
912 2507 986 2558 utcu
1014 2513 1036 2558 s.
1048 2507 1122 2572 ipsum
1133 2507 1197 2571 quod
1216 2507 1371 2571 pacatos

286 2586 384 2642 propter
400 2593 427 2626 ae
445 2577 466 2624 L
521 2582 559 2628 to.
578 2593 623 2626 sao
641 2586 698 2636 not,
716 2585 853 2640 warpoute
871 2577 937 2629 sor,
955 2585 1100 2626 manatura
1118 2581 1150 2626 sit
1167 2585 1250 2639 apeme
1269 2577 1370 2625 PMCR

288 2663 308 2695 ι.
327 2662 349 2694 a.
367 2644 492 2709 spatiis
540 2650 577 2694 13.
595 2645 683 2694 tumE
731 2649 768 2693 16.
787 2645 949 2707 teutficart'h]
971 2643 1098 2708 incuicare
1119 2643 1202 2712 [A¹]L
1258 2647 1295 2692 17.
1319 2643 1369 2710 [di-

288 2714 355 2763 cebat
374 2713 420 2781 ΔΙ]
463 2719 498 2760 ts.
517 2712 553 2762 lb
574 2712 760 2780 [Albucltor

288 2888 449 2944 qroemqoom
461 2868 572 2940 audire,
585 2869 663 2944 quod
675 2869 811 2926 Bremius
819 2869 947 2938 volebat,
960 2867 1104 2926 sermonis
1115 2869 1192 2925 ratio
1203 2887 1261 2925 non
1271 2869 1371 2925 minus

288 2962 379 3023 vetat,
402 2971 489 3028 quam
514 2954 561 3027 (de
583 2973 641 3029 quo
664 2955 733 3012 olim
758 2953 814 3029 Op.
833 2955 927 3011 Acad.
941 2955 996 3029 lp.
1010 2955 1049 3010 50
1067 2954 1106 3010 ad
1122 2955 1226 3011 Iuveu.
1243 2953 1301 3024 111,
1327 2954 1370 3010 93

289 3037 417 3115 scripsi),
441 3057 506 3096 cum
530 3039 572 3094 sic
594 3039 805 3116 interrogetur:
828 3041 872 3096 Aa
896 3043 987 3096 credor
1008 3047 1066 3096 cst?
1094 3039 1195 3095 audire
1213 3041 1370 3112 qumquam.

288 3124 393 3198 Itaque
421 3136 474 3181 aut
500 3135 578 3197 ceput
607 3144 687 3199 posse
715 3143 768 3200 pro
797 3135 874 3197 tropat
898 3144 980 3199 posse
1012 3144 1040 3180 se
1073 3123 1167 3199 accipi
1196 3123 1284 3180 debet
1316 3135 1371 3180 aut

289 3208 383 3288 [quod
405 3227 482 3265 nunc
499 3227 563 3266 cum
588 3209 708 3266 Baitero
730 3207 803 3287 feci]
825 3229 853 3266 se
875 3209 953 3266 addi.
997 3209 1037 3266 Et
1058 3219 1156 3265 tannen
1180 3207 1284 3267 Cicero
1307 3216 1372 3266 tam

289 3313 377 3370 saepe
401 3293 523 3350 alteram
546 3293 671 3351 formam
693 3291 774 3374 (mhi)
797 3303 917 3350 etanta
940 3303 969 3351 et
991 3304 1059 3370 post
1075 3293 1215 3362 servavit,
1238 3304 1268 3350 ut
1287 3295 1373 3350 credi

288 3380 340 3436 vix
363 3378 470 3454 possit,
500 3379 556 3436 hoc
578 3397 637 3436 uno
664 3379 730 3436 loco
759 3398 825 3435 eum
848 3379 885 3436 ab
908 3398 944 3436 ea
966 3379 1144 3436 discessisse.
1190 3377 1279 3456 [Cum
1303 3380 1373 3435 uni-

289 3483 373 3522 verse
396 3464 517 3534 dicitur,
541 3465 629 3521 etiam
652 3464 798 3539 Epicurus
820 3465 1088 3540 comprehenditur,
1111 3475 1140 3520 et
1163 3463 1283 3520 omnino
1307 3463 1374 3520 rita

288 3549 376 3626 plene
398 3549 526 3606 iucunda
547 3549 579 3605 in
601 3549 665 3607 solo
693 3551 825 3624 sapiente
854 3548 941 3626 erat]
993 3550 1098 3624 Itaque
1131 3548 1284 3624 probabile
1314 3559 1372 3611 est.

289 3634 368 3710 quod
402 3643 469 3709 post
490 3634 666 3692 Lambinum
695 3645 724 3691 et
752 3636 808 3692 Th.
832 3635 998 3691 Bentleium
1021 3635 1071 3691 alii
1095 3633 1261 3703 ediderant,
1287 3653 1375 3708 posse

288 3723 349 3777 civi.
393 3719 505 3776 Eodem
528 3738 627 3776 errore
650 3719 680 3776 in
704 3721 792 3777 Tusc.
815 3721 879 3787 ΙΠ,
908 3721 947 3776 ab
971 3720 1084 3794 aliquot
1106 3719 1222 3775 codices
1244 3719 1374 3776 habent:

289 3804 379 3878 Nepet
402 3805 541 3878 Epicurus
563 3807 677 3862 iucunde
696 3825 776 3880 posse
799 3809 898 3874 vivere,
933 3805 984 3862 ubi
1018 3804 1155 3862 meliores
1188 3812 1287 3860 tenent
1316 3807 1377 3862 viar*

289 3890 334 3968 (et
355 3889 526 3965 adiungitur
548 3893 601 3946 adsi
620 3909 678 3947 cum
702 3893 799 3946 certate
825 3889 986 3963 vivatur).

375 3977 515 4050 tpsumque
537 3996 652 4032 —suo
673 3975 779 4050 monte)
808 3975 858 4034 Sic
881 3975 969 4032 etiam
992 3975 1057 4032 Pal.
1084 3977 1097 4031 1
1123 3983 1152 4030 et
1176 3973 1253 4049 Spir.
1277 3973 1375 4045 (Vici.

290 4059 353 4116 cod.
384 4059 488 4116 saltem
521 4080 573 4117 sua
602 4060 723 4136 sponte);
756 4059 886 4118 restituit
907 4058 1070 4127 Gruterns3
1104 4059 1195 4115 ceteri
1218 4058 1312 4128 codd,
1337 4071 1374 4116 ut

289 4144 382 4200 nostri
416 4143 586 4203 deteriores.
637 4145 779 4205 Ordinem
813 4145 901 4202 etiam
936 4145 1093 4202 verborum
1116 4163 1132 4200 e
1156 4143 1220 4201 Pal.
1248 4145 1260 4200 l
1287 4142 1373 4202 Gru-

289 4237 369 4285 terus
392 4230 525 4304 sumpsit.

376 4312 448 4390 Cap.
461 4315 548 4381 XVI,
573 4317 622 4372 51.
668 4317 709 4371 le
731 4316 817 4371 verbis
839 4317 886 4382 uli,
910 4313 1022 4392 qulbus)
1044 4314 1113 4372 Non
1135 4323 1216 4376 recte
1237 4313 1374 4372 Orellius
