2920 5012
330 371 373 437 56
722 393 767 438 uu
788 369 920 440 sumus
941 391 1014 438 sou.

330 557 530 626 Metrodorus
550 567 607 628 aut
627 560 792 643 quisquam
812 579 935 641 eorum,
967 560 1022 644 qui
1048 567 1104 627 aut
1129 567 1256 644 saperet
1286 561 1397 644 aliquid

401 772 421 820 l.
441 785 496 818 uero
514 777 540 818 ta
558 776 600 816 out
618 768 675 832 (pro
692 763 845 816 Metrodorus
862 769 915 830 out)
941 763 986 834 [A]
1007 765 1127 817 ututur.
1145 783 1200 818 uero
1221 767 1278 818 troii
1297 775 1341 818 out
1357 767 1399 816 PR

330 852 386 886 vero
407 846 431 886 tu
454 836 541 887 Tituri
556 836 636 887 auc

372 1064 457 1120 neque
468 1045 641 1114 Metrodorus
653 1041 808 1122 [inpriore
821 1044 949 1102 editione
961 1062 1045 1118 neque
1055 1063 1117 1102 uero
1129 1041 1171 1122 tu]
1183 1054 1231 1102 out
1242 1043 1398 1119 qusquam)

329 1129 416 1204 Quod
427 1131 458 1188 iu
470 1132 544 1189 ed.I
560 1139 618 1188 est:
641 1149 725 1205 neque
746 1149 807 1187 vero
823 1141 861 1200 tu,
889 1130 989 1200 Tnan',
1006 1140 1055 1187 aut
1070 1133 1223 1205 quisquerat,
1246 1137 1400 1187 tenuerunt

327 1217 417 1288 vict,
440 1215 543 1288 (irunt,
577 1215 740 1274 Ernestius.
794 1217 973 1274 Vocativum
1007 1233 1101 1290 neque
1133 1216 1288 1273 Palatinus
1320 1216 1397 1272 ullus

327 1301 418 1360 habet
450 1321 560 1377 neque,
594 1311 628 1360 ut
654 1301 785 1373 videtur,
819 1300 932 1370 Oxon.;
966 1301 1107 1358 Davisius
1129 1301 1159 1358 in
1182 1309 1217 1358 e'o
1240 1301 1398 1358 omittendo

327 1406 387 1446 uuo
419 1397 539 1446 auctore
572 1387 665 1445 utitur
691 1387 791 1444 codice
824 1387 915 1460 Bau,
950 1387 1043 1446 Gaius
1070 1386 1132 1444 Eri.
1160 1395 1189 1442 et
1217 1385 1294 1464 Spir.
1338 1387 1401 1444 Nee

328 1473 478 1532 Triarium
491 1473 596 1533 Cicero
618 1472 666 1530 hic
688 1472 857 1547 alloquitur,
881 1491 975 1548 neque
999 1471 1116 1532 Stoicus
1139 1472 1199 1550 (11,
1226 1467 1302 1553 119)
1324 1472 1402 1529 inter

327 1558 506 1636 Epicureos,
536 1578 555 1616 a
577 1559 684 1633 quibus
706 1558 868 1616 desciscere
890 1559 1043 1634 Torquato
1065 1576 1124 1615 non
1146 1558 1263 1630 liceret,
1296 1557 1401 1615 referri

327 1645 433 1720 potuit.
477 1645 621 1702 Perverse
644 1652 742 1701 tamen
765 1644 884 1720 scripsit
905 1643 1024 1716 Cicero,
1058 1643 1084 1701 si
1105 1645 1161 1716 ita,
1194 1643 1400 1713 medebatur,

327 1730 453 1805 scripsit
497 1731 575 1788 Nem
599 1747 666 1786 cum
688 1730 871 1804 Torquatum
894 1730 1064 1800 admoueat,
1098 1747 1156 1788 uon
1184 1728 1273 1786 licere
1300 1729 1344 1796 ei,
1378 1727 1402 1786 si

326 1834 413 1873 verus
437 1815 600 1892 Epicureus
628 1833 692 1872 esse
719 1815 806 1886 velit,
841 1815 893 1872 illo
920 1816 1008 1872 modo
1036 1815 1211 1872 sententiam
1234 1812 1402 1882 defendere,

326 1901 396 1976 quid
429 1901 467 1958 ad
499 1920 560 1958 rem
593 1901 735 1976 pertinet,
770 1901 840 1976 quid
872 1901 936 1975 ipse
970 1903 1138 1976 Torquatus
1172 1911 1239 1958 ante
1273 1897 1401 1957 dixerit?

327 1985 453 2046 Suholae
476 1986 642 2044 constantia
663 1987 919 2044 commemoranda
946 1987 1010 2044 sola
1031 1995 1103 2044 erat
1146 1986 1186 2044 Et
1208 1986 1258 2060 qui
1285 1993 1406 2061 poterat

326 2071 432 2130 Cicero
454 2070 529 2130 illud
551 2072 641 2142 scire,
675 2090 800 2146 quocum
824 2073 994 2146 Torquatus
1016 2089 1175 2146 numquam
1197 2079 1265 2128 ante
1288 2071 1323 2127 de
1348 2071 1404 2128 hac

325 2175 357 2214 re
381 2156 497 2215 locutus
519 2157 648 2236 esset&
674 2155 747 2234 14)?
792 2156 887 2236 (Nam
903 2158 982 2232 quod
995 2156 1087 2216 Gaius
1110 2157 1147 2214 ad
1170 2167 1197 2214 tu
1220 2157 1315 2214 audiri
1338 2157 1405 2214 vult

325 2243 498 2316 defenderes,
531 2243 658 2319 primum
689 2262 747 2300 non
776 2251 874 2319 potest
900 2243 1071 2301 ullomodo
1094 2241 1264 2300 sicmutari
1285 2241 1405 2299 intelle·

325 2329 423 2405 gendo
446 2329 529 2385 verbi
552 2329 655 2386 modus
677 2329 707 2386 in
730 2348 807 2387 novo
830 2329 962 2386 subiecto
984 2347 1143 2405 peraeque
1164 2328 1311 2398 adiuncta
1336 2347 1406 2385 cum

328 2413 502 2490 praesertim
524 2414 554 2471 in
577 2418 721 2489 quisquam
743 2415 880 2471 redeatur
901 2415 939 2471 ed
961 2415 1094 2489 dejasdit3
1117 2413 1222 2471 deiude
1249 2413 1337 2471 nimis
1361 2415 1405 2471 le-

328 2497 396 2574 pide
419 2498 523 2558 Cicero
545 2500 729 2574 Torquatum
751 2500 903 2570 admouet,
931 2520 968 2558 ne
991 2501 1021 2558 id
1043 2500 1137 2570 dicat,
1170 2499 1249 2574 quod
1270 2499 1407 2557 dicturus

327 2603 386 2642 nou
410 2585 462 2642 sit:
484 2605 516 2642 ne
530 2587 647 2660 seorsum
670 2605 732 2642 nom
753 2605 804 2642 noa
821 2582 954 2664 faceres.)
998 2587 1082 2642 Haeo
1103 2584 1289 2643 incommodo
1310 2586 1408 2642 sensit

328 2669 363 2728 P.
386 2671 537 2728 Manutius
569 2670 774 2745 intellexitque
807 2672 883 2728 inter
909 2671 1031 2748 Epicuri
1064 2689 1170 2728 nomeu
1197 2679 1228 2728 et
1253 2669 1321 2727 illa:
1358 2680 1408 2728 aut

328 2759 472 2830 quisquam
494 2763 562 2833 apte
585 2755 657 2814 nihil
687 2757 768 2814 aliud
790 2756 937 2833 interponi
959 2775 1046 2833 posse
1069 2756 1128 2815 nisi
1149 2755 1326 2832 praestantia
1351 2757 1409 2815 ali-

328 2841 411 2899 cuius
438 2842 547 2900 veteris
568 2842 708 2918 Epicurei
735 2861 852 2899 nomeu.
905 2842 986 2919 Ergo
1019 2841 1101 2900 venit
1133 2842 1161 2899 ei
1193 2842 1223 2898 in
1257 2849 1407 2899 mentem:

327 2945 411 3002 nequa
433 2929 605 2985 Metrodorus
626 2938 674 2984 out
695 2931 848 3002 pruisquam.
871 2928 944 2986 scite
965 2928 1079 2998 hercle3
1108 2927 1302 3003 nequeenim
1324 2927 1409 2986 elius

327 3012 425 3088 aptior
451 3012 519 3070 huic
546 3013 611 3070 loco
639 3031 726 3087 quam
750 3013 871 3089 Epicuri
894 3015 1007 3090 collega
1029 3013 1191 3090 sapientiae
1214 3012 1286 3090 (vid.
1303 3013 1343 3070 ud
1362 3015 1407 3084 11,

329 3099 372 3170 t).
417 3097 476 3158 Sed
509 3099 573 3174 ipse
595 3118 613 3156 a
639 3099 722 3157 libris
755 3098 872 3176 longius
905 3099 961 3156 hoc
993 3099 1144 3157 discedere
1177 3098 1350 3168 confitetur,
1389 3119 1409 3156 a

327 3183 498 3241 melioribus
516 3185 703 3260 praesertim
726 3203 793 3241 nam
815 3185 868 3242 illo
890 3193 1023 3260 spectare
1045 3185 1140 3242 videri
1162 3183 1276 3260 possint
1295 3183 1352 3240 illa
1376 3187 1409 3242 in

327 3268 536 3327 deterioribus:
565 3291 649 3345 aeque
671 3291 731 3327 uero
759 3274 821 3327 troii
846 3265 948 3351 (etiam
970 3270 1002 3327 in
1023 3269 1174 3328 veteribus
1195 3269 1279 3327 libris
1301 3269 1408 3343 Lbini,

327 3354 392 3412 Pel.
416 3355 451 3424 4,
474 3353 553 3414 Oxx.
576 3357 637 3433 U13
671 3354 764 3414 Gzius
786 3356 894 3432 partim
917 3356 987 3428 hoc,
1015 3357 1123 3433 purtim
1151 3373 1317 3430 aequavere
1341 3361 1410 3414 ton'i

326 3439 357 3497 iu
385 3440 446 3498 suis
467 3449 585 3516 praeter
611 3442 673 3499 Eri.
701 3451 731 3498 et
753 3441 804 3517 Sp.
827 3459 891 3500 esse
919 3441 1004 3512 dieit3
1038 3441 1102 3500 cod.
1123 3442 1203 3500 vict
1230 3459 1313 3515 neqm
1342 3463 1410 3500 uero

327 3527 404 3584 modo
425 3536 473 3582 out
494 3523 565 3604 qa).
610 3527 668 3584 Sed
696 3545 750 3584 uec
777 3527 850 3584 haee
872 3527 1006 3604 proxime
1029 3527 1173 3585 accedunt
1204 3536 1235 3583 et
1255 3525 1411 3602 periculo·

327 3611 441 3668 sissima
464 3629 502 3668 ex
523 3611 570 3669 his
592 3612 676 3670 codd.
695 3613 880 3671 coniecturae
898 3613 1052 3684 ducuntur,
1076 3611 1249 3689 praesertim
1271 3629 1307 3668 ue
1331 3631 1410 3672 con·

328 3696 509 3773 spirantibus
532 3698 664 3772 quiderm
698 3698 818 3756 namin
841 3699 914 3770 LM,
938 3697 1017 3758 Oxx.
1039 3699 1144 3756 saltem
1166 3693 1210 3767 Εξ
1235 3696 1308 3754 nihil
1331 3700 1411 3758 tale.

327 3782 423 3857 Neque
450 3801 511 3839 vero
539 3783 635 3842 rarius
657 3784 776 3861 ponitur
808 3785 839 3841 in
867 3803 945 3842 novo
972 3783 1157 3842 substantivo
1185 3782 1278 3841 eidem
1306 3787 1410 3844 verbo

327 3867 522 3945 adiungendo,
545 3869 602 3926 nisi
624 3869 654 3926 in
677 3869 857 3928 diiunctione
879 3870 1018 3946 negativa
1041 3865 1138 3951 (neque
1160 3902 1201 3912 -
1223 3887 1306 3942 oeque
1327 3890 1411 3940 uero,

328 3954 364 4011 de
393 3973 452 4028 qua
478 3954 574 4012 forma
595 3955 654 4012 vid.
677 3954 786 4032 Opusc.
809 3975 876 4014 mea
896 3957 991 4014 Acad.
1013 3957 1038 4026 Ι,
1062 3975 1091 4032 p.
1113 3953 1210 4034 406);
1243 3954 1314 4012 alibi
1337 3955 1411 4015 fere

328 4049 451 4115 augetur
473 4059 520 4098 res
547 4042 681 4118 negando
710 4039 784 4122 (aad
804 4061 879 4098 awos·
900 4039 998 4119 nicht),
1025 4049 1060 4099 ut
1086 4041 1117 4098 in
1139 4042 1227 4099 Tusa
1249 4041 1313 4112 111,
1352 4044 1410 4115 24,

327 4123 375 4181 hie
396 4125 457 4196 tv,
489 4128 543 4197 11,
576 4137 628 4184 aut
654 4145 733 4184 nova
754 4127 900 4186 sententia
921 4127 964 4185 sic
991 4126 1165 4185 annectitur.
1210 4125 1269 4186 Sed
1302 4136 1411 4188 tamen

328 4209 429 4268 eodem
451 4211 539 4268 modo
561 4213 681 4288 ponitur
702 4213 718 4271 I
740 4213 779 4270 N.
801 4214 839 4270 D.
866 4214 903 4271 18
926 4213 991 4293 (uon
1014 4215 1132 4288 ορρῖοαη
1153 4213 1412 4290 uedsficutoremqus

327 4299 421 4354 rarmdt'
442 4299 564 4354 Plotorus
591 4300 625 4356 de
657 4299 764 4356 Tt'moeo
785 4301 862 4356 aaran
895 4318 942 4356 uec
963 4319 1045 4354 omem
1071 4299 1227 4374 furtunae,
1250 4297 1412 4358 Stoicam

326 4369 531 4454 πρόνοιαν-
554 4403 637 4458 aeque
658 4404 720 4442 uero
741 4385 869 4442 maresium
891 4387 980 4460 motura
1005 4388 1094 4441 murno
1121 4393 1146 4442 et
1167 4384 1287 4442 sensibus
1315 4403 1411 4460 prae-
