2956 5028
315 399 378 462 228
707 417 752 462 nu
775 415 906 464 ruimus
929 416 1000 463 nou.

313 583 472 660 laudetur,
506 584 591 664 quod
618 582 660 648 sit
686 583 790 664 ipsum
818 603 876 665 per
898 585 1073 650 setectum
1095 589 1191 665 atque
1222 584 1397 660 laudabile;

312 693 417 749 tamen
439 702 502 749 non
523 684 564 748 ob
586 702 655 749 eam
677 701 803 750 oausam
824 685 901 750 illud
923 685 984 750 dici
1014 703 1084 750 esse
1112 685 1291 764 honestum,
1319 687 1399 768 quia

313 785 459 852 laudetur
480 804 501 849 a
521 785 640 864 multu,
674 787 731 852 sed
752 787 827 868 quia
848 786 911 852 tele
933 785 989 865 sit,
1015 791 1065 864 ut,
1093 786 1190 852 vel-si
1211 787 1400 868 ignorarent
1476 879 1477 882 Ἴ

385 976 406 1020 1.
426 971 490 1035 quod
505 971 531 1020 ai
545 971 576 1021 sil
593 988 670 1036 rpsum
687 971 849 1022 LPMcaor.
875 973 1003 1036 perfeetum
1022 977 1079 1037 (pro
1089 974 1275 1038 portandum)
1296 973 1400 1024 Lucu

315 1043 338 1088 9.
357 1055 403 1088 oon
429 1041 458 1088 ob
484 1055 536 1090 enm
565 1057 585 1118 e.
603 1049 681 1090 tamea
711 1038 924 1158 [Agurucltot.
977 1040 1098 1091 donatum
1124 1057 1176 1092 esre
1204 1041 1399 1092 ELPMCBOr.

314 1112 338 1156 8.
356 1106 514 1158 laudaturlb
549 1123 571 1158 rt
590 1111 648 1173 (pro
665 1107 719 1174 sed)

314 1295 359 1354 rei
380 1295 521 1374 veritas);
544 1306 574 1355 et
596 1307 693 1356 tamen
717 1307 778 1356 turn
801 1316 907 1355 nomen
930 1299 1048 1356 honesti
1069 1297 1181 1356 valebit
1197 1317 1257 1356 non
1273 1308 1403 1374 propter

314 1381 649 1453 murititudinislandom
672 1382 724 1440 sed
751 1391 873 1458 propter
894 1383 974 1440 illam
997 1383 1093 1460 ipsam
1114 1392 1259 1440 naturam
1294 1382 1401 1460 Scrip-

313 1475 410 1523 turam
432 1475 531 1524 autem
552 1468 661 1543 purtim
683 1467 777 1525 Pell
802 1477 943 1543 praestat,
966 1487 983 1524 a
1005 1487 1064 1542 quo
1086 1477 1116 1525 et
1137 1468 1234 1525 Pam
1257 1467 1328 1545 [En
1354 1467 1401 1546 B]

314 1559 488 1608 annotatum
521 1560 566 1610 est
593 1563 649 1610 tum
670 1571 727 1610 esse
748 1571 803 1628 pro
826 1562 882 1610 tum
903 1572 1049 1624 nonense,
1082 1553 1190 1628 partim
1212 1553 1291 1622 Erl.;
1324 1571 1402 1610 nam

314 1635 449 1712 planiora
481 1637 651 1695 testimonia
682 1637 833 1695 hominum
855 1638 991 1696 socordia
1017 1637 1103 1696 nobis
1130 1638 1292 1708 subtraxit,
1326 1655 1401 1695 curn

315 1719 463 1780 Gruterus
495 1741 586 1778 unum
613 1722 701 1794 illud,
736 1722 826 1779 ceteri
853 1722 929 1779 nihil
950 1723 1122 1780 annotarint
1143 1722 1180 1779 da
1202 1723 1323 1798 optimis
1345 1741 1402 1780 eo-

315 1805 438 1863 dioibus.
482 1806 593 1864 Videat
620 1807 692 1864 mihi
720 1825 798 1864 nuno
820 1807 943 1882 aliquis,
978 1807 1125 1881 quomodo
1152 1808 1226 1864 baeo
1253 1807 1284 1864 in
1308 1808 1401 1865 malis

314 1890 399 1948 codd.
422 1900 452 1949 et
473 1891 504 1948 in
526 1891 705 1950 editionibus
726 1892 857 1949 laterata
879 1893 954 1949 sint:
987 1903 1025 1950 et.
1053 1893 1209 1967 siquando
1236 1903 1315 1967 turpe
1342 1913 1400 1950 non

315 1979 357 2044 sit,
379 1985 467 2034 tamen
491 1977 560 2054 (arm
581 1975 676 2036 Gaius
698 1995 736 2034 ex
758 1977 830 2048 Ere,
854 1976 942 2053 Spin,
965 1977 1045 2046 Bas,
1068 1977 1176 2047 Mead„
1193 1972 1253 2058 tu)
1273 1996 1325 2033 aon
1337 1997 1402 2035 esse

314 2080 367 2117 non
389 2070 475 2137 turpe,
498 2081 558 2119 eum
580 2064 611 2120 id
631 2083 648 2118 α
671 2064 838 2119 multitudiue
860 2064 993 2120 badebir.
1031 2061 1112 2130 Quod
1133 2065 1159 2119 si
1178 2065 1213 2119 eil
1234 2065 1324 2137 ἱρεωη
1343 2082 1401 2138 per

314 2164 343 2202 se
363 2155 463 2203 rectum
486 2144 543 2224 (sio
565 2164 631 2203 oum
643 2147 705 2204 Eri.
716 2147 793 2204 Pell.
808 2150 824 2203 l
843 2157 873 2204 et
885 2147 913 2218 3,
932 2146 1020 2223 Spin,
1039 2165 1096 2222 mg.
1109 2145 1199 2218 Crat,
1212 2146 1276 2204 eod.
1289 2145 1400 2221 sont),

315 2248 353 2286 ex
375 2229 537 2288 editoribus
549 2232 838 2307 primusManutius3
861 2232 1022 2289 deteriores
1039 2241 1212 2300 ceterorum,
1235 2239 1269 2287 ut
1289 2233 1402 2304 nostri,

311 2310 476 2396 perfeetum)
503 2326 585 2391 alque
607 2317 755 2384 budobile,
789 2337 840 2373 non
868 2317 899 2372 ob
927 2336 985 2372 eam
1007 2335 1118 2373 oausam
1141 2326 1228 2373 tamen
1250 2317 1321 2374 illud
1341 2319 1405 2374 diei

316 2401 451 2456 bmwsarm
467 2419 524 2458 osse
541 2411 597 2458 eet.
629 2401 714 2458 Nihil
735 2409 834 2477 potest
843 2401 1012 2476 perversius
1029 2401 1097 2472 dici,
1120 2419 1208 2474 quam
1219 2399 1402 2459 Ciceronem

315 2492 367 2540 aut
389 2483 505 2543 Stoicos
527 2493 662 2561 putasse,
685 2486 730 2556 id,
759 2486 838 2560 quod
860 2495 946 2562 turpe
964 2499 1028 2543 'non
1050 2495 1129 2543 esset
1150 2485 1190 2562 (oi
1209 2487 1321 2560 quondo
1343 2507 1401 2544 non

314 2572 350 2626 sit
372 2567 478 2648 treme),
512 2580 610 2628 tamen
637 2590 754 2647 semper
780 2581 867 2646 turpe
894 2589 958 2628 esse
992 2569 1075 2648 (uam
1105 2570 1137 2627 id
1164 2579 1222 2627 est:
1256 2589 1308 2627 non
1336 2591 1402 2630 esse

314 2673 367 2710 non
387 2653 495 2732 turpe),
518 2673 585 2713 curn
607 2675 625 2712 a
647 2655 834 2713 multitudine
866 2656 1046 2713 laudaretur.
1084 2656 1190 2730 Itaque
1224 2655 1267 2712 sie
1299 2656 1399 2714 inter-

314 2739 520 2814 pretabantur,
545 2739 596 2814 qui
618 2751 703 2798 mmor
726 2741 907 2810 retinebant,
931 2739 1016 2814 quasi
1038 2749 1131 2798 esset:
1164 2759 1215 2796 noro
1237 2742 1314 2797 ideo
1335 2761 1401 2800 esse

314 2843 366 2879 aon
388 2833 479 2899 tropa
513 2825 596 2900 atqui
617 2825 674 2882 boo
696 2827 768 2894 ideo,
796 2825 826 2882 in
849 2844 908 2899 quo
931 2833 1020 2900 eaput
1042 2833 1106 2881 erat
1127 2824 1308 2895 sententiae,
1344 2827 1403 2901 qui

315 2907 410 2965 omitti
433 2907 569 2984 poterat?
600 2909 705 2968 deinde
727 2911 908 2987 cogebantur
930 2929 984 2986 pro
1006 2928 1066 2967 oum
1088 2909 1216 2968 seribere
1244 2918 1296 2966 aut
1318 2913 1402 2984 quod

315 2989 421 3072 (Dav.)
444 3002 495 3051 aut
517 2998 582 3069 quia
604 2992 741 3074 (Brem.).
797 2993 890 3052 Gaius
913 3005 1012 3053 autem
1040 3003 1070 3051 et
1093 2993 1237 3065 Orellius‚
1271 3004 1327 3050 tum
1352 2995 1401 3053 le-

313 3087 429 3154 gentes,
464 3089 519 3136 tum
547 3099 598 3136 noo
625 3079 763 3137 videntur
785 3080 827 3136 ita
848 3079 1013 3154 accepisse,
1047 3079 1131 3154 quasi
1154 3087 1233 3136 esset
1254 3098 1305 3135 oon
1328 3089 1402 3154 trem,

314 3163 398 3235 (nicht
419 3163 482 3220 ebra
504 3165 586 3234 daniz,
609 3162 713 3243 ποιητὴς
736 3165 792 3221 etsi
809 3163 903 3223 Gaius
926 3182 1014 3238 quam
1037 3163 1213 3221 sententiam
1236 3163 1403 3238 subiceret,

313 3265 371 3303 non
395 3247 486 3318 dixit,
510 3248 546 3305 de
567 3249 755 3307 librariorum
778 3247 1002 3306 confusionibus
1025 3249 1190 3320 disserens,
1213 3256 1244 3305 et
1264 3247 1403 3308 fortasse

313 3331 426 3389 nullam
459 3333 592 3390 subiecit.
646 3334 686 3390 Et
719 3343 816 3390 tamen
850 3334 951 3408 inepta
981 3342 1060 3392 esset
1081 3333 1241 3402 sententia;
1275 3352 1348 3392 nam
1375 3337 1404 3394 si

260 3479 263 3489 ⁴
315 3417 442 3490 quando,
466 3419 540 3492 quod
560 3418 732 3475 laudaretur
753 3419 902 3494 apopulo‚
925 3437 984 3476 non
1006 3427 1093 3494 turpe
1117 3428 1204 3488 esset
1227 3426 1306 3476 asset
1323 3439 1404 3478 sane

314 3501 419 3572 etiam,
454 3521 513 3559 oum
546 3503 725 3560 laudaretur.
780 3503 840 3563 Sed
872 3521 924 3560 eur
952 3503 1025 3560 haee
1053 3504 1239 3580 exagitemus
1266 3504 1404 3564 veritate

313 3584 454 3643 inventa?
498 3587 577 3645 Illud
600 3587 701 3662 quaeri
724 3597 830 3662 potest,
853 3588 963 3645 satisne
986 3587 1087 3644 vineta
1108 3589 1203 3646 oratio
1226 3587 1319 3644 sitin
1343 3589 1404 3650 illo

315 3671 456 3728 transitu:
479 3681 638 3729 tamennon
660 3673 692 3729 ob
714 3692 772 3729 eom
794 3692 904 3730 ransom
926 3681 981 3729 eet
1032 3673 1107 3730 Mihi
1131 3691 1190 3730 non
1214 3672 1332 3730 ridetur
1358 3685 1403 3746 et,

314 3754 470 3832 geminatis
493 3757 607 3814 duabus
628 3757 750 3828 litteris,
774 3756 959 3814 scribendum
982 3757 1096 3814 iudico:
1124 3759 1275 3826 laudum
1298 3768 1330 3814 et
1357 3771 1405 3816 trr-

314 3860 372 3896 mea
394 3861 445 3898 ooo
463 3851 519 3898 oet
552 3840 668 3918 [Atque
691 3843 729 3900 ob
753 3861 817 3899 eam
839 3842 934 3917 ipsam
958 3860 1076 3899 oausam
1095 3842 1228 3900 ordinem
1246 3860 1313 3898 eum
1327 3861 1405 3902 ver·

314 3925 433 3996 borum,
458 3926 508 3999 qui
536 3926 632 3984 estin
650 3927 712 3984 Eri.
729 3935 760 3984 et
775 3928 816 3997 Β,
850 3927 944 4003 magis
972 3927 1075 4002 probo.
1132 3927 1191 3986 Sed
1203 3936 1406 4003 utercumque

314 4009 387 4068 ordo
409 4019 535 4082 tenetur,
558 4020 696 4087 apparet,
720 4012 883 4069 orationem
906 4011 1066 4069 subsistere
1089 4022 1157 4086 post
1179 4012 1315 4069 lurrdobr'le
1332 4023 1369 4070 et
1386 4033 1406 4072 a

315 4113 393 4153 novo
415 4095 500 4154 initio
523 4096 614 4153 ordiri
635 4114 690 4154 neo
712 4115 799 4172 posse
822 4096 864 4153 sio
886 4096 1067 4154 continuari:
1090 4107 1145 4153 tum
1162 4116 1219 4154 esse
1237 4115 1289 4153 noa
1308 4107 1404 4173 hope,

314 4197 375 4236 cum
397 4213 439 4222 -
460 4181 609 4252 medelik,
643 4201 694 4238 noa
716 4181 747 4237 ob
770 4201 827 4238 eam
849 4199 960 4238 oausam
983 4190 1085 4250 tamea,
1120 4181 1199 4256 quod
1232 4181 1266 4237 fit
1295 4200 1406 4242 errore

315 4265 395 4339 apud
417 4265 570 4323 Baiterum
593 4275 623 4324 et
644 4265 676 4322 in
698 4265 809 4323 maiore
832 4266 914 4323 etin
937 4266 1050 4323 minore
1073 4263 1228 4342 editione]
