2944 5040
491 463 665 512 excuasus
684 465 738 510 vn.
1090 447 1149 511 841

94 637 188 695 similia
199 638 411 713 Theophrasti;
434 637 547 716 (itaque
559 638 610 712 qui
621 656 711 694 unum
723 638 896 694 Aristotelis
917 638 1044 694 ethicum
1062 639 1153 713 scrip-

94 734 145 779 tum
170 723 211 780 ita
238 723 414 792 nominavit,
449 733 482 780 ut
513 723 543 779 id
571 723 609 780 ab
637 723 800 780 Aristotele
834 742 933 780 errore
961 723 1151 793 abiudicaret,

94 808 277 884 Theophrasti
307 809 342 865 de
364 809 452 865 beata
473 808 652 865 vitalibrum
676 819 706 865 et
727 827 815 884 saepe
838 809 1031 885 appellatam
1043 809 1153 884 signifi-

92 903 131 950 cat
142 896 168 968 ¹)
190 905 219 951 et
242 913 278 951 ex
303 913 337 951 eo
355 895 446 950 verba
456 893 549 970 ponit,
573 894 609 950 de
621 893 686 950 Fin.
700 895 736 965 V,
751 893 822 970 86);
846 895 985 950 laudabat
997 905 1153 968 utrumque

92 979 124 1035 ob
144 979 193 1036 illa
215 981 325 1056 scripta
348 989 377 1036 et
398 979 495 1036 famae
518 979 697 1050 assentiens;
726 980 776 1036 scd
799 980 829 1036 in
851 980 971 1036 horrida
993 979 1053 1048 illa,
1077 999 1153 1054 quae

90 1065 121 1120 ad
141 1065 232 1140 ipsam
261 1065 474 1141 philosophiam
499 1065 620 1140 propius
648 1065 798 1122 accedenti
825 1065 941 1122 ostendi
968 1065 1153 1134 videbantur,

89 1149 205 1219 dumeta,
227 1151 384 1209 verborum
408 1161 438 1207 et
459 1151 612 1208 notionum
635 1149 809 1208 difficultate
831 1160 943 1227 saepta,
966 1151 995 1207 in
1008 1169 1152 1224 quaenon

88 1236 163 1292 multi
186 1237 236 1293 illo
259 1247 391 1312 tempore
413 1236 580 1312 philosophi
603 1237 849 1311 penetrabilem)
872 1247 972 1293 orator
994 1245 1023 1292 et
1035 1251 1154 1293 senator

88 1321 229 1379 Romanus
250 1321 361 1378 intrare
384 1341 479 1396 neque
501 1321 628 1378 audebat
640 1340 734 1396 neque
745 1321 833 1378 facile
845 1331 969 1397 poterat.
980 1320 1010 1400 ³)
1038 1323 1152 1396 Itaque,

86 1407 190 1464 utiam
213 1407 340 1464 certiora
361 1426 492 1482 promam
515 1417 697 1482 argumenta,
720 1408 833 1464 nullum
857 1396 960 1466 Cicero
982 1408 1154 1465 Aristotelis

86 1490 234 1554 decretum,
247 1493 326 1567 quod
337 1493 375 1549 ad
386 1494 480 1568 ipsam
497 1492 714 1568 philosophiam
724 1493 894 1570 pertineret,
908 1493 996 1568 panio
1007 1493 1154 1568 copiosius

86 1578 215 1652 exposuit
236 1587 289 1635 aut
310 1597 347 1634 ex
370 1587 451 1635 certo
473 1579 536 1636 eius
559 1578 635 1634 libro
657 1579 810 1655 repetivit;
834 1597 928 1654 panea
949 1579 1068 1635 omnino
1085 1579 1153 1636 atti-

84 1662 130 1737 git,
152 1663 226 1720 alios
248 1683 374 1738 sequens
397 1683 454 1721 non
478 1664 540 1721 sine
562 1664 746 1740 gravissimis
768 1665 929 1734 erroribus,
964 1682 1036 1738 qnos
1064 1683 1154 1740 supra

85 1748 118 1804 ad
139 1750 192 1816 IV,
208 1751 245 1805 12
269 1750 380 1819 notari,
403 1751 527 1806 alterum
550 1750 580 1806 in
604 1750 707 1824 quinta
729 1759 843 1820 natura,
866 1750 991 1806 alterurn
1018 1751 1048 1805 in
1071 1759 1154 1806 ente·

84 1832 190 1891 lechiae
212 1835 341 1892 notione.
386 1837 433 1892 Ac
456 1854 492 1891 ne
515 1835 645 1911 singulas
667 1855 714 1892 res
737 1854 961 1912 persequamur,
990 1853 1055 1891 cum
1078 1835 1153 1892 ethi·

84 1935 142 1974 cam
166 1920 294 1977 maxime
317 1920 459 1997 attinget,
492 1919 633 1977 facillime
667 1921 722 1978 sihi
745 1921 783 1976 ab
806 1921 955 1978 Antiocho
983 1920 1154 1995 persuaderi

82 2005 188 2078 patitur
210 2017 240 2063 et
262 2006 333 2062 alibi
350 2015 379 2062 et
396 2008 427 2063 in
445 2007 556 2062 libroV
569 2006 604 2062 de
621 2007 737 2077 linibus,
761 2025 805 2076 ee,
829 2025 904 2080 quae
927 2007 952 2063 is
975 2007 1152 2075 tradidisset,

82 2089 143 2164 ipsa
165 2109 229 2148 esse
252 2092 438 2162 Aristotelia,
461 2101 491 2148 et
513 2092 542 2148 in
567 2110 601 2148 eo
617 2092 768 2149 itaethica
792 2092 990 2149 Nicomachea
1012 2092 1152 2167 appellat,

84 2185 113 2231 nt
124 2176 196 2233 haec
208 2178 245 2234 ab
253 2177 402 2234 Antiocho
415 2195 555 2254 expressa
567 2188 659 2253 putet.
687 2179 726 2234 Et
738 2187 845 2246 tamen,
864 2177 887 2234 si
905 2177 978 2234 illud
990 2178 1152 2252 exceperis,

81 2269 108 2315 et
129 2262 208 2337 apud
219 2262 412 2320 Aristotelem
442 2272 472 2319 et
499 2263 576 2338 apud
602 2263 780 2320 Antiochum
794 2271 823 2318 et
840 2263 958 2320 virtutis
975 2273 1005 2320 et
1021 2263 1153 2338 corporis

81 2357 165 2420 etque
188 2357 377 2404 externorum
400 2349 543 2405 rationem
566 2349 596 2404 in
619 2349 763 2405 honorum
780 2349 981 2418 summaduci,
1005 2357 1065 2403 tum
1079 2348 1153 2404 divi·

80 2431 189 2489 sionem
213 2433 353 2490 virtutum
377 2433 608 2491 voluntariarum
638 2445 668 2491 et
689 2452 747 2490 non
771 2435 1003 2490 voluntariarum
1027 2435 1079 2510 (V,
1099 2430 1152 2514 36)

79 2516 114 2572 ab
136 2519 300 2576 Aristotele
323 2521 477 2594 repetitam
502 2537 565 2576 esse
588 2530 618 2576 et
640 2530 736 2576 tamen
760 2520 919 2590 variatam,
953 2519 1064 2575 nullum
1087 2539 1152 2576 esse

78 2603 229 2660 minimam
257 2604 335 2680 apud
364 2605 544 2662 Antiochum
575 2605 712 2681 propriae
735 2606 906 2662 Aristotelis
927 2603 1040 2662 formae
1063 2605 1152 2661 vesti-

77 2688 156 2761 gium
185 2707 363 2764 prorsusque
391 2691 449 2747 alio
478 2691 565 2746 modo
593 2709 659 2748 cum
683 2690 775 2746 multa
800 2690 965 2748 Stoicorum
988 2691 1152 2747 imitatione

76 2775 210 2849 aprima
233 2785 355 2831 naturae
379 2775 587 2833 constitutione
600 2777 742 2832 bonorum
766 2776 914 2832 notionem
938 2785 967 2832 et
978 2776 1151 2832 divisionem

77 2859 153 2923 duci,
177 2869 235 2916 tam
260 2869 304 2916 est
316 2861 513 2931 manifestum,
537 2871 570 2918 ut
586 2862 644 2918 dici
667 2861 739 2918 nihil
762 2862 797 2918 de
821 2881 856 2918 eo
879 2873 1022 2937 oporteat,
1046 2863 1151 2936 dequo

76 2961 172 3016 nemo,
196 2945 247 3019 qni
270 2945 442 3004 Ciceronem
466 2947 594 3022 legisset,
617 2947 703 3003 aliter
729 2947 916 3022 indicarit.⁴)
960 2950 1007 3004 Ac
1036 2949 1060 3004 si
1087 2948 1153 3021 quis

78 3131 309 3139 ψ

106 3255 124 3308 't
144 3250 242 3308 Fiuv,
257 3255 372 3308 lictsh,
392 3251 495 3299 Tuscal.
516 3251 549 3309 V,
569 3255 601 3298 tt
620 3261 644 3299 et
664 3256 703 3307 ab,
724 3251 806 3302 Acaid.
826 3251 846 3308 I,
867 3255 898 3297 3³
917 3259 942 3298 et
960 3255 991 3298 35
1008 3263 1032 3298 et
1047 3251 1080 3308 ll,
1094 3253 1150 3305 134.

145 3317 197 3369 Cl'r.
217 3321 249 3368 ad
270 3321 346 3368 Attic.
367 3319 405 3378 11,
425 3325 449 3380 3,
468 3324 496 3376 3,
525 3321 568 3368 nbi
594 3319 671 3368 alium
696 3319 844 3384 popularem
868 3319 1035 3384 Theophrasti
1059 3319 1149 3367 librum

143 3389 189 3437 sibi
208 3389 273 3436 mitti
291 3389 353 3440 vnit.
768 3411 770 3416 v

102 3458 124 3516 ²)
145 3455 207 3506 Eam
223 3455 397 3521 philosophum,
424 3457 467 3518 qm'
492 3457 523 3504 ah
547 3455 606 3520 apsis
626 3455 771 3520 philosophie
796 3465 893 3520 praeter
914 3456 1039 3505 admodum
1059 3473 1150 3520 paucos

145 3525 306 3589 quereretur,
325 3525 413 3589 Topic.
426 3529 450 3577 3.
470 3526 543 3573 (ἰὶτοιι
561 3525 640 3590 ipsam
661 3525 790 3574 Ciceronis
809 3533 915 3574 aetatem
926 3536 1014 3574 exorta
1029 3535 1149 3573 suntstu-

143 3595 185 3642 dia
204 3594 282 3643 libros
302 3593 447 3643 Aristotelis
465 3594 651 3642 commentarii·
670 3595 815 3643 enarrandi.
840 3594 989 3642 Andronico
1008 3594 1107 3642 Rhodio
1126 3601 1151 3642 et

145 3657 243 3711 Boetho
262 3662 425 3727 principibus.
462 3663 501 3712 De
518 3661 634 3712 molestia
652 3663 799 3710 mendorum
818 3664 956 3728 scripturae
974 3663 1080 3711 inlibris
1092 3663 1149 3710 Ari-

145 3733 242 3782 antelis
260 3732 334 3780 valde
352 3733 464 3794 qneritnr
483 3731 574 3781 Strabo
593 3731 667 3784 tXlll
686 3747 712 3795 p.
731 3735 801 3790 6091.

102 3799 111 3827 ³
118 3811 124 3858 1
146 3800 263 3850 Stahrins
273 3801 392 3862 (Aristot.
404 3800 429 3848 ll
438 3815 462 3864 p.
477 3805 535 3855 1151
545 3814 577 3848 ex
587 3814 624 3856 eo,
643 3801 710 3863 qaod
721 3800 811 3849 Cicero
819 3801 913 3865 stamen
929 3799 1044 3849 matianis
1054 3817 1150 3849 oeream

145 3869 275 3918 Aristoteli
295 3863 381 3919 tribuit
399 3869 491 3930 (Acad.
503 3869 537 3928 Il,
552 3871 610 3920 1191
629 3879 653 3916 et
672 3869 793 3918 orationis
811 3869 957 3918 suavitatem
968 3877 992 3917 et
1002 3879 1149 3917 ornamenta

146 3937 234 3986 laudat
252 3939 291 4000 (nt
309 3939 340 3986 de
359 3938 413 3985 Fin.
424 3937 444 3995 I,
461 3943 509 3998 tt),
528 3939 640 3987 studiose
658 3952 714 3986 anm
729 3937 875 3986 Aristotelis
885 3940 978 4002 scripta
989 3938 1079 4000 legisse
1089 3952 1148 3986 con-

148 4007 204 4055 licit.
243 4006 269 4054 ri
289 4007 377 4056 (licere
395 4015 446 4054 tam
465 4005 518 4066 illa,
538 4021 602 4070 qnae
620 4005 795 4070 philosophiae
814 4007 915 4070 propria
930 4015 988 4055 suut
1005 4015 1030 4054 et
1047 4007 1149 4055 investi·

144 4075 260 4136 gationis,
280 4076 417 4124 lectitasset
434 4089 509 4138 qnam
528 4075 670 4139 popularia,
689 4076 769 4126 aliter.
789 4075 886 4140 opinor,
907 4075 1065 4124 decretione
1083 4076 1149 4123 iudi·

143 4151 236 4203 cassem
259 4144 307 4193 nisi
330 4143 395 4192 forte
414 4143 541 4210 lioppinm
561 4144 688 4208 sequimur
711 4145 788 4208 (Mne.
809 4144 885 4192 iihen.
905 4144 946 4192 111
963 4159 986 4208 p,
1010 4150 1147 4202 10011011,

144 4212 184 4274 qni
204 4213 348 4261 Arismtclis
371 4213 510 4261 orationem
538 4227 636 4262 svavem
662 4229 690 4260 ac
715 4213 814 4262 facilem
838 4212 914 4260 liuere
936 4227 987 4260 non
1009 4214 1078 4277 ipsos
1102 4227 1148 4261 nos

144 4282 234 4330 sentire
250 4282 313 4333 vult,
333 4283 375 4330 sed
395 4284 479 4330 nescio
498 4281 537 4330 cui
558 4281 684 4330 Graeculo
703 4283 753 4331 imo
771 4283 879 4331 eredere.
905 4281 1010 4329 Flumen
1021 4291 1065 4330 ant
1074 4296 1148 4330 orna·

144 4358 227 4398 menta
243 4351 268 4398 in
288 4351 389 4412 scriptis
402 4351 574 4399 subtilioribus
585 4351 729 4400 Aristoteles
744 4351 928 4400 nechabetnec
944 4350 1145 4401 curavithnbere.

98 4417 120 4467 ‘t
146 4416 314 4468 Pnaciseimos
332 4419 390 4468 illos
408 4420 491 4474 locos,
513 4420 552 4467 nbi
572 4421 645 4468 verba
666 4422 788 4484 quaedam
808 4432 851 4468 ant
870 4420 1017 4468 seutentiam
1037 4420 1148 4483 aliquam
