2938 5020
394 411 436 456 ar
461 408 541 455 una.
558 408 621 454 ιιιι
641 409 662 454 ιι
684 408 759 455 cae.
787 413 824 456 rs.
1096 393 1158 457 217

94 577 233 660 Pyrrhoni
255 577 378 642 omnino
399 578 468 640 risa
490 585 564 641 sunt
585 595 644 659 pro
660 577 764 656 nihilo,
787 585 823 642 ut
838 577 1045 660 interoptitne
1058 578 1161 644 valere

94 691 121 742 et
150 679 327 760 gratissime
358 685 524 760 aegrotare
557 680 632 744 nihil
665 699 796 760 prorsus
829 681 968 745 dicerent
1000 682 1159 760 iuteresse,

94 791 167 845 recte
186 781 245 844 iam
267 781 389 862 pridem
416 789 526 846 contra
553 799 607 846 eos
635 781 769 846 desitum
795 789 844 846 est
871 782 1033 864 disputari.
1078 783 1161 846 Dum

93 882 212 946 enimin
233 901 297 946 una
319 883 434 947 tirtutc
456 883 501 946 sic
522 883 626 948 omnia
648 882 903 962 essevoluerunt,
925 894 961 948 ut
977 903 1161 950 eamrerum

93 984 244 1048 nlmdone
266 984 459 1066 expoliarent
480 1003 537 1050 nec
558 984 587 1048 ei
608 985 793 1067 quidquam,
826 993 881 1050 aut
907 988 989 1051 unde
1017 986 1160 1065 oriretur,
1178 987 1222 1064 5,

93 1085 200 1160 darent,
222 1095 277 1149 aut
299 1086 351 1149 uhi
375 1086 542 1166 niteretur,
563 1087 710 1151 virtutem
732 1087 847 1168 ipsam,
882 1106 975 1169 quam
1003 1088 1160 1169 amplexa·

93 1186 201 1264 bantur,
224 1187 428 1252 sustrderunt
472 1188 588 1253 Erillus
610 1197 723 1266 autem,
745 1190 787 1254 ad
809 1190 969 1254 scientiam
986 1190 1089 1254 omnia
1110 1209 1160 1255 re-

158 1361 176 1404 l.
195 1356 305 1424 [pirronr'
320 1355 350 1424 Α]
389 1357 481 1406 amitino
499 1373 549 1411 οιιι.
569 1358 589 1406 L
626 1365 648 1408 2.
668 1359 780 1409 delerare
800 1359 941 1410 dicerentl
978 1365 1000 1408 8.
1020 1359 1162 1408 desitunrsst
1210 1386 1212 1392 ·

93 1433 167 1473 costra
182 1427 258 1475 sose
295 1431 320 1477 4.
338 1443 390 1476 este
407 1426 521 1474 ornnr'ctL
561 1427 760 1476 eurumrerumL
796 1433 818 1476 5.
841 1427 1029 1495 [erpolinuertntt
1047 1429 1084 1492 A]
1102 1427 1161 1476 cicc·

93 1493 363 1630 ἱιιοᾶιιαιέοὲι”α3ι5σιὲιοιῐ]Ε
404 1511 443 1544 ore
461 1495 595 1545 retunderet
613 1499 669 1560 tprc
688 1495 791 1546 oreretur
807 1496 940 1560 dorentlli
983 1499 1004 1548 7.
1027 1495 1163 1563 [Herillasi

94 1719 169 1791 qnasi
189 1719 263 1789 ideo,
286 1719 366 1793 quod
388 1719 500 1792 aliquid
523 1719 565 1777 illi
578 1719 716 1790 dixerint,
740 1731 843 1778 contra
864 1721 921 1778 hoc
943 1722 1038 1797 ipsum
1062 1720 1163 1796 dispu-

94 1804 143 1860 tari
164 1805 200 1860 sit
222 1805 356 1862 desitum.
407 1805 476 1862 Dici
503 1815 633 1881 poterat:
667 1825 737 1880 quoe
763 1825 822 1864 cant
845 1840 886 1848 —
916 1810 1095 1878 adsuessent,
1130 1817 1163 1864 ut

94 1889 286 1946 ostenderetur
308 1891 425 1948 occasio
447 1890 655 1968 disputationis
678 1901 775 1962 ortae,
805 1911 879 1966 quae
903 1901 1007 1968 postea
1029 1892 1162 1949 desisset.

95 1972 147 2032 Sed
167 1975 342 2032 indicativus
364 1984 395 2032 et
416 1985 533 2052 tempus
555 1976 638 2034 verbi
660 1977 869 2048 ostendebant,
893 1978 1035 2052 scriptum
1058 1997 1121 2034 esse
1144 1996 1163 2033 a

95 2057 226 2117 Cicerone
243 2062 331 2134 quod:
357 2061 453 2130 „Nam
477 2061 556 2136 quod
578 2061 616 2118 ad
637 2062 802 2138 Pyrrhonis
824 2073 854 2120 ct
871 2063 1022 2120 Aristonis
1045 2071 1162 2120 senten·

94 2145 156 2201 tiam
177 2145 290 2217 attinet,
314 2147 593 2220 quihushaeccet.“
622 2146 671 2203 Ex
683 2149 757 2222 qnod
767 2149 885 2224 saepius
907 2147 1162 2217 factumestcmn3

94 2230 145 2286 tid.
166 2230 273 2306 Opusc.
296 2232 391 2288 Acad.
415 2232 481 2308 Ip.
506 2233 576 2288 510.

171 2319 292 2372 Aristoni
312 2326 336 2372 et
358 2314 512 2394 Pyrrhone)
534 2319 581 2374 Da
603 2317 764 2374 Aristonis·
777 2318 938 2385 sententia,
972 2337 1031 2410 qua
1053 2318 1162 2388 omnia,

95 2418 160 2473 quae
182 2401 258 2458 inter
278 2401 435 2461 honestum
459 2412 489 2460 et
511 2413 596 2478 turpe
618 2403 773 2461 interiecta
795 2413 907 2474 essent,
942 2387 1097 2480 ἀδιάφορα
1120 2403 1163 2460 sic

93 2485 332 2560 relinquebantur,
355 2497 389 2545 ut
409 2489 483 2547 nihil
506 2488 591 2546 alteri
613 2497 845 2586 praeponeretur
866 2489 927 2545 ulla
948 2487 1162 2559 aestimatione,

93 2567 235 2646 ipsumque
258 2591 405 2631 summunt
427 2574 568 2632 bonurn
560 2593 589 2630 m
613 2565 778 2650 attenuata
800 2573 891 2630 animi
913 2591 1056 2647 nusquam
1080 2573 1163 2630 incli-

94 2656 181 2712 nantis
202 2658 368 2734 ponebatur
389 2657 461 2738 (ΠΙ,
488 2660 523 2716 11
550 2667 580 2716 et
606 2661 657 2730 ta,
691 2658 746 2729 IV,
771 2659 825 2729 43,
854 2660 892 2730 V,
918 2659 973 2730 73,
1002 2655 1060 2718 Off.
1083 2657 1108 2728 I,
1134 2659 1162 2730 6,

94 2741 178 2798 hcsd.
199 2744 241 2812 Π,
267 2741 356 2818 130),
390 2754 523 2802 veterum
546 2744 715 2802 testimonia
736 2743 856 2821 collegit
878 2745 1009 2802 Ritterus
1031 2743 1062 2800 in
1085 2744 1163 2801 Hist.

94 2825 195 2884 Philus.
217 2829 275 2884 vol.
299 2829 349 2886 111
370 2850 399 2906 p.
413 2831 484 2887 507.
518 2830 565 2887 Do
576 2829 742 2906 Pyrrhone,
765 2829 825 2904 qui,
854 2849 919 2886 cunt
945 2829 1044 2886 omnia
1071 2829 1163 2886 addu-

95 2909 219 2990 bitasset,
249 2914 370 2972 virtutis
392 2925 490 2972 tannen
513 2925 543 2972 et
564 2915 630 2972 vitii
652 2915 801 2972 notionem
824 2915 900 2971 tueri
922 2923 1045 2972 conatus
1067 2923 1113 2971 eat
1134 2923 1165 2972 ct

95 2995 198 3055 beatam
221 2999 314 3056 uitam
337 2991 473 3076 ἀπαθείᾳ
496 3000 623 3075 quadam
645 3001 736 3057 animi
759 2999 913 3074 consequi,
937 3000 1013 3057 idem
1032 2999 1164 3056 Ritterus

94 3099 118 3154 p.
138 3085 195 3140 stt
219 3104 282 3159 sqq.
338 3083 444 3143 Cicero
478 3087 586 3160 ubique
624 3105 691 3143 eum
729 3103 794 3142 cum
823 3085 964 3143 Aristone
998 3085 1164 3162 coniungit;

95 3165 135 3222 hic
155 3169 356 3246 neglegentius
377 3172 530 3246 postponit
551 3171 638 3248 longe
661 3171 826 3247 posteriori.
856 3170 940 3245 Quae
951 3171 1164 3228 Tennernanno

94 3251 175 3324 (flist.
197 3255 275 3312 Phil.
299 3255 345 3312 IV
367 3275 395 3330 p.
421 3257 494 3330 219)
517 3257 594 3313 inter
616 3257 694 3313 hunc
716 3255 812 3313 iocum
835 3264 865 3313 et
887 3275 932 3326 ea,
955 3273 1030 3331 quae
1048 3256 1103 3327 IV,
1123 3255 1163 3312 43

95 3335 125 3392 de
144 3339 283 3397 Aristone
307 3339 454 3412 dicuntur,
477 3341 676 3418 discrepantia
699 3359 763 3398 esse
786 3341 912 3413 videtur,
935 3340 1164 3411 faciletollitur3
1205 3413 1206 3416 Ἴ

95 3439 153 3480 narn
175 3443 210 3482 ne
234 3426 274 3482 ibi
298 3425 417 3500 quidem
441 3427 583 3484 interesse
606 3427 766 3502 quidquam
789 3427 866 3484 inter
888 3427 1019 3503 singulas
1042 3445 1105 3498 res,
1139 3427 1165 3484 si

93 3507 318 3580 aestimarentur,
342 3511 446 3569 Aristo
457 3522 577 3588 putasse
589 3512 705 3569 dicitur.
733 3511 827 3570 Gzius
850 3531 903 3570 suo
914 3512 1008 3569 utitur
1029 3513 1164 3582 artificio,

93 3603 121 3648 ut
144 3599 245 3652 omnino
272 3606 361 3672 neget
383 3597 522 3674 coniungi
544 3617 610 3654 curn
633 3597 732 3655 verbis
755 3597 926 3673 pronihilo,
955 3597 1007 3655 sed
1029 3617 1108 3656 esse:
1141 3601 1167 3654 si

93 3680 115 3732 in
135 3685 282 3738 universum
305 3702 361 3738 rem
372 3693 483 3758 spectes,
507 3683 626 3754 oblitus,
649 3683 785 3759 proximo
798 3701 885 3740 versu
902 3683 962 3740 dici
983 3685 1050 3740 nidd
1067 3703 1164 3759 pror-

92 3783 141 3821 sus
161 3769 295 3824 interesse.

167 3855 235 3909 inter
256 3855 354 3928 optima
377 3853 475 3926 colere)
499 3853 613 3910 Natant
634 3853 819 3929 grammatici
841 3853 1028 3911 insolentiam
1041 3852 1165 3910 locutio-

93 3935 131 3992 nis
152 3937 180 3994 in
203 3938 351 4000 infinitivo
374 3938 588 4013 praepositioni
600 3939 732 3996 subiecto
756 3947 785 3996 et
802 3948 920 4014 praeter
932 3938 1070 3997 Ovidium
1084 3939 1165 4015 (add.

92 4017 187 4078 Horat.
211 4023 273 4082 Sat.
296 4023 339 4093 II,
364 4025 392 4082 5.
407 4023 464 4100 69)
488 4023 590 4080 eodem
614 4024 700 4082 tnodo
724 4025 812 4081 etiarn
826 4024 967 4084 Senecam
992 4024 1102 4082 dixisse
1115 4025 1165 4081 de-

93 4117 248 4164 monstrant
270 4109 306 4165 de
318 4107 424 4166 Benof.
435 4109 474 4177 V,
491 4110 570 4178 10,2
595 4107 722 4188 (militnm
745 4119 774 4167 et
797 4119 858 4166 tunt
882 4111 948 4166 rrilrs'l
969 4112 1075 4166 interest
1097 4113 1166 4166 inter

92 4191 151 4247 durs
171 4191 351 4271 etcccipcrc).
374 4192 488 4271 [Nigid.
502 4195 526 4252 F
528 4194 565 4271 ig.
578 4194 656 4270 apud
669 4195 748 4253 Gall.
760 4197 818 4266 XI,
835 4197 882 4264 ll,
902 4193 943 4273 1.]
977 4195 1070 4252 Aliud
1087 4196 1164 4252 enim

92 4271 214 4336 futurum
237 4289 301 4336 erat
323 4283 392 4336 inter
403 4281 604 4353 coarctandum.
629 4281 702 4338 Mox
715 4281 744 4337 in
757 4281 818 4338 Eri.
832 4276 885 4361 [B]
901 4281 1006 4338 mendo
1018 4280 1091 4336 latet
1107 4299 1165 4336 ore-

93 4372 166 4434 retur,
190 4373 223 4420 ut
245 4383 333 4440 saepe
357 4364 387 4421 in
411 4364 489 4422 Livii
507 4365 590 4424 codd.
615 4366 767 4436 scribitur3
797 4367 847 4424 sed
870 4367 958 4423 iidem
979 4366 1017 4422 69
1041 4367 1164 4421 orr'retnr.
