2998 5020
344 375 406 438 656
732 393 777 438 on
799 393 930 440 sturnus
952 393 1023 439 sou.

343 561 470 626 crevit
501 561 698 641 tantisper
727 541 768 626 se'
804 561 926 626 minus
954 561 1123 626 iniuriae
1151 579 1218 624 suo
1246 569 1336 626 nato
1360 559 1398 625 la-

344 683 430 728 cere
453 664 501 744 (ut
522 663 566 728 ait
586 663 685 744 ipset,
719 663 804 728 dum
835 663 908 728 liat
934 665 1063 742 miser,
1092 663 1232 728 inimicus
1260 665 1329 744 ipse
1352 662 1397 728 sib'

343 766 502 846 putandus
523 773 579 830 est.
624 767 674 830 29.
698 765 758 830 Sed
780 767 832 830 alii
854 766 1143 844 doloremoventur,
1166 765 1398 847 aliicupiditate:

345 867 504 931 iracundia
525 867 617 932 etiam
638 868 726 932 multi
748 867 918 932 efferuntur
951 872 996 944 et,
1025 885 1094 931 cum
1121 868 1151 931 in
1178 868 1261 931 mala
1283 867 1398 932 scientes

255 1005 261 1018 ·
304 969 478 1049 dirmunt,
511 977 577 1034 turn
599 987 633 1034 se
655 969 769 1050 optime
792 970 848 1034 sibi
871 969 1032 1034 considere
1060 970 1260 1034 arbitrantur.
1304 971 1397 1050 ltaque

342 1072 449 1136 dicunt
469 1091 526 1136 nec
546 1071 701 1136 dubitant:

385 1174 475 1238 Mihi
498 1174 552 1238 sio
574 1180 633 1238 est
655 1192 763 1252 usus;
786 1173 857 1239 tibi
879 1179 919 1238 ut
941 1192 1035 1254 opus
1058 1181 1117 1238 est
1138 1172 1256 1253 laeto,
1278 1172 1362 1238 lace

343 1274 402 1353 Qui
424 1275 485 1356 ipsi
507 1275 564 1340 sibi
586 1275 698 1340 bellum
720 1276 917 1354 indixissent,
951 1275 1082 1340 cruciari
1111 1275 1192 1355 dies,
1220 1287 1324 1352 noctes
1343 1285 1395 1339 tor·

341 1377 429 1458 queri
451 1377 573 1456 vellent,
596 1396 652 1442 nec
675 1396 748 1442 vero
771 1395 841 1442 sese
862 1377 922 1457 ipsi
934 1383 1116 1441 accusarent
1138 1377 1177 1442 ob
1194 1397 1261 1442 eam
1279 1395 1395 1451 causam

412 1569 433 1612 1.
453 1563 550 1630 [tuntum
567 1565 745 1630 perseniam
766 1562 812 1631 ab]
866 1573 919 1614 noto
939 1564 1047 1630 liquato
1065 1563 1111 1612 Or.
1155 1564 1393 1628 admirabilique

340 1634 428 1684 om.C
463 1638 486 1681 ³.
512 1641 547 1683 cat
564 1634 653 1682 omli
690 1638 713 1686 5,
738 1641 807 1682 ruant
826 1633 869 1682 tc
904 1632 1120 1682 tamenseLl'Cll
1153 1631 1290 1684 rabiemR
1324 1632 1394 1682 tac

340 1719 397 1750 arua
414 1710 448 1752 eet
466 1702 620 1765 (LP)CROr.
647 1705 697 1766 soe
710 1703 766 1765 equi
778 1703 884 1762 Escae:
902 1705 960 1767 (sae
974 1702 1028 1760 LC)
1046 1700 1109 1750 velut
1122 1700 1169 1762 (vel
1179 1701 1210 1756 Pr
1225 1701 1268 1766 qni
1280 1701 1393 1753 LPCllOr.

341 1774 364 1820 8.
382 1770 407 1819 ar‘
421 1772 478 1836 (pro
495 1770 550 1834 atq
570 1772 589 1821 E
606 1770 653 1820 sibi
668 1769 716 1834 apsi
732 1771 754 1820 R
772 1769 854 1820 bellam
871 1769 918 1819 arbi
933 1770 954 1818 L
991 1775 1013 1818 9.
1032 1771 1146 1820 ermari
1161 1769 1244 1819 calleat
1262 1771 1282 1820 L

335 1963 456 2038 putandi
475 1973 537 2018 aarrt
548 1958 595 2038 (l),
618 1979 672 2018 neo
694 1960 822 2032 videbat,
846 1961 1051 2018 Menedemum
1065 1980 1123 2018 non
1141 1979 1178 2018 ex
1191 1977 1393 2038 eorumgenere

339 2065 413 2118 esse,
436 2047 486 2120 qui
509 2047 630 2103 exitium
654 2044 852 2124 quaererent.)

426 2134 475 2188 29.
497 2151 609 2190 cum-
630 2135 746 2195 imunt,
770 2131 837 2206 tarn)
861 2143 914 2187 tunt
937 2135 1033 2206 absum,
1056 2151 1123 2188 enm.
1154 2130 1204 2190 Sic
1226 2129 1391 2188 recterius

340 2217 428 2273 etiam
450 2236 487 2274 ex
511 2217 587 2293 Spir.
600 2215 655 2294 [B]
679 2227 708 2274 et
720 2217 798 2275 Gud.
814 2218 847 2285 23
870 2218 1011 2274 edebatur
1022 2216 1099 2274 enim
1112 2227 1207 2274 tumen.
1231 2218 1290 2275 Pro
1301 2221 1391 2273 inrum

339 2303 427 2359 etiarn
451 2303 523 2377 Ηχψ
553 2311 583 2359 et
610 2303 685 2360 Pell.
708 2312 825 2377 praeter
846 2304 866 2358 4
889 2312 919 2358 et
940 2303 1083 2376 quaedam
1111 2303 1255 2360 editiones
1276 2301 1391 2377 aprima

338 2397 429 2444 ruant.
462 2387 547 2460 Quod
559 2388 705 2462 seqnitur:
727 2389 819 2445 dicant
839 2407 886 2444 nec
902 2389 1025 2445 dubitant
1047 2388 1167 2464 (dicere,
1190 2388 1285 2445 idest.
1307 2387 1390 2444 dium

339 2492 397 2530 non
420 2473 600 2548 dubitantes)
628 2473 772 2530 inutiliter
793 2473 969 2530 coniecturis
991 2482 1135 2530 tentatum
1157 2483 1220 2544 est„
1263 2473 1338 2531 Dicit
1355 2469 1390 2526 sit

339 2559 418 2634 apud
440 2558 610 2616 Terentium
634 2560 824 2616 Menedemus
845 2561 930 2618 actl
946 2577 986 2616 sc.
1002 2561 1015 2615 1
1030 2578 1058 2615 v.
1072 2560 1121 2615 28.
1165 2559 1221 2616 Eat
1232 2579 1297 2617 naus
1317 2557 1388 2614 etiam

341 2643 381 2722 [B
404 2641 448 2720 et]
470 2644 584 2701 codices
606 2643 747 2701 Terentii.

430 2729 485 2797 Qui
494 2733 548 2804 ipsi
557 2731 608 2785 arbi
618 2731 710 2786 bellum
722 2731 888 2788 inclamarent.
896 2727 1049 2804 —vellent)
1061 2729 1222 2803 Postquam
1231 2729 1300 2786 Piso
1311 2737 1389 2786 osten·

340 2815 392 2883 dit,
405 2833 465 2884 eos,
488 2815 538 2888 qui
549 2815 638 2889 vulgo
650 2815 761 2872 inimici
773 2815 829 2890 ipsi
841 2815 897 2872 sibi
910 2815 1082 2884 habeantur,
1104 2832 1162 2870 non
1175 2833 1240 2871 esse
1256 2809 1387 2872 eiusmodi.
1473 2865 1474 2888 q

340 2899 485 2974 significat
507 2900 700 2957 condicionali
723 2901 865 2969 oratione,
889 2901 990 2975 quales
1013 2898 1160 2956 illiluturi
1178 2898 1296 2970 fuerint,
1318 2893 1388 2970 siqui

339 3003 443 3060 reapse
465 2985 520 3042 sibi
540 2985 649 3042 inimici
672 2995 771 3042 essent
789 2985 903 3058 sibique
925 2985 1034 3042 bellum
1046 2984 1230 3042 indixissent.
1265 2986 1389 3043 Iinomes

339 3071 460 3144 diesque
482 3071 610 3144 torqueri
634 3071 744 3128 vellent
764 3088 818 3127 neo
840 3089 885 3140 se,
913 3081 945 3126 ut
969 3069 1159 3127 Menedemus
1180 3069 1267 3138 facit,
1290 3084 1388 3126 arcum·

339 3165 404 3213 rent
426 3166 481 3212 eet.
525 3155 710 3214 sanaverunt
731 3157 807 3213 hunc
829 3156 926 3212 locum
948 3156 1009 3212 Erl.
1032 3164 1062 3212 ct
1084 3155 1162 3231 Spir.
1179 3155 1250 3234 [B];
1282 3174 1343 3212 narn
1362 3150 1389 3206 de

339 3241 444 3299 ceteris
460 3242 544 3300 bonis
567 3251 688 3299 tacetur.
721 3241 891 3299 Deteriores
914 3241 1039 3312 codices,
1061 3241 1245 3298 additaroce
1267 3241 1389 3318 (-sorr:

339 3330 408 3384 velut
419 3330 467 3402 qui
477 3331 530 3402 ipsi
540 3323 618 3408 εει),
632 3327 806 3384 sententiam
818 3345 939 3402 prorsus
950 3345 1066 3401 pessum
1078 3327 1231 3384 dederunt.
1255 3326 1317 3384 Nisi
1327 3323 1388 3381 forle

339 3412 413 3469 haec
435 3413 581 3469 sententia
603 3421 647 3468 est
669 3430 704 3469 ao
725 3431 784 3468 non
807 3411 903 3469 inanis
925 3412 1082 3468 verborum
1095 3412 1249 3488 strepitus:
1273 3410 1327 3480 „Hi
1341 3423 1387 3464 non

339 3515 408 3554 vere
430 3498 488 3572 ipsi
509 3497 565 3554 sibi
587 3497 698 3554 inimici
716 3507 797 3566 cunc
825 3498 924 3571 itaque
938 3495 974 3573 (l)
997 3497 1039 3554 sio
1061 3497 1231 3571 loquuntur,
1255 3489 1387 3566 velasqui

339 3582 395 3658 ipsi
418 3583 473 3639 sibi
496 3583 603 3640 bellurn
627 3583 820 3640 indixissent“
846 3579 956 3662 (idest,
979 3582 1060 3638 velut
1082 3581 1131 3657 qui
1155 3583 1211 3658 ipsi
1229 3583 1284 3640 sibi
1295 3574 1387 3638 inimici

338 3676 449 3738 essent3
472 3668 543 3725 Piso
566 3668 645 3739 dicit,
669 3687 719 3724 eoa
741 3667 885 3743 sieloqui,
908 3677 1102 3743 utappareat,
1125 3668 1243 3726 eossibi
1256 3664 1387 3724 consulere

338 3752 429 3832 velle)
454 3763 502 3822 „et
524 3753 604 3810 velut
626 3753 675 3827 qui
699 3772 729 3810 se
752 3772 810 3810 non
833 3761 1023 3810 accusarent“
1052 3753 1133 3829 (nam
1155 3753 1229 3810 haee
1251 3751 1342 3812 omnia
1359 3745 1387 3803 ad

338 3841 407 3895 velut
428 3837 532 3895 referri
555 3857 673 3896 necesse
696 3847 754 3908 est;
777 3839 857 3913 atqui
881 3839 936 3896 hoc
948 3839 1012 3914 ipso
1024 3839 1228 3896 Menedemum
1241 3838 1320 3914 argui
1331 3833 1388 3893 Pia>

339 4008 431 4067 Gaius
454 4009 552 4067 nescio
574 4010 644 4084 quid
667 4008 794 4067 offensus
812 4019 864 4080 est,
888 4010 939 4066 sed
958 4028 1012 4066 neo
1029 4009 1133 4066 vitium
1150 4009 1225 4067 vidit
1241 4021 1387 4066 neccaram

338 4095 511 4170 scripturam
534 4113 565 4151 se
587 4095 617 4151 in
640 4095 700 4152 suis
723 4095 872 4152 codicibus
894 4095 1002 4152 hebere
1024 4095 1179 4152 intellexit.
1218 4092 1309 4172 (Gud.
1327 4093 1342 4148 2
1357 4087 1389 4145 nel

337 4199 408 4254 quae
429 4183 495 4256 ipat}
517 4181 585 4237 Bas.
609 4184 738 4256 om.qai;
772 4181 889 4238 Marsus
917 4183 987 4237 velrtt
1007 4184 1085 4237 etiam
1108 4175 1178 4260 qui.)
1222 4180 1314 4239 Paulo
1334 4183 1388 4252 post

338 4285 394 4322 sese
416 4266 498 4342 (ante
520 4265 600 4340 male)
623 4275 653 4323 et
675 4267 752 4324 rebus
774 4269 830 4322 suia
853 4275 882 4322 et
904 4267 968 4324 ttaec
979 4276 1019 4323 est
1040 4285 1076 4323 ex
1089 4266 1134 4322 ed.
1146 4266 1242 4341 prima
1253 4265 1289 4323 ad
1305 4264 1389 4340 plnres

336 4350 411 4408 alias
432 4361 595 4428 propagata
621 4360 718 4422 erant3
751 4351 809 4409 duo
836 4361 985 4427 postrema
1012 4351 1141 4409 correxit
1163 4349 1257 4410 Gaius
1283 4343 1389 4407 ceodd-
