2920 5012
355 387 398 453 38
751 406 796 452 ns
817 405 948 455 nmmos
970 405 1042 454 sou.

355 576 431 658 quid
453 594 515 640 non
536 575 660 657 probes.
704 575 876 658 Principio,
910 577 1052 659 inquam
1079 577 1112 642 in
1138 575 1289 659 physicis,
1324 576 1419 657 qinom

354 678 487 744 maxime
515 677 681 760 gloriatur,
713 677 848 759 primum
875 684 961 744 totus
990 687 1039 745 est
1065 680 1193 744 alienus.
1243 679 1419 744 Democritea

355 780 438 862 sicit
459 799 619 863 porpauoa
639 785 774 858 mutans,
798 783 853 846 sed
875 781 928 859 ita
950 789 986 847 ut
1007 800 1059 861 aa,
1082 799 1163 864 quae
1184 781 1340 864 corrigere
1361 781 1419 844 vult

355 883 430 948 mihi
452 883 578 966 quidem
600 884 774 965 depravare
791 883 941 949 rideatur.
975 885 1172 964 llleatomos‚
1194 902 1273 966 quas
1289 883 1419 966 appellat

316 986 338 1052 5
355 987 389 1053 id
409 993 468 1067 est,
491 1005 623 1068 corpora
644 986 805 1051 individua
826 993 958 1068 propter
979 987 1182 1066 soliditatem,
1210 993 1316 1052 censet
1335 987 1366 1050 in
1386 987 1419 1050 in·

424 1179 438 1223 2
469 1173 613 1242 [Dernocrite
630 1174 705 1225 adicit
717 1173 751 1224 ΑΙ
767 1185 792 1224 et
811 1174 860 1242 sn]
888 1176 1022 1226 Democriti
1038 1176 1113 1225 adicit
1132 1176 1178 1225 Em
1201 1175 1337 1226 Democrito
1355 1174 1419 1224 udilo

354 1242 567 1377 grangem]
590 1243 754 1294 LPMCllOr.
776 1243 876 1305 (admeti
897 1248 916 1294 t:
938 1245 1018 1295 abiicr't
1036 1246 1068 1308 L)
1128 1251 1149 1294 t.
1178 1243 1294 1310 [monos
1319 1243 1351 1311 Α]
1375 1239 1419 1294 riri

352 1488 378 1558 Ι,
404 1487 442 1544 69
467 1495 497 1543 et
519 1487 570 1556 73,
594 1487 630 1543 de
652 1487 717 1544 Fat.
742 1489 780 1544 21
805 1507 869 1563 sqq.
914 1489 961 1544 De
983 1488 1159 1564 gloriatione
1182 1487 1305 1564 Epicuri
1328 1487 1358 1543 in
1380 1487 1419 1542 ho

354 1581 438 1650 parte
461 1570 513 1629 ofr.
537 1572 575 1630 ad
599 1577 613 1642 ξ
634 1573 682 1629 63.

418 1659 588 1715 Democritea
599 1661 677 1734 dicit)
705 1658 863 1716 Praeclare
873 1658 946 1715 haee
958 1659 1073 1716 sanavit
1086 1659 1147 1716 Erl.
1160 1657 1260 1736 [equo
1275 1659 1419 1715 Demetrii

352 1742 539 1821 posueram];
569 1763 635 1800 nam
658 1745 688 1802 in
700 1745 822 1821 vulgata
843 1745 990 1819 scriptura
1006 1745 1069 1802 iure
1092 1755 1122 1802 et
1134 1745 1260 1804 Ursinus
1277 1743 1419 1802 offendere

338 1831 535 1901 '(utiltuerestit
565 1830 594 1886 in
624 1847 678 1887 suo
711 1829 763 1887 illo
796 1830 864 1886 fietu
895 1829 971 1887 libro
1005 1831 1063 1907 logi
1091 1831 1203 1903 disens)
1231 1841 1261 1887 et
1288 1829 1419 1888 Davisius

354 1916 404 1990 qui
432 1915 573 1992 primurn,
608 1915 688 1990 quod
716 1916 746 1973 in
775 1915 851 1974 CCC
879 1925 909 1972 et
936 1915 981 1972 ed.
1005 1918 1110 1978 Venet.
1138 1918 1214 1973 1471
1252 1927 1316 1972 erat
1343 1917 1419 1971 odiro

353 2001 456 2076 (etiam
474 2002 504 2058 in
522 1999 612 2078 Οκχ),
636 2001 821 2058 scribendum
834 2002 971 2077 putabat:
995 2003 1148 2059 Democrito
1169 2003 1280 2070 aceedit,
1298 2020 1419 2076 perplane

353 2097 474 2148 mittans.
498 2087 618 2158 deinde,
642 2105 707 2144 curn
731 2088 760 2144 in
784 2088 852 2145 Par.
880 2090 893 2144 1
919 2085 960 2165 (P)
984 2097 1014 2144 et
1037 2089 1054 2144 3
1078 2088 1122 2164 (et
1145 2087 1314 2162 convica)
1336 2087 1419 2142 addin

353 2173 547 2248 repperisset:
592 2173 629 2230 Se
657 2173 810 2230 Derrrorm'to
843 2175 947 2230 nrlrlr'cr't
980 2175 1085 2248 (pravo
1118 2174 1277 2230 verborum
1315 2171 1419 2242 ordine]

354 2259 477 2315 Frustra
510 2258 600 2315 ceteri
633 2258 782 2334 explicare
822 2258 972 2334 vulgatam
1008 2259 1183 2334 scripturam
1207 2267 1359 2328 conantur,
1387 2255 1419 2314 ali

352 2346 437 2401 udioit
457 2343 685 2419 interpretantes
707 2346 810 2401 aceedit
832 2354 884 2401 aut
906 2363 943 2400 ex
964 2345 1040 2402 male
1062 2343 1213 2402 intellecto
1225 2343 1351 2420 Vergilii
1373 2342 1419 2398 loo

352 2429 518 2487 inAeneid.
542 2431 582 2500 X,
609 2431 668 2487 182
692 2440 742 2487 sut
765 2430 862 2505 ellipsi
890 2430 1023 2486 inaudita
1050 2440 1166 2487 utentes
1188 2430 1269 2487 voois
1297 2431 1419 2487 caleulum

352 2515 405 2572 alii
428 2515 544 2591 (Gaius,
558 2513 663 2589 Orell.)
686 2516 758 2572 mire
776 2516 1032 2592 interpungentes:
1054 2519 1138 2573 ostitit
1150 2535 1299 2592 perpenna,
1322 2525 1419 2570 ναιοανα

353 2600 437 2676 qnasi
455 2612 561 2657 titulans
574 2601 616 2658 sie
628 2601 762 2658 absolute
774 2601 832 2658 dici
847 2603 942 2677 possit
951 2611 1004 2658 aut
1015 2621 1072 2659 non
1086 2602 1127 2660 sie
1140 2602 1179 2674 id,
1202 2601 1281 2675 qnod
1293 2617 1419 2658 summnn

352 2697 412 2758 est,
437 2687 607 2744 Democrito
630 2687 790 2764 Epicurum
814 2688 989 2755 adhaerere,
1018 2689 1206 2757 obscuretur,
1236 2705 1301 2744 oum
1324 2695 1419 2742 tantun

352 2772 482 2830 adiectio
511 2772 699 2848 significetur.
734 2771 811 2851 [cfr.
834 2777 848 2843 ξ
873 2774 924 2844 21,
947 2774 1002 2845 IV,
1029 2775 1066 2831 13
1090 2775 1186 2831 Poura
1207 2770 1316 2850 narnus]
1341 2773 1419 2828 In‘rer

262 2853 266 2860 ’
354 2858 460 2919 Cicero
483 2857 654 2933 saepissime
676 2859 712 2916 de
724 2859 967 2935 philosophorum
990 2860 1144 2918 sententiis
1160 2859 1254 2936 ponit,
1278 2867 1311 2915 ut
1332 2858 1367 2913 de
1390 2856 1419 2912 hi

354 2944 427 3021 ipsis
449 2944 526 3002 libro
548 2943 603 3016 IV,
630 2945 683 3002 13:
716 2965 776 3002 eum
805 2947 838 3002 de
856 2947 984 3020 plrem'mis
1011 2947 1103 3002 entium
1125 2948 1203 3006 ditet,
1238 2955 1292 3000 tum
1315 2954 1382 2999 uerte
1403 2941 1419 2996 ri

353 3033 486 3087 marinis.
532 3030 620 3104 Quod
636 3031 674 3088 sd
691 3030 870 3087 adieetivum
893 3031 1063 3088 Democritea
1087 3051 1156 3088 mox
1178 3028 1306 3086 refertur
1327 3045 1419 3104 prono

353 3133 420 3174 men
443 3117 495 3186 itte,
519 3116 554 3172 de
578 3135 612 3174 eo
636 3119 694 3188 (eat
715 3117 792 3174 enim
816 3117 1060 3190 notumsohema)
1084 3116 1187 3183 οἷον,
1204 3117 1257 3173 16:
1283 3115 1419 3172 Carneadi

353 3203 429 3259 nobis
450 3203 605 3258 adhibenda
627 3205 722 3260 dimsio
745 3213 791 3262 eet.
815 3220 870 3275 qno
893 3213 982 3258 noster·
1003 3205 1150 3259 Antiochus
1173 3203 1281 3259 liberter
1303 3204 1343 3256 uti
1362 3201 1419 3256 solet

355 3289 407 3346 Ille
428 3291 510 3361 ipitur
532 3287 724 3362 (Carneades)
747 3297 811 3354 eto.q
836 3297 963 3362 atquae
985 3287 1026 3345 ibi
1049 3288 1193 3345 dicent-ur.

439 3374 553 3448 atomos)
588 3372 703 3432 Graeoe
726 3373 820 3432 Gaius
838 3382 868 3430 et
887 3373 1026 3433 Orellius.
1050 3374 1222 3432 Transierat
1240 3391 1308 3442 vox,
1321 3371 1419 3446 opinor

354 3459 384 3516 in
406 3459 453 3517 ius
477 3458 563 3516 Latii.

440 3547 470 3602 iol
491 3555 539 3612 eat,
561 3563 675 3620 corpora
697 3543 837 3600 indim'dua
856 3554 969 3618 propter
991 3545 1164 3621 soliditatem)
1187 3545 1278 3602 Recte
1295 3540 1419 3599 Darisiu

355 3631 556 3688 eitathcret.
578 3631 604 3700 Ι
617 3630 694 3686 485:
719 3630 856 3704 Seriquue
878 3639 940 3685 sntrt
961 3649 1050 3686 rerttm
1069 3632 1232 3705 prirnorrlia
1256 3631 1330 3685 trulla
1349 3637 1419 3702 poteo

354 3720 395 3774 via
418 3717 573 3790 δίθρονον·
597 3735 659 3772 nam
682 3718 746 3771 solt
744 3717 793 3772 do
816 3717 922 3771 ον’ννοανιο
945 3735 976 3771 να-
998 3735 1108 3791 corpore
1130 3718 1244 3772 densim.
1273 3711 1419 3771 Addendn

355 3802 435 3860 Plut
458 3798 496 3874 (i)
518 3801 600 3859 Plao.
624 3799 736 3858 Philus.
758 3801 784 3871 I
801 3803 828 3871 3
836 3821 880 3894 p.
894 3801 954 3857 877
978 3801 1004 3858 F
1027 3801 1102 3874 (sive
1125 3801 1209 3860 sion.
1221 3800 1322 3898 ΕοΙοςἸ
1345 3797 1419 3872 Phys

354 3907 382 3964 p.
401 3888 462 3946 306
486 3887 604 3963 Heer.)·
627 3875 741 3959 ἄτομος
759 3844 933 3942 asininarum
954 3883 1122 3976 τμηθῆναι
1147 3875 1272 3982 ἀπαθὴς
1288 3901 1364 3940 ovum
1384 3899 1419 3936 αα

355 3966 544 4072 ἀμέτοχος
566 3965 686 4040 κενοῦ
718 3981 748 4028 et
769 3972 882 4070 paulo
875 3979 958 4028 ante.
987 3987 1170 4044 σωματα-
1184 3961 1317 4066 ἀμέτοχα
1339 3961 1419 4022 κενοῦ

355 4049 512 4148 οἶμέννητα.
544 4048 634 4132 ἀΐδια
658 4043 817 4131 ἄφθαρτα
846 4073 914 4112 οντε
941 4051 1140 4152 θραυσθῆναι
1178 4042 1329 4128 δυνάμενα
1366 4037 1419 4106 orit

355 4125 582 4216 διατλασμον’
567 4159 597 4196 eu
618 4137 677 4198 τῶν
693 4137 791 4214 μεροῖν
812 4128 960 4216 λαβενν
924 4159 978 4196 ουτ
977 4129 1215 4215 ’ἀλλοιωθῆναι
1247 4139 1313 4196 Neo
1334 4155 1419 4212 quem

354 4244 442 4326 quarn
464 4225 566 4302 fugere
589 4235 701 4302 potest,
725 4225 792 4284 ideo
814 4233 928 4283 ammos
950 4224 1065 4302 putari
1099 4225 1179 4300 quod
1205 4225 1280 4282 nihil
1309 4225 1419 4281 habean

354 4313 450 4382 vacui,
474 4312 547 4369 nrlul
559 4311 723 4388 composui,
748 4311 827 4386 quod
839 4311 961 4368 dissolvi
983 4309 1086 4387 possit.
1130 4311 1227 4385 (Quae
1238 4310 1372 4368 Bromius
1393 4323 1419 4362 es

354 4397 442 4474 Diog.
466 4398 633 4467 Laertlx,
658 4399 698 4454 44
718 4397 770 4470 (tle
784 4395 968 4472 Democrito)
991 4397 1071 4466 uitat,
1095 4397 1191 4454 rninus
1208 4397 1266 4455 hue
1277 4396 1419 4473 pertinent
