2920 5012
285 381 325 447 68
676 397 721 443 nn
743 395 874 444 nnrrens
896 396 967 443 son.

284 567 355 650 ipsa
376 566 514 633 iudicari.
559 565 606 632 Ea
633 565 709 648 qnid
730 564 865 647 percipit
885 573 940 630 ant
961 565 1037 646 qnid
1057 564 1187 644 iudicat,
1219 582 1282 645 quo
1303 571 1361 628 aut

286 675 373 752 petat
403 673 459 734 eut
490 667 589 750 fugiat
620 669 750 751 aliquid,
773 673 898 749 praeter
924 667 1114 748 voluptatem
1141 676 1172 732 et
1198 665 1360 732 dolorem?

286 775 337 838 31.
360 771 439 838 Sunt
460 777 565 836 eutem
586 771 712 853 quidem
734 789 751 836 e
773 770 904 850 nostris,
926 770 979 852 qui
1001 771 1077 835 haec
1098 769 1243 835 subtilius
1263 769 1364 834 velint

358 981 378 1025 1.
398 977 460 1026 Post
477 975 583 1026 iudt'eari
605 977 663 1024 add.
682 974 823 1040 oeluptctoe
841 975 912 1024 strom
935 983 957 1026 et
976 991 1020 1040 per
1040 991 1066 1024 se
1088 973 1240 1039 αραιπᾰαω
1263 991 1315 1024 me
1339 983 1362 1024 et

287 1045 388 1094 dolorem
412 1044 487 1110 ipsum
508 1061 552 1109 per
572 1061 597 1094 se
620 1060 671 1094 esse
683 1044 825 1110 sapiendum
847 1043 967 1094 LPMCR
1018 1041 1155 1107 eiput'dE
1173 1051 1195 1092 et
1212 1041 1271 1106 quid
1292 1042 1314 1092 L
1332 1059 1362 1092 en

286 1112 413 1232 meli}
431 1113 490 1163 eada
508 1112 566 1178 qut'd
583 1111 604 1165 C
625 1112 716 1178 Ecquid
732 1113 775 1165 Or.
829 1112 949 1178 praecipu
968 1112 988 1163 C
1011 1121 1034 1162 et
1055 1111 1114 1176 quid
1130 1109 1195 1174 (ΗΟ
1212 1111 1299 1176 ecquid
1315 1110 1362 1160 Or.

287 1399 409 1461 naturae,
432 1390 547 1460 nesci03
569 1388 762 1466 philosophus
785 1389 903 1464 quidem
919 1388 950 1446 in
961 1389 1017 1446 hac
1038 1388 1159 1446 notione
1175 1407 1262 1446 nemo
1273 1387 1362 1460 dixit,

287 1474 339 1532 sed
371 1463 449 1532 κατὰ
481 1463 570 1549 φύσιν
603 1493 713 1533 omnes.
765 1474 920 1532 Permulta
947 1474 1113 1532 huiusmodi
1133 1472 1251 1533 Graeca
1270 1475 1362 1532 borno

287 1561 385 1619 audax
397 1567 436 1631 et,
459 1559 539 1635 quod
549 1560 668 1637 pudeat,
680 1559 834 1637 imperitus
846 1561 933 1618 finxit
943 1559 1068 1619 Graecis
1078 1560 1219 1617 inaudita.
1232 1558 1363 1638 [Graser

289 1648 357 1722 prod
377 1655 471 1722 optem
492 1647 532 1702 ad
552 1643 703 1724 neutram]

371 1751 390 1788 α
411 1741 511 1789 notura
521 1732 583 1806 ipsa
594 1733 722 1808 iudicem)
745 1731 846 1790 Verba
857 1729 970 1802 eadem,
993 1749 1069 1804 quse
1080 1731 1173 1789 nostri
1189 1730 1362 1803 deteriores,

288 1817 392 1875 eloco
414 1817 503 1894 paulo
526 1815 666 1874 inferiore
688 1816 758 1895 (31)
788 1817 845 1874 huc
872 1835 972 1874 errore
999 1817 1142 1874 translata
1169 1817 1281 1874 addunt
1301 1817 1363 1874 Pa·

288 1903 373 1960 latini
385 1911 502 1978 praeter
518 1903 655 1979 primum,
678 1902 811 1979 plerique
832 1902 999 1972 Devisiani,
1021 1902 1223 1961 0xx.omnes.
1267 1901 1363 1960 Gzius

289 1998 390 2046 narrat
414 1987 533 2064 ,plures
555 1987 690 2064 scriptos,
713 1989 744 2046 in
766 1988 861 2062 iisque
872 1987 944 2060 En,
957 1988 1045 2064 Spir.,
1058 1987 1137 2047 Gud.
1150 1989 1198 2060 2,“
1223 2007 1259 2044 ea
1270 1987 1364 2047 verba

287 2074 409 2144 addere;
443 2073 510 2132 illos
531 2074 612 2149 ipsos
635 2074 753 2152 (saltem
774 2068 851 2152 Erl.)
873 2073 1010 2150 excipere
1032 2073 1364 2152 debebat-incredibilis

291 2159 494 2237 neglegentiae
516 2158 613 2218 homo.
647 2159 745 2217 Etiam
766 2159 850 2217 codd.
872 2160 949 2217 Mor.
971 2167 1001 2216 et
1021 2160 1101 2217 vioe
1124 2159 1271 2217 omittunt.

375 2246 424 2302 Ea
448 2247 516 2320 quid
532 2248 649 2320 percepit
670 2255 718 2302 aut
739 2246 819 2322 quid)
841 2244 878 2303 In
890 2245 1013 2322 singulis
1024 2263 1116 2322 prope
1128 2245 1226 2303 verbis
1238 2255 1364 2303 erramr.

288 2330 336 2388 Eo
358 2331 426 2404 quid
447 2339 493 2387 est
515 2348 553 2386 ex
564 2330 642 2389 Pell.
673 2334 686 2387 l
712 2341 743 2388 et
765 2333 794 2402 4,
818 2349 908 2408 marg.
931 2330 1011 2390 Crat
1034 2339 1064 2388 et
1079 2329 1205 2389 fortasse
1217 2331 1363 2406 pluribus,

287 2415 475 2492 postulatque
497 2417 607 2485 oratio;
629 2435 695 2474 curn
713 2417 791 2474 enirn
803 2415 1040 2488 demonstrasset,
1063 2424 1186 2474 naturae
1208 2417 1264 2474 hoc
1285 2417 1365 2474 iudi·

287 2501 366 2558 cium
387 2519 461 2574 esse,
485 2501 582 2558 addit:
605 2501 775 2579 Ea(igitur,
798 2501 1009 2578 qneeiudicat)
1032 2501 1103 2576 quid
1114 2499 1259 2578 percipit?
1282 2502 1364 2562 Vict.

286 2586 351 2644 cod.
373 2597 404 2644 et
424 2595 565 2662 quattuor
585 2587 661 2646 Pell.
684 2588 729 2664 (in
741 2586 864 2646 Gruteri
880 2587 1260 2665 notaerrevittypothete),
1281 2588 1364 2648 oxx.

286 2665 376 2748 Εξψχ
396 2693 428 2730 eu
450 2674 531 2748 qoid3
559 2673 661 2734 Ursini
690 2673 754 2731 cod.
778 2671 818 2748 (?)
840 2683 869 2730 ot
890 2675 959 2747 quid
965 2692 972 2743 ;
1010 2675 1087 2732 Dav.
1116 2693 1147 2730 ea
1176 2674 1268 2730 edidit
1294 2691 1364 2732 cnm

287 2757 429 2828 Grutero,
452 2759 488 2815 de
510 2759 594 2816 codd.
617 2767 709 2828 tacet;
743 2777 759 2816 e
782 2757 905 2817 Grinnis
927 2759 996 2816 Bes.
1024 2769 1049 2816 et
1070 2761 1151 2834 quid,
1185 2758 1264 2818 Gud.
1291 2761 1304 2816 l
1330 2779 1364 2817 en

287 2843 356 2918 quid
363 2885 371 2915 ,
414 2843 491 2919 Spir.
527 2843 574 2921 (ut
601 2843 677 2919 Erl.)
715 2847 740 2901 el
776 2847 858 2920 quid,
904 2843 983 2902 Gud.
1017 2845 1034 2901 2
1063 2864 1095 2902 en
1128 2847 1169 2903 vel
1211 2865 1242 2902 ea
1285 2847 1364 2920 quid.

288 2928 367 2987 Hinc
388 2930 424 2986 P.
446 2930 564 2988 Mersus
585 2928 698 2988 fecerat
719 2931 847 3004 Ecquid,
881 2930 969 3004 idque
992 2929 1086 2989 Gaius
1113 2939 1144 2988 et
1164 2929 1294 2990 Orellius
1314 2950 1365 2988 rs-

289 3023 440 3090 eepernnt,
463 3015 579 3073 sublato
602 3015 744 3074 orationis
765 3035 844 3072 nexu
867 3025 897 3072 et
913 3015 1070 3074 obscurata
1080 3015 1223 3092 primaria
1233 3015 1365 3074 notione.

286 3099 403 3157 Deinde
409 3104 546 3176 pracepit
562 3100 639 3178 (cod.
652 3101 741 3172 Vict.,
755 3101 842 3177 Spir.,
865 3100 945 3160 Gud.
961 3103 989 3176 1)
1001 3093 1139 3178 probavit
1155 3100 1259 3173 Gaius,
1281 3101 1366 3158 nulla

289 3185 443 3243 sententia.
487 3187 625 3264 Negabat
645 3187 791 3262 Epicurus
814 3186 974 3262 quidquem
996 3207 1014 3244 e
1035 3195 1141 3245 natura
1158 3187 1280 3265 percipi,
1303 3206 1365 3262 quo

288 3271 326 3328 ad
348 3272 546 3348 appetendum
568 3281 620 3330 aut
641 3273 679 3329 nd
700 3271 872 3348 fugiendum
895 3273 1006 3330 moveri
1028 3282 1143 3348 posset,
1171 3283 1289 3349 praeter
1311 3293 1365 3331 ro·

289 3355 433 3432 luptatem
456 3367 486 3414 et
507 3357 648 3416 dolorem.
692 3359 770 3416 Tum
792 3368 853 3428 urst,
888 3358 966 3433 quod
989 3359 1163 3416 diiunctioni
1183 3366 1285 3434 aptum
1308 3369 1365 3427 est,

173 3475 176 3480 -
288 3443 658 3502 tenenteDnvisionisEl.
681 3453 814 3519 uterque,
837 3445 921 3501 Parr.
948 3447 974 3515 1,
988 3444 1016 3516 3,
1029 3444 1136 3516 Mead,
1160 3442 1365 3514 Oxx.ornnes,

291 3526 360 3586 Gzii
378 3528 599 3605 „complures“;
632 3529 765 3588 ediderat
786 3530 828 3586 sie
850 3529 929 3588 Vict.
952 3522 1028 3604 (cod.
1050 3529 1114 3588 eius
1136 3550 1168 3588 en
1188 3528 1285 3605 qur'cl);
1317 3549 1366 3588 re-

289 3612 440 3671 tinuerunt
461 3625 486 3671 et
507 3616 575 3688 quid
596 3616 692 3686 Man,
715 3615 836 3685 Lbinns,
860 3615 1016 3674 Grutenrs.
1061 3615 1154 3674 Gaius
1170 3616 1219 3673 hio
1247 3633 1367 3691 qnoque

289 3700 386 3773 ecquid
407 3700 534 3775 scripsit.
579 3700 733 3760 Sententia
754 3709 800 3758 est
820 3701 968 3776 Epicurea
989 3702 1068 3776 apud
1090 3702 1170 3759 Plut.
1182 3700 1249 3759 adv.
1267 3700 1367 3760 Colot.

290 3784 341 3856 27,
353 3804 382 3859 p.
393 3786 524 3842 1122D:
546 3781 581 3842 A
584 3775 704 3862 lodpow
716 3780 789 3863 ἔχειν
801 3774 903 3844 δεῖκαὶ
916 3770 1056 3862 σάρκινον
1068 3781 1152 3864 εἶναι,
1164 3775 1213 3844 καὶ
1226 3787 1368 3860 φανεῖται

289 3857 378 3944 ἡδονὴ
401 3857 530 3946 ἀγαθόν.

377 3955 426 4012 31.
449 3955 521 4012 Stant
541 3965 630 4013 autem
641 3957 765 4033 quddam)
788 3958 835 4015 De
847 3957 951 4014 horum
963 3956 1127 4016 rationibus
1138 3957 1213 4014 nibil
1223 3956 1368 4014 traditum

292 4047 352 4109 est;
375 4040 436 4112 sed,
458 4049 492 4097 ut
513 4041 604 4099 fiebat
626 4042 655 4099 in
678 4042 731 4098 illa
753 4042 862 4112 schola,
886 4042 989 4100 eadem
1011 4043 1132 4100 mutatis
1143 4043 1242 4100 verbis
1254 4041 1369 4100 dixise

290 4123 437 4182 videntur.
480 4127 523 4186 Ut
545 4127 708 4185 adversarii
729 4147 788 4186 non
810 4127 882 4186 setis
905 4128 1111 4204 explicabant,
1139 4129 1217 4186 unde
1239 4127 1371 4186 oriretur

291 4209 362 4267 boni
384 4211 465 4268 notio
482 4213 630 4270 siccandi
653 4212 794 4284 seiuncta,
818 4213 861 4272 sie
882 4213 925 4270 illi
949 4233 965 4271 e
986 4203 1144 4290 προλήψει,
1168 4232 1242 4288 quae
1265 4232 1284 4271 a
1300 4231 1371 4271 sen-

293 4294 375 4352 sibus
398 4297 574 4354 nascebatur
584 4309 614 4355 et
624 4317 683 4373 que
694 4299 750 4356 hoc
761 4308 875 4357 tantum
886 4299 1081 4367 indicebatur,
1104 4299 1250 4375 quomodo
1267 4297 1373 4373 eliqua

287 4381 339 4438 'res
362 4399 479 4439 sensnm
502 4383 642 4456 afficeret,
670 4383 781 4443 frustra
804 4384 986 4458 efficiebant,
1015 4385 1172 4461 petendam
1200 4403 1265 4443 eam
1293 4403 1372 4445 esse.
