2920 5012
343 370 385 435 98
729 388 775 434 ns
796 388 927 436 amisus
949 389 1021 436 sou.

343 558 445 622 animo
467 575 566 638 aequo
587 576 606 623 e
627 557 699 637 vita,
721 576 790 622 cum
811 576 849 622 ea
865 577 927 622 non
943 557 1075 639 placeat,
1096 557 1399 639 tamquametheatro

343 678 496 726 exeamus.
542 660 661 737 Quibus
683 659 774 725 rebus
796 659 999 742 intellegitur,
1032 679 1088 726 nec
1109 659 1305 726 timiditatem
1325 659 1398 741 igna-

343 763 485 843 viamque
506 761 675 843 vituperari
703 781 759 828 nec
785 761 997 828 fortitudinem
1024 762 1267 844 patientiamque
1293 760 1400 828 laudari

344 883 401 930 suo
421 865 553 942 nomine,
576 866 631 930 sed
652 864 720 929 illas
731 863 813 944 reici,
836 865 909 946 quia
927 866 1207 947 dolorempariant
1229 866 1287 930 has
1303 863 1400 946 optari

300 967 327 1032 -5
344 968 417 1049 quia
438 969 636 1050 voluptatem.

428 1071 512 1136 XVI.
545 1071 596 1136 50.
619 1069 741 1135 Iustitia
762 1075 870 1150 restat,
892 1076 927 1134 ut
948 1072 988 1135 de
1009 1071 1091 1135 omni
1102 1070 1216 1135 virtute
1233 1071 1401 1144 sitdictum;
1447 1121 1448 1124 η

343 1173 397 1238 sed
420 1172 530 1238 similia
550 1170 615 1236 lere
636 1171 696 1236 dici
717 1179 857 1253 possunt.
901 1173 945 1238 Ut
966 1173 1047 1238 enirn
1069 1171 1267 1253 sapientiam,
1296 1179 1401 1252 tempe·

342 1275 483 1353 rentiam,
515 1273 727 1338 fortitudinem
756 1275 917 1356 cupidates
944 1293 1014 1340 esse
1039 1274 1130 1339 docui
1157 1291 1226 1338 cum
1248 1274 1403 1355 voluptate,

344 1386 379 1442 ut
399 1377 438 1442 ab
460 1395 498 1441 ee
515 1376 701 1442 nullomodo
713 1395 771 1442 nec
792 1377 896 1442 divelli
917 1395 974 1442 nec
995 1375 1126 1442 distrahi
1153 1377 1284 1458 possint
1306 1377 1348 1441 sic
1372 1375 1406 1438 de

284 1478 326 1543 10
342 1478 669 1544 iustitiaiudicandum
680 1484 829 1562 estquae
849 1498 912 1544 non
935 1480 1026 1544 modo
1049 1497 1216 1560 numquam
1238 1483 1329 1544 nocet
1347 1477 1403 1543 cui-
1447 1563 1448 1570 ἵ

342 1601 443 1664 quam,
465 1582 520 1646 sed
542 1587 650 1646 contra
672 1599 795 1663 semper
806 1581 965 1664 aliquid**
987 1599 1055 1646 cum
1073 1580 1171 1646 suavi
1186 1586 1404 1662 etquenatura,
1447 1663 1448 1672 ἵ

411 1757 433 1801 1.
451 1769 529 1816 aequo
547 1751 625 1800 animo
643 1751 806 1803 temeson.
843 1757 866 1803 9.
889 1749 1029 1818 intelieqitur
1045 1767 1094 1802 orn.
1113 1751 1181 1800 Ll’R
1215 1756 1239 1801 l.
1260 1749 1317 1801 ilica
1333 1749 1405 1800 cmi

341 1821 423 1871 loss
459 1826 481 1869 6.
503 1819 547 1901 [aab
562 1820 606 1887 ΑΙ]
645 1824 666 1870 7.
675 1823 765 1872 vercE
800 1825 979 1886 terupmutiam
996 1820 1112 1886 aap.MC
1150 1826 1187 1869 10.
1197 1816 1406 1884 numquamom.0

346 1895 383 1940 ll.
402 1889 446 1940 alit
467 1889 525 1954 quad
540 1888 594 1955 [pro
611 1889 712 1956 aimonii]
733 1889 801 1939 [ΡΜ
819 1889 863 1940 ciri
879 1889 1007 1954 aliquidc
1024 1887 1153 1940 suasor.
1167 1891 1234 1951 (cunr
1245 1887 1406 1946 mendinotal

345 1967 393 2008 tram
411 1959 505 2010 tiles
548 1958 574 2008 oi
587 1976 634 2008 aria
657 1958 793 2011 LPMCOr.
811 1959 836 2009 iu
853 1977 899 2010 cua
918 1959 961 2009 ER

342 2133 470 2191 eximere
493 2134 599 2191 studet.
643 2134 702 2194 Sed
731 2143 829 2192 tamen
852 2134 962 2191 doloris
990 2133 1179 2209 asperitatem
1207 2131 1408 2190 consolabatur

342 2218 444 2276 mortis
466 2236 532 2294 spe;
561 2219 619 2276 vid.
643 2220 680 2276 ad
704 2225 718 2290 ς
742 2220 791 2277 40.
835 2221 871 2279 Iu
894 2218 1039 2296 proximis
1061 2221 1152 2294 optari
1172 2227 1305 2293 apertam
1326 2217 1410 2274 habet

342 2307 453 2380 optionis
475 2304 726 2381 significationem.
1447 2373 1448 2380 ¹

427 2388 500 2466 Cap.
522 2391 611 2461 XVI,
636 2393 685 2446 50.
708 2409 755 2447 uec
776 2392 868 2447 diuelli
888 2409 934 2446 nec
956 2387 1086 2464 distroire)
1109 2388 1248 2464 Repetite
1269 2385 1411 2464 particule
1447 2397 1448 2460 j

342 2476 469 2534 oratorie
492 2494 579 2532 unam
602 2476 751 2532 notionem
774 2475 909 2533 dissolvit
930 2477 960 2533 in
984 2475 1071 2544 duas3
1094 2473 1146 2531 cfr.
1169 2474 1206 2530 sd
1229 2473 1307 2544 534.
1336 2474 1408 2532 Nam

342 2561 434 2639 (quod
451 2559 609 2620 Goerenzii
632 2579 721 2619 causa
742 2559 822 2638 dico)
844 2570 1000 2636 utrumque
1023 2561 1145 2617 verbum
1168 2560 1206 2616 ab
1228 2559 1315 2631 eavi,
1339 2575 1410 2632 quoe
1447 2619 1448 2640 χ

341 2665 465 2723 corpore
487 2647 529 2718 fit,
552 2645 728 2704 transfertur
750 2647 907 2704 adrerum
929 2665 987 2703 non
1011 2663 1219 2722 corporearum
1241 2645 1348 2702 invita
1369 2642 1410 2698 di·

341 2732 528 2790 iunctionem.
572 2732 618 2789 De
640 2733 703 2790 iure
726 2741 756 2790 et
777 2732 890 2790 iustitia
911 2750 969 2789 non
993 2751 1030 2788 ax
1052 2739 1158 2787 natura
1180 2730 1268 2802 ortis,
1304 2729 1356 2786 sed
1382 2727 1410 2784 in

341 2818 542 2876 conservando
564 2817 715 2875 hominum
742 2827 829 2894 pacto
852 2817 978 2892 quodam
1001 2815 1223 2890 tranquillitatis
1247 2811 1312 2889 (τῆς
1336 2805 1410 2870 ἀτα-

340 2897 460 2980 ραξίας)
483 2922 573 2962 eausa
594 2903 699 2980 positis
721 2904 897 2980 praecipuus
919 2903 1041 2978 Epicuri
1064 2902 1146 2958 locus
1168 2901 1255 2958 estin
1267 2897 1412 2958 sententia

341 2990 489 3048 tricesima
506 2991 593 3048 tertia
608 2989 810 3065 proximisque
827 2989 865 3046 ad
888 2987 1238 3062 duodequadragesimam
1254 2985 1356 3063 (Diog.
1372 2985 1411 3054 X,

344 3077 403 3133 150
425 3083 455 3132 et
479 3075 568 3168 l51)3
592 3073 643 3132 cfr.
672 3085 745 3131 sent.
768 3074 987 3132 sextadecima
1010 3059 1278 3149 (Diog.144):‘o
1301 3063 1412 3131 δίκαιος

341 3151 594 3236 ἀταρακτοτατος,
618 3149 634 3216 ὁ
657 3150 688 3216 δὲ
706 3147 806 3224 ἄδικος
816 3152 953 3234 πλείστης
963 3155 1096 3236 ταραχῆς
1107 3150 1210 3233 γέμων.
1234 3154 1309 3234 (cfr.
1326 3156 1412 3213 Lucr.

340 3245 378 3317 V,
404 3245 482 3302 1151
507 3243 564 3320 sq.)

425 3329 571 3404 aliquid**
593 3331 666 3406 cum)
689 3331 800 3389 Notavi
822 3329 967 3399 lacunam,
991 3346 1078 3402 qnam
1101 3327 1260 3385 ostendunt
1277 3326 1413 3384 meliores

340 3415 455 3472 codices
478 3416 609 3491 (praeter
631 3417 692 3474 Erl.
715 3417 803 3473 etiarn
827 3415 891 3473 Pal.
917 3419 943 3484 1,
968 3413 1056 3489 Spin,
1080 3423 1142 3470 tum
1164 3433 1201 3470 ex
1224 3413 1330 3470 ceteris
1349 3410 1413 3468 Pal.

342 3501 375 3570 3,
399 3495 456 3571 Εξ,
490 3501 616 3559 fortasse
643 3501 766 3577 plures).
815 3503 851 3559 In
880 3500 1075 3557 deterioribus
1103 3508 1217 3556 tentata
1239 3497 1414 3557 emendatio.

340 3597 373 3644 ut
394 3595 487 3644 esset:
509 3589 558 3644 alit
579 3590 647 3662 quid
668 3588 711 3665 (in
734 3587 797 3644 cod.
820 3587 898 3658 Ura,
921 3586 998 3644 Poll.
1021 3585 1185 3660 plerisque,
1213 3594 1297 3660 parte
1319 3581 1414 3640 Dari·

341 3673 498 3744 sianorum,
522 3671 601 3732 Oxx.
624 3673 708 3748 qu,
731 3671 855 3732 Gzianis
867 3670 1013 3748 reliquis),
1037 3672 1136 3746 inepto
1159 3671 1250 3727 verbo
1274 3677 1303 3726 et
1318 3685 1415 3744 prava
1447 3725 1448 3732 ,

340 3758 395 3814 hoe
406 3758 471 3815 loco
483 3758 664 3832 pronominis
672 3757 776 3816 forma.
799 3758 879 3815 Ante
903 3755 1010 3816 Gaium
1033 3756 1175 3812 edebatur
1186 3759 1236 3812 elit
1246 3757 1362 3830 aliquid.
1385 3754 1416 3810 Is

340 3844 549 3900 correctionem
562 3843 672 3914 Rathii,
695 3844 729 3902 F.
738 3844 777 3900 A.
785 3843 894 3900 Wolfio
906 3843 1061 3919 probatam
1079 3841 1122 3918 (in
1135 3859 1260 3897 censure
1270 3837 1415 3912 lenensi),

339 3929 467 4003 recepit:
489 3949 592 4004 semper
613 3931 704 4000 allicit,
728 3928 825 4005 specie
848 3947 935 4002 quam
957 3946 989 3983 re
1013 3927 1172 3984 meliorem.
1201 3926 1279 3984 Nam
1294 3925 1417 3982 allicere

340 4014 480 4072 iustitiam
504 4014 637 4072 homines
665 4015 702 4071 ad
724 4033 773 4084 se,
808 4013 1023 4071 concedebatur
1045 4013 1083 4070 ab
1106 4012 1256 4082 omnibus;
1291 4029 1417 4085 quaere·

339 4099 439 4171 batur,
473 4119 526 4175 per
554 4119 584 4157 se
612 4100 714 4177 ipsane
737 4098 806 4176 (49)
829 4117 866 4156 an
890 4099 1102 4157 emolumentis.
1146 4099 1252 4172 Itaque
1274 4115 1417 4173 perverse
1447 4097 1448 4100 ’

269 4219 273 4226 ·
340 4185 445 4242 damno
468 4186 615 4243 contraria
637 4186 756 4262 ponitur
784 4185 849 4261 ipsa
876 4185 928 4242 illa
949 4185 1131 4255 conciliatio,
1164 4201 1231 4240 cum
1255 4180 1418 4259 significari
1447 4189 1448 4200 ¹

339 4269 453 4342 debeat,
476 4289 536 4344 qua
557 4271 685 4329 utilitate
708 4270 828 4328 alliciat.
862 4271 997 4342 Accedit,
1020 4271 1100 4345 quod
1121 4268 1327 4326 coniunctivae
1340 4277 1419 4324 trou-

339 4357 438 4431 quilici,
461 4356 487 4412 si
508 4359 583 4432 quod
603 4357 771 4416 coniunctio
799 4365 860 4430 est,
893 4355 1038 4414 rationem
1065 4373 1123 4413 non
1151 4354 1249 4412 habet
1293 4352 1420 4410 Excidit
