2920 5012
353 403 396 448 eu
420 401 500 448 una.
518 401 580 447 nm.
598 401 608 447 1
632 401 704 448 cnr.
724 403 833 449 ra-rc.
1076 385 1136 450 115

91 579 176 636 rantes
195 581 224 637 et
242 572 360 654 iguem,
383 589 552 652 numquam
572 571 605 634 in
628 571 783 636 sententia
804 581 1037 653 permanentes,
1059 589 1138 653 quas

90 674 120 736 ob
145 692 245 739 causas
277 674 310 738 in
343 693 451 738 eorum
477 673 542 738 rita
569 671 654 736 nulla
676 681 725 738 est
746 674 946 754 intercapedo
969 673 1138 740 molestiae.

90 775 169 856 [gitur
187 795 284 858 neque
307 775 473 841 sudorum
495 774 661 857 quisquam
693 775 802 841 beatius
830 795 931 858 neque
953 777 1139 858 sapientium

90 897 135 942 non
163 879 274 944 beatum.
331 877 492 960 Multoque
525 877 583 942 hoc
615 877 724 942 melius
757 897 815 943 nos
847 879 1014 960 veriusque
1046 897 1139 960 quarn

88 981 169 1046 Stoici
209 981 257 1046 Illi
280 981 363 1046 enim
386 986 501 1062 negant
523 997 593 1045 esse
614 980 728 1044 boumn
752 981 923 1063 quidquam
950 981 1009 1047 nisi
1036 982 1179 1054 nescim

88 1101 164 1163 qnam
182 1083 264 1148 illam
287 1083 447 1161 umbram,
479 1084 564 1164 quod
596 1082 756 1164 appellant
777 1083 955 1162 honestum,
988 1103 1049 1149 non
1078 1091 1141 1148 tant

89 1185 167 1250 subdo
186 1203 277 1268 quam
300 1185 464 1267 splendido
487 1186 623 1264 nomine;
656 1185 801 1252 virtmem
828 1193 933 1251 autern
959 1187 1062 1250 nixam
1084 1186 1143 1252 hcc

91 1286 200 1352 bonesto
221 1287 337 1352 nullam
359 1288 518 1370 requirere
539 1287 732 1370 voluptatem
754 1297 849 1370 atque
867 1289 907 1354 ad
930 1289 1019 1354 beate
1036 1289 1148 1354 uvea-1

90 1389 149 1452 dnn
168 1409 199 1455 se
217 1391 287 1472 ipsa
309 1409 381 1455 esse
402 1398 586 1456 contentam.

140 1477 226 1557 aaut
240 1494 290 1557 62.
314 1493 377 1558 Sed
388 1493 606 1573 possuntbaec
617 1493 753 1574 quadam
765 1493 884 1558 ratione
895 1493 955 1558 dici
974 1513 1035 1558 non
1049 1495 1140 1558 modo
1161 1511 1201 1573 10

92 1612 139 1656 non
149 1594 394 1676 repugnantibus,
401 1612 509 1658 verum
521 1595 614 1660 etiam
625 1595 871 1676 approbantibus
884 1597 981 1660 nobis.
1000 1596 1049 1662 Sic
1061 1596 1142 1660 enim

90 1695 122 1757 ab
139 1696 261 1778 Epicuro
284 1696 412 1778 sapiens
435 1714 559 1777 semper
580 1697 690 1762 beatus
712 1698 883 1763 inducitur:
918 1697 1021 1764 finitas
1051 1699 1144 1764 habet

146 1905 166 1948 ³.
182 1919 220 1952 rec
236 1911 263 1952 at.
286 1902 310 1964 C,
346 1901 454 1968 [quisque
472 1899 521 1968 ah]
559 1901 692 1967 captantum
712 1901 806 1968 [A}LR
841 1910 863 1952 4.
888 1904 965 1953 cenae
988 1921 1030 1952 noa
1050 1903 1143 1953 maliace-

90 1970 155 2029 quet
185 1989 226 2034 que
244 1981 313 2036 (poet
330 1970 419 2036 υονίω)
438 1969 528 2020 cunii
565 1975 586 2020 5.
603 1988 652 2036 nep.
667 1971 735 2020 ercli
768 1971 1143 2035 boo.quidq.aeseLPMcR0r.

90 2040 260 2102 &remeanti
300 2043 339 2088 ta.
358 2041 442 2090 beatm
461 2055 510 2090 cm.
528 2039 580 2088 PR.

89 2238 265 2304 temperantes
277 2239 376 2305 atque,
400 2231 469 2288 dunt
481 2229 692 2306 cupiditatibus
709 2231 921 2305 obsequuntur,
944 2232 982 2288 ad
999 2232 1143 2309 agendum

11 2355 12 2360 κ
88 2316 207 2390 prompti.
229 2325 257 2372 et
281 2316 391 2392 ignari,
415 2336 432 2372 a
455 2335 526 2374 vera
548 2315 693 2374 industria
716 2325 745 2372 et
767 2315 939 2374 fortitudine
952 2318 1057 2375 remoti
1069 2329 1145 2376 sunt.

90 2399 119 2452 ll
135 2412 170 2458 cst
188 2421 240 2478 pro
263 2404 342 2458 iiciern
365 2403 454 2459 etiam
477 2401 561 2459 Parr.
588 2405 614 2472 1,
639 2401 657 2459 3
680 2402 757 2460 Dav.

160 2487 242 2560 Ipitur
263 2507 348 2562 neque
370 2486 524 2562 circitorum)
553 2487 701 2564 Exempla
729 2486 924 2546 Ciceroniana
954 2489 1035 2546 vocis
1065 2492 1146 2562 r'qitur

87 2569 158 2627 initio
179 2574 338 2630 sententiae
361 2574 476 2648 positae
499 2573 528 2630 in
551 2583 655 2649 aperta
676 2584 706 2630 et
728 2573 855 2650 simplici
873 2574 1071 2644 conclusione,
1095 2575 1145 2631 ubi

87 2655 155 2712 nulla
184 2659 241 2716 alia
269 2678 329 2716 crox
351 2678 410 2716 una
438 2660 628 2735 praecipuam
650 2659 823 2735 dignitatem
856 2658 992 2729 haberet,
1027 2659 1145 2736 collegit

86 2740 238 2802 Boetticher
272 2745 302 2800 in
325 2743 436 2802 Lexico
460 2745 583 2803 Taciteo
605 2764 633 2819 p.
658 2745 729 2815 237,
764 2761 830 2802 cum
864 2745 900 2800 de
933 2763 969 2802 eo
1002 2745 1040 2801 ab
1074 2746 1146 2820 ipsis

86 2825 221 2886 Ciceronis
254 2829 418 2887 editoribus
452 2831 616 2888 dubitatum
647 2841 725 2888 esset
753 2831 791 2886 ob
814 2830 990 2904 Quintiliani
1018 2832 1145 2889 auctori-

87 2921 164 2970 tatem
184 2915 222 2990 (I,
246 2917 275 2988 5,
300 2915 354 2994 39)
377 2925 429 2974 aut
451 2917 570 2986 saltem,
594 2926 627 2973 ut
648 2935 666 2972 a
687 2916 822 2986 Brenno,
847 2917 1033 2974 condiciones
1056 2917 1146 2992 parti-

87 2998 159 3055 culae
178 3001 219 3057 sic
241 3002 395 3078 ponendae
417 3021 477 3060 non
500 3003 572 3059 satis
594 3021 682 3059 verae
706 3003 841 3076 scriptae.
891 3003 937 3059 De
965 3003 1030 3078 ipso
1054 3001 1146 3075 Quin-

87 3083 175 3142 tiliano
196 3085 248 3144 cir.
271 3106 348 3144 nnnc
369 3087 541 3145 Bonnellus.
585 3089 661 3145 Tum
690 3106 783 3162 usqne
811 3089 848 3144 ad
871 3086 978 3146 Gaium
1001 3086 1063 3144 lere
1086 3087 1147 3144 edi·

86 3179 137 3225 tmn
169 3177 332 3247 sapientum
372 3173 495 3230 alteram
529 3172 654 3231 formem
693 3175 740 3230 hic
773 3173 926 3230 revocavit
958 3191 974 3229 e
1008 3181 1147 3246 quattuor

85 3255 137 3312 suis
149 3257 238 3328 codd,
261 3257 307 3336 [et
329 3260 371 3316 sic
389 3261 419 3316 A
436 3277 554 3334 quoque
566 3265 580 3330 5
594 3257 660 3336 70].
694 3259 788 3316 Paulo
812 3266 879 3335 post
901 3261 941 3315 illi
961 3269 1057 3331 rtqqorrt
1079 3262 1147 3316 araim

85 3337 175 3412 (etiam
197 3341 276 3401 Gud.
301 3341 351 3421 2),
375 3344 455 3418 quod
476 3342 570 3403 Gzius
593 3344 752 3420 probabat,
775 3345 907 3402 ordinem
930 3344 1019 3401 habet
1042 3363 1147 3420 prosae

84 3427 213 3484 orationis
246 3430 439 3506 scriptoribus
479 3449 536 3488 nou
571 3431 711 3488 usitatum
746 3430 818 3506 (vid.
853 3431 950 3488 Hand.
984 3430 1071 3486 Tura.
1105 3430 1146 3496 ll,

86 3513 198 3587 paca).
243 3513 293 3592 [ln
316 3516 419 3574 ordine
442 3517 644 3590 proximorum
667 3516 825 3574 verborum
849 3533 926 3572 nunc
943 3527 1060 3572 secutus
1083 3535 1146 3572 sunt

83 3599 115 3664 A,
136 3598 189 3667 En,
214 3599 253 3669 B;
276 3612 364 3658 antea
380 3620 537 3677 posueram
555 3621 611 3659 esse
633 3604 727 3677 quidq.
742 3603 836 3658 bocctun
854 3611 1002 3675 tarnquam
1021 3621 1058 3658 ex
1071 3599 1147 3678 Er1.]

11 3751 12 3758 ἵ
82 3681 167 3751 (Crat.
190 3685 292 3743 habet:
315 3707 372 3744 aare
394 3689 487 3744 bortum
510 3690 660 3762 qrciclquuru
682 3690 760 3760 ease.)

158 3769 277 3828 cirtrctenc
300 3777 391 3830 uirum.
414 3775 462 3830 boc
485 3771 604 3851 loricato)
628 3773 706 3846 Quid
729 3773 784 3830 hoc
812 3783 841 3829 et
863 3773 929 3830 aliis
957 3773 1030 3829 loeis
1058 3773 1148 3828 inter·

81 3855 112 3909 sit
143 3857 219 3913 inter
246 3847 298 3931 τὴν
320 3847 428 3933 ἀρετήν
456 3869 485 3914 et
506 3849 541 3914 τὸ
563 3846 668 3930 καλόν,
702 3858 874 3916 brevissime
908 3859 1088 3934 significare,
1124 3859 1147 3914 si

80 3955 238 3999 nostrorum
270 3943 513 4018 philosophorum
548 3943 646 4001 verbis
679 3952 765 4001 utens
798 3943 920 4001 alteram
955 3944 1148 4001 subiectivam

80 4027 199 4085 notionis
230 4039 343 4103 partem
371 4029 474 4087 dixero
504 4047 578 4098 esse,
601 4029 724 4087 alteram
748 4030 933 4087 obiectivam.
969 4029 1084 4086 Deinde
1107 4049 1147 4086 ao·

80 4114 153 4170 cilina
176 4135 270 4172 cumaea
292 4114 479 4188 aequalitatis
503 4133 606 4186 causa,
640 4127 673 4173 ut
700 4116 879 4173 contrarium
898 4125 976 4173 esset
998 4117 1148 4190 splendido,

79 4198 176 4258 [icero
199 4200 376 4257 insolentius
400 4200 475 4258 dixit
497 4221 551 4277 pro
574 4220 618 4272 eo,
642 4201 690 4259 cui
713 4202 847 4260 subesset
868 4220 915 4260 res
938 4201 1041 4258 solida.

155 4285 231 4362 Cap.
253 4285 344 4355 XIX,
370 4287 418 4342 62.
464 4287 510 4344 Sic
532 4291 599 4344 enim
621 4289 656 4344 ab
678 4289 800 4363 Epicuro
823 4287 892 4364 etc.)
937 4287 1061 4345 insitum
1086 4297 1147 4344 erat

11 4443 12 4446 Ἴ
78 4369 124 4426 hur
147 4371 241 4429 reteri
266 4371 480 4447 philosophiae.
504 4383 582 4431 certe
600 4383 666 4450 post
689 4374 892 4435 Aristotelem,
915 4374 966 4448 qui
989 4374 1064 4430 hanc
1087 4391 1148 4429 rem

945 4491 976 4543 S*
