3034 5030
341 377 406 444 384
733 391 778 464 nn
798 389 930 438 nmmos
952 389 1023 437 son.

341 571 445 630 motus
467 579 530 627 non
552 561 666 644 quivis,
699 561 754 626 sed
782 565 886 624 oenus
913 557 1038 639 quidam
1064 561 1112 624 est
1132 559 1239 636 datus,
1274 559 1318 623 sie
1347 559 1423 624 vita

342 667 467 749 agenda
487 669 536 730 θεῖ
557 669 642 730 certo
664 681 777 746 genere
798 661 943 744 quodem,
964 678 1027 725 non
1048 658 1195 740 quotibet
1218 661 1304 740 quod
1313 679 1421 742 genus

341 767 527 834 conveniens
548 771 848 846 musentaueumque
865 763 1002 829 dicimus.
1029 761 1185 828 Neeenim
1195 762 1421 844 gubernationi

341 876 398 936 aut
418 868 588 934 medicinae
609 867 737 933 similem
759 865 943 948 sapientiam
970 881 1039 929 esse
1060 863 1259 945 arbitramur,
1282 868 1340 932 sed
1361 885 1421 932 ao-

304 972 420 1040 btioni
441 971 485 1036 illi
507 971 626 1052 potius,
659 986 752 1051 quam
773 969 866 1034 modo
887 969 959 1045 dini,
981 971 1012 1030 θῖ
1033 963 1201 1044 saltationi,
1234 974 1270 1032 ut
1290 969 1321 1032 in
1344 969 1422 1050 ipsa

342 1074 426 1153 insit,
448 1092 510 1138 non
530 1071 607 1138 ioris
629 1077 754 1153 petatur
775 1079 960 1153 extremum,
985 1073 1018 1139 id
1032 1080 1088 1152 est,
1109 1071 1186 1137 artis
1208 1070 1341 1136 effectio.
1375 1071 1421 1135 Et

343 1183 448 1242 tamen
470 1181 519 1241 est
540 1175 634 1240 etiam
655 1173 717 1238 elia
738 1192 807 1238 oum
828 1175 876 1239 his
898 1175 975 1257 ipsis
997 1173 1116 1240 artibus
1137 1172 1420 1256 sapientiaedissi-

344 1277 495 1357 mititudo,
516 1285 684 1359 propterea
705 1276 790 1356 quod
810 1275 843 1341 in
864 1277 932 1356 illis,
955 1283 1129 1360 quaerente
1145 1275 1227 1341 bota
1248 1281 1329 1353 sunt,
1351 1293 1419 1338 non

344 1381 734 1446 eontinenttamenomnes
745 1383 862 1458 partes,
884 1379 1196 1460 equibusoonstant3
1219 1383 1421 1459 quaeautem

417 1624 437 1670 l.
454 1635 500 1668 non
518 1614 612 1684 gunild
645 1615 819 1685 redtoeturtl'
885 1623 909 1671 2.
927 1627 962 1668 θθῖ
979 1617 1002 1666 in
1019 1626 1081 1668 certo
1099 1617 1119 1666 L
1179 1633 1225 1666 non
1248 1613 1350 1680 quodam
1369 1631 1421 1663 non

345 1689 364 1737 E
422 1691 444 1738 b.
468 1685 536 1736 modo
555 1701 603 1734 om.
622 1685 641 1734 C
697 1693 723 1734 ut
740 1693 790 1735 arte
809 1685 834 1734 in
850 1684 904 1750 ipsa
922 1685 996 1736 Men
1013 1694 1038 1735 nt
1054 1687 1078 1734 in
1096 1686 1149 1751 ipra
1167 1694 1218 1734 arte
1236 1684 1257 1732 P
1302 1685 1325 1735 7.
1344 1683 1420 1731 etiarn

345 1771 394 1807 om.
413 1754 458 1806 Or.
499 1754 535 1804 lio
553 1758 602 1804 om.
621 1755 639 1803 L
657 1752 678 1802 ir
696 1754 720 1802 R
754 1757 776 1802 8.
795 1755 899 1804 rectall
935 1759 958 1805 s.
976 1751 1256 1804 mammotrecti
1290 1749 1359 1802 θτΟ

432 1953 488 2020 24.⁸
503 1964 531 2018 in
552 1964 612 2037 ipsa
633 1957 718 2038 inet’t)
732 1961 799 2019 Arte
809 1964 837 2018 in
848 1965 907 2038 2'psa
930 1962 1019 2020 etiam
1040 1963 1117 2032 Bas,
1140 1960 1219 2020 Gud.
1234 1962 1260 2030 1,
1283 1959 1420 2017 vindob.

345 2047 424 2124 apud
436 2047 552 2106 Gaium.
575 2046 712 2104 Editores
724 2047 792 2104 inde
808 2048 846 2104 ab
858 2047 938 2106 Aldo
954 2055 1194 2124 transposuerant
1205 2047 1245 2123 (in
1257 2049 1317 2121 ι’ρεα
1328 2043 1421 2120 arte),

284 2203 288 2212 ¹
346 2134 376 2191 in
399 2133 522 2190 delendo
545 2131 688 2190 vocabulo
705 2143 764 2190 arte
786 2131 879 2191 Gzius
901 2133 989 2191 etiam
1007 2133 1083 2208 Spin.
1106 2129 1162 2210 [B]
1184 2141 1213 2188 et
1235 2129 1345 2190 Gudt
1370 2149 1421 2186 se-

347 2227 431 2275 cutus
454 2225 507 2274 est.
541 2217 573 2274 In
593 2216 769 2294 praecisam
791 2219 905 2276 rettulit
927 2218 1159 2296 adsapientiam,
1182 2216 1287 2274 deinde
1298 2215 1421 2272 transiit

346 2302 383 2360 nd
404 2321 505 2379 genus.

431 2398 470 2444 est
481 2391 559 2445 etr'am
569 2391 625 2444 ada
635 2407 694 2446 oron
706 2389 747 2444 bia
758 2390 824 2462 ἱρείε
835 2386 951 2464 ortibus)
968 2389 1114 2465 Apertum
1122 2395 1175 2458 est,
1187 2386 1374 2444 saltationem
1388 2395 1421 2442 et

347 2471 496 2530 histrionis
507 2473 652 2530 actionem
664 2471 837 2550 signifieat-h
859 2493 927 2530 nam
939 2483 969 2531 et
990 2473 1163 2550 pronomina
1185 2472 1240 2550 (bie
1256 2469 1337 2547 apere)
1359 2469 1421 2528 hoe

348 2558 514 2629 ostendunt,
537 2576 612 2633 quae
624 2558 661 2616 ad
677 2557 828 2634 proximas
839 2567 918 2616 artes
928 2558 1104 2631 referuntur,
1123 2567 1152 2614 et
1163 2557 1308 2633 particula
1319 2565 1421 2627 tument,

347 2662 422 2718 quae
444 2643 597 2720 signifieat,
620 2663 684 2716 ees,
718 2662 793 2718 quae
820 2663 914 2720 nuper
940 2643 1159 2702 similitudinem
1182 2661 1247 2700 oum
1270 2640 1422 2717 sapientia

347 2729 454 2786 babere
477 2729 571 2787 dictae
594 2737 701 2800 essent,
724 2747 801 2785 nuno
822 2729 902 2804 ipsas
917 2729 1073 2787 dissimiles
1084 2727 1216 2804 reperiri,
1240 2735 1271 2784 et
1286 2726 1423 2803 postulat

347 2832 403 2872 res.
446 2815 529 2872 llaec
551 2814 638 2886 enim,
661 2833 736 2889 quae
758 2814 788 2870 in
810 2822 889 2872 reete
911 2813 997 2872 iactis
1018 2813 1152 2891 ponitur,
1175 2812 1357 2888 comparatio
1380 2812 1422 2869 ad

347 2918 397 2956 eas
419 2899 552 2975 proxime
575 2899 702 2976 pertinet
723 2909 810 2970 artes,
844 2918 968 2974 quarum
990 2918 1104 2956 surnrna
1124 2899 1220 2956 estin
1241 2898 1307 2974 ipsa
1329 2894 1421 2954 effec-

347 2983 427 3042 tione
449 2995 479 3042 et
499 2994 578 3044 reete
600 2983 687 3042 facto.
737 2985 803 3042 Hoe
825 3003 889 3042 oum
912 2985 1048 3042 Bromius
1069 2984 1182 3041 videret
1204 2983 1236 3060 (a
1256 2983 1420 3040 euiussen·

347 3069 439 3128 tentio
462 3069 554 3129 Gaius
575 3070 697 3128 ridicule
720 3067 891 3150 aberravit),
916 3070 1084 3128 mendosum
1105 3068 1230 3145 putabat
1250 3071 1329 3126 etiam
1350 3069 1420 3136 olio,

348 3155 426 3231 quod
453 3156 563 3214 nullam
592 3165 680 3214 antea
705 3155 809 3212 harum
832 3156 948 3228 artium,
976 3155 1028 3212 sed
1055 3163 1167 3212 tantum
1195 3153 1359 3211 medicinae
1390 3161 1422 3209 et

348 3241 577 3318 gubernationis,
601 3260 667 3299 curn
688 3240 833 3316 sapientia
855 3240 1122 3298 dissimilitudinem
1144 3239 1218 3299 Cato
1240 3256 1422 3296 oommemo-

347 3335 455 3396 rasset3
478 3327 577 3402 itaque
600 3326 689 3386 scribi
710 3326 842 3384 volebat:
863 3329 942 3384 etiem
963 3328 1065 3400 alr'qno
1110 3323 1169 3384 Sed
1190 3323 1308 3383 defendi
1320 3332 1423 3399 potest

347 3414 402 3469 alre
425 3412 476 3484 sic,
498 3423 531 3469 ut
553 3411 627 3472 Cato
649 3412 775 3488 primum
797 3411 934 3468 universe
951 3411 986 3468 de
1002 3411 1115 3469 artibus
1126 3409 1258 3487 cogitans
1270 3409 1313 3466 sie
1325 3408 1422 3466 dieat:

348 3497 403 3554 Est
420 3498 506 3554 etiarn
529 3497 589 3554 alin
610 3495 711 3575 (atque
735 3515 782 3568 ea,
817 3514 903 3571 quarn
931 3496 962 3554 in
989 3496 1200 3573 gubernatione
1223 3503 1253 3552 et
1273 3493 1423 3551 medicina

349 3581 477 3659 ostendi)
500 3583 707 3640 dissimilitudo
729 3581 891 3657 sapientiae
914 3599 980 3640 oum
1002 3582 1129 3653 artibus,
1163 3597 1255 3655 eaque
1283 3597 1348 3636 eum
1373 3579 1422 3636 his

348 3667 437 3744 ipsis,
470 3667 625 3725 saltatione
654 3677 683 3726 et
710 3668 825 3725 notione
847 3667 1021 3725 histrionum
1049 3676 1104 3724 eet.
1148 3667 1198 3743 (ln
1226 3663 1312 3722 exitu-
1330 3663 1422 3721 etiam

349 3753 511 3810 sententiae
544 3753 679 3810 universo
712 3753 856 3827 loquitur:
889 3755 916 3810 in
943 3755 1036 3810 reterre
1062 3752 1186 3826 ortibus.)
1241 3749 1422 3808 Huiusmodi

348 3838 532 3916 neglegentia
554 3838 695 3897 orationis
716 3837 747 3894 in
769 3837 815 3896 his
836 3838 920 3896 libris
942 3835 1090 3895 offendere
1105 3836 1157 3894 vix
1178 3843 1284 3912 potest
1318 3835 1422 3892 Tolle-

348 3935 429 3982 retur
450 3923 509 3982 alio
522 3924 607 3982 modo
620 3923 786 3994 difficultas,
809 3923 834 3981 si
856 3932 935 3980 reete
952 3919 1045 3982 Gzius
1066 3925 1145 3980 etium
1161 3921 1316 3992 omisisset,
1339 3920 1423 3994 quod

348 4009 378 4066 in
402 4009 479 4088 Spir.
502 4019 531 4067 et
552 4009 613 4066 Eri.
637 4027 711 4080 esee,
733 4008 763 4065 in
787 4009 891 4066 ceteris
913 4008 1087 4066 suisabesse
1110 4008 1160 4078 ait,
1183 4015 1217 4063 ut
1237 3998 1331 4074 ὶιῖΕξ.
1361 4004 1423 4064 Sed

348 4113 414 4152 curn
436 4096 554 4172 optimis
576 4093 680 4173 [etiam
701 4093 773 4172 AB]
785 4094 949 4153 consentire
961 4093 1137 4150 deteriorum
1148 4091 1299 4163 familiam,
1319 4091 1377 4148 mei
1391 4101 1423 4148 et

348 4180 454 4255 reliqui
466 4179 544 4240 Oxx.
567 4181 738 4251 ostendunt;
760 4198 815 4237 nee
837 4177 913 4239 Gzio
935 4179 971 4237 de
993 4178 1054 4236 suis
1075 4178 1172 4236 eredo.

433 4286 484 4322 non
505 4260 745 4344 eontinenttomen)
768 4265 819 4325 Sie
829 4266 918 4323 etiam
931 4264 1009 4341 Spin.
1021 4261 1076 4342 [B]
1093 4272 1124 4321 et
1133 4263 1212 4334 Bas,
1233 4261 1423 4336 restituitque

351 4345 452 4423 Gaius,
482 4360 514 4408 ut
530 4350 661 4410 fecerant
686 4351 799 4427 pridem
822 4352 939 4410 Marsus
956 4358 986 4407 et
1001 4351 1082 4408 Man.
1115 4347 1262 4424 Corrupta
1283 4355 1329 4404 est
1350 4365 1425 4404 vera
