2956 5028
416 463 460 507 ar
483 461 564 508 unu.
580 461 644 507 run.
660 461 685 506 11
708 460 780 506 cnr.
799 463 840 506 ao.
1091 440 1154 506 309

91 631 230 695 summis
252 629 455 695 doloribus
479 629 644 693 laetitia
689 629 740 693 98.
762 627 865 692 Audio
888 627 1031 708 equidem
1053 627 1153 707 philo-

1 787 2 798 ,
92 732 172 812 sophi
193 750 306 810 vocem,
329 731 479 812 Epicure3
512 731 568 794 scd
591 729 666 810 quid
687 729 743 794 tibi
766 729 930 795 dicendum
953 729 1007 808 sit,
1040 728 1154 793 oblitus

1 865 2 868 ¹
91 852 129 897 ea.
168 834 302 898 Primum
325 833 420 910 enim,
453 830 481 895 si
503 849 578 896 uera
600 836 675 895 sunt
695 851 749 911 ea,
783 851 915 914 quorum
938 830 1155 896 recordatione

91 945 118 998 te
136 937 266 1016 gaudere
287 934 374 1012 dicis,
397 935 523 1012 hocest,
546 933 665 996 sivero
687 933 1155 1015 sunttuascriptcetinventa,

90 1037 214 1115 gaudere
236 1056 299 1101 non
321 1044 427 1116 potes;
460 1035 535 1099 nihil
558 1035 638 1098 enim
660 1035 722 1098 iam
744 1035 849 1114 habea,
872 1036 956 1117 quod
978 1035 1018 1098 ad
1041 1052 1155 1115 corpus
1173 1029 1194 1096 5

92 1136 211 1216 referam
234 1149 282 1203 est
303 1145 408 1202 autem
430 1155 449 1201 a
471 1145 503 1202 te
526 1155 649 1218 semper
671 1137 797 1215 dictum,
820 1138 1024 1217 neogaudere
1047 1154 1155 1218 quem-

91 1257 172 1319 quam
199 1240 258 1303 nisi
286 1247 418 1320 propter
446 1257 560 1320 corpus
587 1257 643 1303 nec
665 1238 779 1303 dolere.
823 1237 1020 1316 Praeteritis,
1047 1237 1157 1320 inquit,

91 1341 207 1418 gaudeo.
242 1340 434 1418 Quibusnam
456 1339 658 1420 praeteritis?
681 1341 707 1404 si
729 1343 770 1406 ad
793 1339 1157 1421 corpuspertinentiuus‚
1237 1371 1240 1377 ,

92 1441 215 1506 rationes
237 1449 308 1506 tuas
330 1451 362 1506 te
384 1442 473 1507 video
495 1459 698 1523 compensare
720 1461 790 1507 cum
811 1442 880 1507 istis
903 1441 1070 1521 doloribua
1093 1460 1156 1506 non

91 1543 257 1606 memoriam
280 1561 410 1624 corpore
432 1553 652 1626 perceptarum
674 1544 884 1625 voluptatum
919 1544 965 1608 sin
988 1551 1092 1608 autem
1114 1544 1155 1606 ad
1176 1543 1219 1606 10

91 1643 223 1722 animum,
245 1643 356 1710 falsum
378 1655 435 1722 est,
457 1646 542 1727 quod
565 1663 660 1726 negas
683 1645 778 1710 animi
799 1645 896 1710 ullum
918 1643 1157 1726 essegaudium,

91 1747 165 1825 quod
185 1766 246 1811 non
269 1745 424 1812 referatur
447 1747 487 1810 ad
510 1763 632 1828 corpus.
678 1747 740 1812 Cur
762 1748 875 1812 deinde
887 1747 1058 1811 Metrodori
1081 1745 1157 1811 libe·

92 1865 138 1910 roa
157 1850 373 1913 commendas?
406 1849 482 1930 quid
510 1868 548 1911 cc
575 1849 635 1913 isto
664 1849 789 1930 egregio
816 1856 871 1914 tuo
893 1846 993 1914 officio
1016 1855 1047 1912 et
1069 1855 1158 1913 tanta

91 1943 145 2012 fido
164 1950 221 2030 (sic
242 1949 324 2014 enim
346 1951 501 2032 existimo)
524 1951 565 2015 ad
587 1969 701 2031 corpus
724 1948 844 2016 refers?

155 2208 172 2252 1.
191 2203 296 2268 equidem
314 2203 399 2254 summi
412 2204 548 2270 philosophi
564 2205 587 2254 R
641 2210 664 2254 6.
687 2203 725 2272 [ηε
742 2220 788 2269 pro
806 2223 848 2254 nec
865 2204 916 2272 Eh]
990 2204 1120 2269 quidquam
1140 2206 1158 2254 li

94 2274 128 2319 10.
143 2273 164 2320 εἰ
177 2271 297 2337 (nucu
356 2279 393 2322 13,
414 2289 445 2324 cr
463 2289 511 2324 orn.
533 2289 625 2324 ornnes.
679 2281 718 2322 tuo
736 2274 827 2338 opreyio
846 2273 965 2324 LPMCR

91 2545 123 2583 ex
144 2547 176 2586 ea
197 2531 334 2606 epistula,
357 2531 395 2588 ad
418 2550 505 2606 quam
529 2533 601 2588 haec
618 2532 713 2589 omnis
725 2532 887 2607 disputatio
899 2531 1036 2604 refertur,
1060 2553 1159 2609 sump-

90 2622 144 2670 tum
164 2634 236 2674 esee.
280 2617 341 2676 Sed
370 2635 424 2692 pro
452 2621 573 2674 nuorreuli
598 2617 692 2673 codex
714 2617 780 2674 Pal.
807 2620 820 2674 1
846 2616 907 2695 [ot‚
930 2619 1050 2675 Halmio
1074 2629 1158 2690 teste,

90 2697 144 2756 Erl
171 2713 199 2758 et
222 2700 263 2780 B]
292 2705 419 2772 morderem
453 2703 589 2776 idemque
619 2702 770 2760 Victorius
799 2721 814 2759 e
843 2722 896 2760 auo
924 2704 988 2760 cod.
1018 2704 1157 2762 enotavit.

90 2785 223 2860 Apparet,
247 2797 277 2844 et
299 2787 412 2861 aliquid
434 2787 536 2844 deesse
559 2797 589 2844 et
611 2787 682 2862 quid
704 2788 794 2856 desit3
817 2789 861 2844 ita
882 2788 960 2845 enim
984 2788 1020 2845 de
1043 2807 1074 2846 se
1097 2809 1159 2848 mo-

89 2869 160 2927 riens
180 2872 327 2947 Epicurus
356 2882 385 2930 et
413 2891 466 2930 suo
490 2880 569 2930 statu
591 2873 750 2944 iudicabat,
773 2882 806 2929 ut
828 2873 853 2930 ia
876 2873 940 2948 ipae
962 2875 1052 2931 animi
1074 2875 1159 2932 habi-

90 2961 132 3012 tua
152 2965 180 3012 et
200 2957 341 3014 iudicium
364 2959 525 3033 gloriosum
549 2967 641 3016 esset:
664 2959 769 3016 Beatus
785 2960 837 3015 sibi
848 2961 1019 3016 videturesse
1030 2963 1159 3031 moriem

88 3057 150 3096 uam
172 3044 274 3100 benum
297 3053 328 3100 et
349 3043 473 3100 eundem
496 3063 650 3119 supremum
678 3043 755 3100 diem
778 3063 809 3100 ae
832 3063 920 3120 agere
942 3044 1068 3102 dixerat.
1112 3047 1159 3104 De

89 3126 177 3183 verbio
189 3128 217 3184 in
230 3129 332 3186 codice
348 3127 510 3205 archetypo
523 3129 640 3186 omissis
651 3129 711 3186 vid.
722 3127 815 3204 praef.
827 3129 870 3200 I§
885 3131 912 3186 5.
936 3129 1041 3188 Gudn
1054 3131 1159 3188 habet:

88 3213 155 3282 quod
179 3215 230 3270 aidi
251 3217 372 3270 romenei
392 3215 498 3270 valletur
519 3234 577 3271 acac
599 3234 697 3288 moprro
720 3217 790 3286 lana,
819 3214 877 3274 Ox.
899 3215 940 3272 E:
963 3217 1038 3291 quod
1058 3219 1084 3274 oi
1105 3236 1159 3273 mo-

89 3298 159 3352 rienti
177 3300 230 3354 aid.
252 3319 275 3354 e.
298 3319 332 3355 m.
356 3301 373 3354 l.
398 3297 565 3376 [Vtilebutor
586 3319 640 3375 pro
663 3302 768 3356 videtur
789 3299 877 3357 etiam
900 3301 941 3370 Β,
971 3301 1048 3375 quod
1079 3311 1159 3358 recte

87 3381 150 3452 poni
172 3382 311 3461 poterat]
344 3384 499 3442 Editorum
523 3385 709 3442 coniecturae
732 3405 767 3444 eo
780 3385 873 3462 magia
890 3387 1069 3444 omittendae
1081 3397 1158 3459 sunt,

88 3481 154 3538 cum,
176 3468 260 3526 initio
274 3470 436 3526 sententiae
460 3468 557 3548 (refert
579 3480 674 3541 tomen,
698 3468 843 3549 quomodo)
865 3490 924 3528 non
947 3483 1026 3530 recte
1050 3473 1159 3531 consti-

88 3558 153 3623 tuto,
175 3554 247 3611 nihil
269 3554 300 3610 in
322 3554 445 3629 reliquia
469 3555 602 3630 expediri
625 3557 765 3631 potnerit.

166 3638 213 3696 98.
247 3659 294 3696 nco
314 3642 434 3712 paudere
456 3636 632 3721 quemqnam)
666 3640 774 3700 Gaiani
797 3649 915 3718 praeter
937 3640 1017 3700 Gud.
1037 3643 1054 3698 2
1078 3645 1159 3718 quid·

87 3739 159 3793 qurum
182 3725 284 3800 (credo
306 3724 342 3781 de
364 3743 423 3782 uno
442 3723 545 3802 Spir.),
568 3725 646 3782 unde
668 3726 693 3784 is
717 3726 805 3785 coicit
826 3747 987 3802 quemquam
999 3729 1158 3803 quidquam,

87 3809 399 3885 nouimprobabiliter3
423 3811 475 3868 sed
497 3820 558 3868 tarn
569 3811 759 3888 neglegenter
785 3812 816 3869 in
844 3813 905 3870 Erl.
929 3813 1060 3889 syllabae
1082 3833 1100 3870 n
1121 3833 1159 3888 qu

85 3890 253 3969 incipientes
277 3904 495 3971 permutantur,
519 3908 552 3953 ut
575 3897 682 3954 conlidi
710 3907 846 3971 nequeat.
896 3899 973 3956 Turn
1001 3901 1043 3954 ain
1070 3909 1159 3955 auton

86 3978 167 4036 etiam
179 3979 256 4057 Spir.
275 3977 340 4060 [B].
374 3983 455 4038 Ante
473 3980 581 4040 Gaium
604 3987 723 4054 arctoi,
746 3983 804 4041 nisi
826 3984 905 4058 quod
921 3983 1085 4041 Lambinus
1107 3987 1158 4040 rin.

162 4085 195 4122 er
216 4070 267 4123 icto
289 4071 393 4140 eprepr'o
421 4067 478 4144 tuo)
511 4068 700 4143 Praepositio
729 4069 814 4125 abest
841 4069 879 4126 ab
910 4069 1046 4126 omnibus
1074 4068 1158 4126 codd.

86 4145 183 4222 (Palu,
206 4152 392 4223 Davisianis‚
416 4152 512 4223 Oxx„
536 4151 606 4231 [B])
629 4163 659 4210 et
681 4153 747 4210 edd.
770 4163 841 4212 vett.
885 4143 1019 4227 Addidit,
1043 4155 1157 4230 opinor,

84 4232 239 4294 llanutiua.
274 4239 324 4296 Eu
343 4257 380 4295 an
398 4241 426 4295 in
449 4239 528 4316 (curn
548 4247 608 4295 tarn
621 4239 752 4296 officiose
770 4237 848 4318 agis)
875 4240 1041 4297 addendum
1058 4239 1158 4302 fuerit.

1 4363 2 4412 3
86 4318 204 4380 dubitari
226 4333 333 4399 potest
378 4324 497 4397 Eprepio
519 4334 563 4381 tuo
586 4324 673 4382 etiam
698 4323 777 4401 Spir.
800 4323 815 4402 [
841 4324 864 4403 ].
