2928 5012
334 362 436 427 XLVI
796 381 992 430 rnnurnrm.

333 567 402 615 cum
425 549 517 614 etiam
539 552 736 616 ostenderem
758 553 791 634 (ξ
812 553 831 618 3
854 571 883 634 p.
906 551 1068 632 XXXIV),
1090 551 1200 630 multa,
1223 567 1302 632 quae
1322 567 1423 613 nunc

333 657 486 723 communi
524 675 677 722 consensu
709 667 867 742 tamquam
900 661 1033 727 fideliter
1076 659 1246 742 antiquitus
1280 667 1424 722 servata

333 765 551 848 probarentur,
574 767 768 832 coniecturae
790 789 883 834 verae
906 787 942 834 ac
964 768 1157 834 necessariae
1178 767 1298 844 deberi;
1319 773 1423 829 erat-

332 893 393 956 que
415 873 503 940 facile
524 874 571 952 iis,
594 893 673 956 quae
694 875 996 943 ibiarecentissimis
1007 875 1143 942 librariis
1159 875 1321 940 emendata
1332 873 1423 938 dixi.

332 982 393 1048 alia
414 983 599 1064 adiungere,
633 1001 714 1064 quae
740 1003 759 1048 a
781 993 887 1051 vetere
909 987 1011 1068 aliquo
1034 987 1153 1052 editore
1175 991 1315 1050 correcta
1337 999 1423 1045 esse

332 1091 424 1173 vrdgo
447 1091 591 1156 nescitur.
624 1091 720 1156 Velut
741 1094 791 1166 lut
812 1093 932 1159 duobus
955 1094 1063 1158 vicinis
1080 1091 1228 1174 exemplis
1239 1089 1422 1171 demngart

332 1200 363 1263 in
386 1200 442 1276 Ill,
455 1201 495 1264 28
518 1217 706 1281 quamquam
728 1201 768 1264 ad
781 1202 875 1267 verba
891 1221 929 1265 cc
940 1221 1002 1282 quo
1012 1199 1143 1281 11111111
1153 1199 1228 1265 nibil
1240 1198 1422 1265 Gruterus.

332 1306 488 1382 Davisius,
510 1306 711 1386 Goerenzius,
734 1309 869 1374 (lrellius
891 1317 1051 1386 annotant,
1073 1319 1175 1373 tamen
1199 1305 1422 1372 certissimum

332 1423 388 1494 est,
410 1415 441 1478 in
464 1415 548 1480 nullo
571 1416 676 1482 codice
697 1416 742 1480 ita
764 1416 873 1496 luisse,
907 1419 963 1482 sed
990 1418 1020 1482 in
1050 1416 1192 1482 omnibus
1214 1435 1251 1480 cc
1273 1433 1354 1495 qum,
1384 1423 1422 1477 et

331 1521 439 1604 paucis
461 1522 603 1588 versibus
625 1531 707 1605 post,
729 1524 781 1588 ubi
803 1535 887 1590 recte
909 1525 1012 1590 editur
1033 1524 1069 1588 ob
1090 1544 1140 1602 ca,
1163 1523 1246 1606 quod
1269 1521 1421 1587 Orellius

331 1650 368 1696 ex
391 1649 454 1696 una
475 1631 604 1695 Victorii
626 1631 761 1696 editione
784 1633 911 1698 ascribit
936 1633 980 1696 od
1005 1653 1055 1712 eu,
1088 1632 1120 1697 id
1148 1649 1255 1696 omnes
1282 1630 1421 1694 codices

330 1739 514 1804 habuerunt
559 1739 679 1804 Horum
700 1740 795 1821 igitur
817 1740 930 1805 codicis
953 1740 1113 1822 archetypi
1141 1740 1323 1804 mendorum
1348 1737 1419 1801 tol-

331 1847 510 1924 lendorum,
545 1847 571 1911 si
599 1846 638 1911 ab
665 1847 703 1911 iis
729 1847 804 1912 locis
827 1849 1027 1926 discedimus,
1060 1866 1141 1930 quae
1163 1847 1247 1928 apud
1269 1845 1419 1909 Nouium

331 1955 446 2020 rectius
469 1954 601 2036 scriptos
624 1961 697 2020 autc
708 1957 752 2036 (p.
764 1955 885 2036 XXIII)
897 1956 1075 2022 enumeravi
1098 1955 1182 2031 (narn
1195 1953 1419 2034 (1111111111-

330 2063 434 2127 matici
462 2061 537 2126 nihil
560 2081 617 2126 nos
638 2063 810 2144 1111111111),
832 2063 932 2129 omnis
954 2065 1034 2128 ratio
1056 2063 1087 2128 in
1110 2062 1286 2126 coniectura
1302 2061 1418 2142 posita

330 2177 387 2234 est.
434 2173 536 2252 Atque
559 2188 652 2250 saepe
674 2171 868 2236 coniecturae
891 2171 1107 2237 necessitatem
1129 2170 1200 2251 ipsa
1221 2169 1348 2233 demum
1361 2169 1417 2231 in-

330 2278 433 2343 ventio
455 2278 534 2355 eius,
564 2279 648 2359 quod
669 2277 701 2342 in
724 2278 828 2344 codice
850 2279 1018 2361 archetypo
1041 2278 1191 2359 scriptum
1213 2275 1320 2352 1111111,
1355 2295 1416 2340 ex-

331 2385 429 2468 prdsis
451 2385 659 2466 posteriorum
680 2385 979 2467 interpolationibus,
1001 2387 1093 2450 affert
1114 2393 1147 2450 ct
1167 2383 1313 2460 ostendit,
1337 2401 1417 2447 cum

330 2493 362 2557 in
385 2511 422 2558 eo
443 2493 607 2574 vestigium
630 2493 696 2558 veri
719 2493 773 2573 sit,
801 2513 862 2558 non
885 2513 993 2560 1111111
1014 2495 1131 2576 ipsum,
1154 2491 1327 2557 cuiusmodi
1351 2501 1415 2562 est,

329 2607 365 2663 ut
396 2619 433 2665 ex
463 2619 575 2682 magna
603 2601 693 2681 copia
720 2619 816 2665 unum
838 2621 967 2682 ponam,
998 2601 1074 2666 illud
1091 2601 1122 2665 in
1145 2601 1200 2680 III,
1218 2603 1273 2664 titi:
1307 2597 1417 2662 11111111

331 2705 437 2789 (aas)
447 2707 636 2791 neclectique,
659 2727 802 2791 proquo
825 2709 1026 2774 substitutum
1048 2718 1130 2783 erat,
1152 2709 1183 2772 in
1206 2725 1269 2789 quo
1291 2725 1351 2786 per
1377 2725 1415 2770 se

331 2833 394 2880 non
416 2815 504 2881 facile
522 2815 704 2894 offenderes,
726 2815 839 2895 abiecti
861 2817 907 2900 [et
918 2817 971 2896 IV,
983 2819 1025 2882 65
1047 2817 1147 2892 nmcil,
1169 2834 1228 2896 pro
1245 2831 1307 2894 quo
1320 2815 1413 2894 posi-

330 2931 396 2987 tum
419 2931 467 2988 est
488 2921 672 3006 1119111111

416 3030 630 3096 Coniecturam
653 3032 760 3113 igitur,
788 3032 846 3096 hoc
868 3041 929 3108 est,
958 3031 1201 3096 emendationem
1223 3049 1262 3094 ex
1283 3028 1412 3092 indiciis

329 3147 496 3220 repertam
520 3158 582 3221 qua
604 3139 711 3204 critica
732 3157 785 3203 ars
807 3139 987 3218 absolvitur,
1010 3147 1044 3202 11
1066 3157 1127 3202 non
1151 3137 1251 3202 solum
1272 3136 1411 3200 tradito-

330 3265 399 3310 rum
421 3247 575 3312 delectum
596 3245 696 3324 iaciat,
719 3247 775 3310 sed
797 3247 912 3312 amissa
925 3253 1060 3328 reparet
1082 3253 1114 3310 et
1135 3245 1266 3310 aliorum
1279 3251 1412 3307 secutus

330 3373 399 3418 sum
421 3361 452 3418 et
473 3353 603 3418 multum
625 3353 719 3418 etiam
740 3371 809 3418 mea
831 3373 917 3432 usus,
938 3372 1008 3418 cum
1029 3363 1061 3419 et
1076 3350 1410 3418 testimouiaoodicum

328 3459 450 3542 plenius
472 3461 648 3542 certiusqne
669 3460 822 3541 exquisita
844 3461 1003 3540 haberem,
1031 3481 1124 3542 quam
1152 3459 1347 3541 superiores,
1377 3468 1410 3523 et.

330 3573 426 3632 totam
450 3567 605 3632 (iceronis
627 3561 868 3647 disputationem
890 3587 1058 3651 omnesque
1080 3567 1252 3632 sententias
1273 3565 1408 3648 diligen-

329 3675 390 3740 tius
413 3675 653 3756 accuratiusque
673 3685 857 3756 persecutus
879 3675 953 3739 mihi
976 3675 1114 3754 viderer3
1142 3675 1187 3738 uti
1209 3680 1313 3738 autem
1338 3683 1407 3738 stu-

328 3783 382 3848 dui
404 3791 435 3848 11
457 3783 552 3846 libere
575 3789 606 3846 11
626 3783 801 3862 prudenter
821 3791 854 3847 11
874 3783 914 3846 ad
937 3783 1015 3846 artis
1037 3783 1186 3864 regulam
1232 3781 1293 3846 Odi
1311 3783 1405 3858 enim,

328 3897 364 3954 ut
381 3891 435 3971 qui
446 3889 586 3959 manime
610 3888 716 3953 inania
737 3889 984 3958 coniecturarum
1000 3889 1136 3955 ludibria
1163 3889 1322 3954 hominum
1351 3899 1408 3954 aut

328 3996 542 4078 imperitorum
565 4005 618 4060 aut
645 3996 772 4071 levium,
806 4003 889 4061 certe
917 4005 986 4062 arte
1007 3997 1242 4074 destitutorum,
1276 4007 1406 4076 praeter

328 4104 428 4185 ipsam
449 4105 618 4168 uanitatem
641 4103 689 4168 vel
711 4104 880 4184 praecipue
901 4103 941 4168 ob
964 4121 1180 4185 eamcausam,
1200 4104 1404 4186 quodneces-
1442 4121 1443 4130 ¹

328 4211 443 4276 11111111
465 4221 587 4292 partem
610 4211 735 4275 criticae
756 4209 788 4274 in
810 4211 958 4276 invidiam
979 4211 1148 4276 adductmt.
