2938 5020
446 414 489 460 111
512 413 592 460 usu.
616 415 677 461 1111.
701 415 724 460 11
746 415 818 462 etr.
839 419 861 463 s.
1106 400 1167 466 189

107 579 151 644 illc
170 531 257 661 porro
281 579 399 663 [mala]
427 599 538 662 prave,
568 582 725 663 nequiter,
758 582 908 672 turpiter
928 585 1072 663 censbam
1106 605 1168 651 non

168 772 176 815 t
203 765 261 818 sanie
279 769 334 818 siue
351 769 425 818 uncis
442 767 485 818 Or.

105 957 212 1014 eandem
235 959 294 1015 vim
306 957 427 1026 habent,
449 977 484 1015 ac
507 959 531 1016 si
554 959 649 1016 dicae:
672 961 753 1034 idque
774 979 833 1016 cnm
846 971 941 1025 tomes,
964 965 1096 1035 qrtontois.
1119 967 1169 1038 qui

107 1053 188 1098 toreis.
229 1043 295 1100 Hoc
318 1043 388 1118 quia
410 1062 428 1099 a
449 1043 531 1100 nullo
554 1044 640 1101 video
654 1054 834 1114 annotatum,
858 1046 995 1121 exempla
1011 1047 1166 1105 ascribam.

106 1125 157 1184 Cic.
177 1147 228 1203 pro
249 1129 338 1186 Roec.
360 1129 429 1185 Am.
454 1129 492 1187 66
517 1129 582 1204 (ubi
605 1139 663 1186 est:
686 1149 744 1186 cum
754 1133 914 1206 praesertim
938 1165 978 1173 —
1001 1131 1111 1208 toccu),
1135 1133 1165 1191 iu

105 1213 177 1269 l'err.
197 1213 239 1273 11.
266 1214 340 1270 113:
368 1223 398 1270 nt
419 1233 453 1270 er
474 1216 573 1288 oppido
609 1215 731 1272 Thermis
761 1216 827 1272 nitu
853 1235 886 1272 ee
913 1235 1006 1282 sucro,
1041 1219 1107 1274 nillil
1133 1221 1167 1275 de

104 1299 195 1370 publico
213 1301 365 1372 attritperes,
387 1317 447 1356 cum
454 1303 614 1374 praesertim
637 1299 670 1376 (i.
682 1319 707 1356 e.
719 1317 784 1357 cum
803 1308 911 1372 tamem
934 1302 1011 1359 sive:
1034 1301 1113 1376 quod
1130 1322 1166 1361 eo

105 1384 184 1458 magis
205 1385 311 1440 mirum
334 1393 388 1442 est.
411 1383 491 1458 cum)
525 1395 611 1441 essent
639 1387 722 1442 ncrtdo
741 1388 888 1460 praecino
911 1395 980 1454 etc,
1009 1387 1068 1444 ibd.
1095 1389 1164 1460 155,
1187 1406 1190 1412 ·

105 1487 149 1542 pro
170 1467 249 1528 Sulla
273 1471 307 1526 6:
330 1469 415 1526 Nemo
433 1473 510 1542 offuit
528 1471 696 1543 Varprmteio,
718 1491 750 1527 ne
773 1472 815 1528 tte
826 1474 932 1546 quidem
949 1471 983 1540 Q.
994 1473 1164 1540 Hortensius,

101 1558 243 1626 praesertim
254 1557 304 1629 qni
325 1555 358 1628 (i.
370 1573 395 1610 e.
407 1555 487 1629 quod
504 1573 540 1612 eo
562 1555 783 1612 memorabilius
800 1567 860 1628 est,
883 1555 963 1631 cum)
990 1559 1063 1614 illenn
1092 1561 1165 1615 eolus

104 1649 170 1694 niatu
180 1641 213 1696 de
223 1641 324 1696 orubitu
335 1638 520 1715 defendisset),
532 1640 662 1716 Philipp.
675 1641 716 1708 11,
731 1641 770 1698 60
789 1641 853 1716 (ubi
866 1642 938 1698 haec
949 1643 1095 1700 sententia
1107 1653 1165 1701 est:

104 1740 153 1779 non
173 1723 308 1782 destitisti
330 1743 377 1782 me
399 1743 572 1800 provocare,
600 1725 863 1799 quamvievideres
885 1721 964 1806 ete),
988 1728 1047 1784 ibd.
1072 1731 1111 1785 64
1135 1738 1165 1786 et

108 1808 165 1872 106,
187 1809 318 1867 deem.
329 1811 401 1869 XV.
421 1810 471 1872 21,
486 1811 503 1866 2
523 1809 586 1887 (qm
602 1813 785 1885 praesertim),
809 1812 846 1868 ad
859 1813 952 1869 Attic.
964 1813 1057 1872 XIV.
1074 1815 1164 1884 18,1,

103 1892 173 1950 Brut.
196 1895 266 1961 267,
290 1894 373 1954 Oret.
397 1895 437 1950 32
460 1891 525 1974 (qui
547 1896 638 1964 locus,
662 1897 734 1953 mire
757 1897 794 1952 ab
807 1896 1016 1972 interpretibus
1028 1908 1163 1964 vexatus,

103 1977 166 2034 hanc
186 1979 273 2036 habet
296 1990 427 2056 apertam
452 1981 635 2050 sententiam,
659 1999 747 2056 quam
764 1981 959 2039 intellexisset
976 1981 1115 2053 Orellius,
1139 1984 1163 2041 si

103 2081 151 2119 non
170 2084 236 2135 orm,
260 2066 312 2122 sed
333 2085 392 2122 csaern
412 2069 571 2140 praesertim
594 2085 648 2140 pro
671 2070 795 2140 qrtonsois
816 2068 993 2142 accepisset:
1016 2085 1069 2124 nec
1082 2069 1163 2126 Thu·

102 2148 209 2223 cydidis,
232 2151 368 2224 quamvis
389 2149 494 2208 fuisset
515 2151 676 2208 honoratus
704 2160 734 2208 et
761 2151 883 2220 nobilis,
917 2171 1023 2210 nomen
1051 2154 1163 2229 1111ρο-

102 2243 182 2292 steros
203 2245 332 2296 extaret.
366 2235 421 2292 nisi
444 2235 596 2293 historiam
620 2233 816 2316 scripsisset),
850 2238 888 2294 N.
911 2237 1013 2298 1211.
1038 2237 1092 2306 88,
1127 2239 1163 2296 de

102 2316 151 2374 Oli.
171 2321 210 2382 Π,
234 2322 273 2377 56
298 2317 362 2397 (ubi
386 2319 634 2396 Stuerenburgius
656 2339 713 2378 non
738 2322 831 2398 11111111
848 2322 904 2379 hoc
916 2323 1063 2380 intellexit
1074 2341 1161 2398 quam

101 2403 159 2476 qnid
180 2415 255 2462 esset
277 2409 435 2474 necessitati,
453 2409 590 2480 periculis,
606 2407 745 2478 flectibus.
768 2411 923 2482 tempeststi,
944 2410 1086 2481 provedini
1100 2410 1162 2466 sud·

101 2493 231 2550 testreet
254 2490 419 2548 incredibili
448 2491 499 2548 ills
525 2492 646 2548 levitate
673 2491 771 2548 locum
794 2493 945 2568 corrupit).
989 2493 1162 2551 Postremus

101 2573 132 2630 sit
150 2574 228 2632 locus
250 2595 287 2632 ex
310 2577 366 2633 hoc
389 2577 453 2652 ipso
476 2595 565 2651 opere
587 2578 642 2646 IV,
668 2577 717 2633 36.
762 2575 919 2654 [Neglexit
941 2579 1013 2636 haec
1025 2579 1161 2636 Hendius

100 2657 174 2716 Turs.
195 2660 249 2730 tv,
272 2681 301 2736 p.
325 2661 383 2718 531
410 2659 489 2738 sqq.]

171 2747 213 2802 ille
229 2765 314 2822 porro
337 2741 449 2824 [moie])
482 2748 579 2816 Porro,
603 2746 681 2820 quod
706 2745 875 2814 „rarissimo
897 2747 1034 2822 exemplo
1056 2748 1085 2805 in
1109 2767 1161 2824 op-

100 2829 230 2900 positione
259 2832 350 2908 poni“
380 2830 474 2890 Gzius
502 2841 595 2906 putet,
635 2849 692 2888 non
721 2832 763 2888 ita
790 2849 857 2888 raro
880 2831 1000 2906 ponitur
1020 2833 1050 2889 in
1079 2851 1161 2890 assu·

100 2915 204 2987 nendo,
247 2934 315 2973 cum
348 2917 562 2987 concludimus,
597 2917 735 2990 quoniam
769 2917 799 2973 in
832 2917 887 2974 hoc
917 2936 1089 2993 progressus
1116 2927 1162 2975 est

100 2997 195 3073 uliquis
215 3002 371 3072 orationis3
405 3002 463 3059 vid.
481 2997 583 3079 (quem
601 3001 698 3059 locum
720 3002 779 3058 iam
790 3002 854 3076 ipse
877 3012 962 3060 vetus
974 3003 1161 3060 Tursellinus

99 3083 159 3141 citet
167 3087 243 3143 inter
252 3087 328 3144 elios
344 3088 441 3144 minus
453 3081 553 3168 aptos)
564 3105 618 3162 pro
631 3087 695 3144 Mil,
708 3088 757 3144 25:
778 3087 940 3145 Occurrebat
951 3091 982 3146 ei.
994 3107 1116 3145 omncnm
1127 3107 1161 3146 oc

99 3169 193 3227 debilem
206 3183 365 3247 prostremus
377 3175 502 3246 secturam
521 3193 596 3228 suum
613 3175 719 3230 consule
737 3174 853 3239 Milone3
875 3192 933 3229 enm
947 3191 1032 3248 porro
1059 3193 1160 3230 somnio

98 3269 210 3312 testeum
227 3259 325 3332 populi
335 3258 371 3314 R.
383 3259 514 3314 coetestem
525 3259 591 3330 ⁸lieri
600 3258 713 3316 rudebat.
751 3257 867 3314 Contulit
885 3277 913 3314 se
935 3266 1005 3328 etc.;
1027 3258 1066 3314 ed
1077 3259 1159 3315 Ilum.

99 3335 143 3399 Il'.
165 3343 181 3396 9
202 3342 273 3400 initz
307 3343 398 3399 Multo
425 3343 526 3400 videbis
542 3345 672 3416 sortasse.
695 3363 765 3417 qrtoe
787 3345 870 3408 twlssc
892 3363 942 3399 non
962 3345 1045 3418 plura
1063 3354 1158 3414 tomen,

98 3441 165 3495 9111111
185 3429 266 3484 onds
287 3429 391 3484 cotidie.
425 3427 486 3484 Νοη
509 3437 548 3484 est
565 3447 650 3503 porro
671 3437 745 3484 tuum
767 3447 819 3484 uno
840 3431 1014 3485 snuusolum
1025 3431 1160 3486 oculorum

97 3515 187 3570 noves
208 3531 268 3570 crem
290 3513 360 3569 idem
372 3514 440 3570 illud
460 3513 572 3569 oneribus
594 3515 727 3588 demptos,
761 3515 835 3587 quod
861 3517 940 3570 etcum
966 3517 1053 3571 emitte
1075 3515 1162 3571 videri

96 3595 158 3664 tolet,
178 3600 264 3654 minus
275 3599 408 3654 laborare.
439 3598 634 3672 Frequentior
656 3598 796 3655 tamenin
813 3598 869 3656 hcc
880 3617 935 3656 usu
948 3597 1158 3672 Quintilianus,

96 3676 198 3755 dequo
220 3682 280 3740 rid.
302 3683 479 3743 Bonnellus.
513 3683 563 3758 qui
586 3692 684 3739 temen
706 3684 786 3740 locos
809 3701 868 3740 nou
894 3693 974 3740 recte
997 3683 1158 3750 ordinavit:

95 3779 152 3822 nem
172 3768 208 3824 nd
230 3767 427 3826 conclusionis
449 3769 691 3844 significationem
714 3765 759 3844 (β)
782 3777 883 3844 aperte
906 3769 1063 3844 pertinent,
1086 3787 1159 3843 quos

96 3847 200 3910 ultimos
223 3853 323 3928 possuit
345 3851 399 3928 (d),
422 3854 489 3922 1,5,
514 3855 569 3922 46,
592 3854 666 3921 ΧΠ,
694 3855 720 3924 l,
745 3855 785 3910 33
808 3853 873 3926 (cir.
897 3853 998 3928 Spald.
1020 3855 1057 3910 ad
1081 3853 1159 3928 prio·

95 3949 146 3992 tem
166 3936 220 3994 loc.
242 3947 272 3995 et
294 3939 332 3996 ad
355 3939 396 4010 11,
421 3939 449 4008 3,
474 3933 521 4018 5);
544 3939 611 3996 add.
632 3938 713 3996 Dial.
735 3939 857 3996 decrat
871 3940 898 3996 5.
932 3939 1047 3996 Deinde
1059 3948 1158 3995 nutem

95 4020 162 4091 aput
183 4021 398 4096 Quint-ilianum
427 4025 533 4087 transit
555 4043 639 4100 porro
672 4023 709 4081 ad
737 4025 953 4101 oppositionem
986 4024 1159 4098 simpliciter

94 4107 253 4176 notandam
275 4109 328 4165 sed
350 4109 408 4165 iem
430 4108 509 4185 apud
521 4107 694 4169 Sallustium
717 4119 764 4167 est
784 4130 890 4181 rursus,
912 4129 946 4166 er
967 4113 1054 4166 altera
1067 4120 1157 4185 parte,

94 4185 241 4264 0111146,
264 4193 330 4270 lug.
354 4195 393 4251 25
417 4193 483 4268 (cir.
506 4193 568 4253 Cic.
590 4196 676 4252 Verr.
700 4196 729 4265 I,
756 4192 839 4277 121).
883 4197 995 4254 Vocem
1017 4197 1086 4252 male
1108 4194 1158 4252 de·

94 4269 198 4334 lendum
219 4297 282 4336 esse
304 4278 381 4336 vidit
401 4279 645 4356 Wesenbergius,
679 4281 845 4355 quodcum
874 4281 922 4338 vel
950 4280 1013 4338 sola
1040 4280 1157 4338 concin-

93 4357 159 4418 nitas
179 4362 385 4422 adverbiorum
406 4364 485 4422 iuter
505 4383 536 4423 se
558 4366 733 4436 relatorum,
760 4377 830 4424 recte
850 4375 880 4423 et
897 4385 993 4442 proce,
1009 4367 1159 4440 [eupoliter
