2928 5012
336 407 443 472 XVIII
761 427 957 476 omnimo.

337 597 472 662 Tantum
493 613 539 674 ea,
561 615 642 678 quae
663 597 703 662 ad
725 615 835 663 vocum
858 598 1090 664 scribendarum
1107 598 1257 662 rationem
1275 598 1439 680 pertine-

335 706 420 784 bant,
442 704 541 784 omisi,
565 707 650 786 quod
674 725 773 788 neque
797 706 1038 790 orthographica
1060 706 1119 770 nisi
1142 724 1179 770 ex
1201 707 1347 788 antiquis
1375 727 1439 772 co-

336 813 455 878 dicibus
477 813 622 879 annotari
652 819 728 894 puto
756 815 870 880 debere
898 821 930 879 et
956 820 1077 879 tantum
1104 814 1143 879 ab
1165 815 1216 893 ils,
1250 814 1308 896 qui
1333 815 1439 896 ipsos

336 922 457 986 codices
480 927 629 1000 tractant,
661 928 729 986 turn
757 923 850 988 etiam
877 939 969 986 voces
992 921 1130 987 Graecas
1152 922 1274 987 LatInis
1303 922 1439 988 litteris

336 1047 501 1110 expressas
524 1037 556 1095 et
577 1030 672 1094 verba
694 1031 774 1096 male
795 1030 896 1095 divisa
918 1032 968 1114 (ut
977 1030 1019 1109 11,
1031 1031 1072 1095 25
1094 1035 1351 1112 coyatamqaaaaa
1364 1051 1437 1112 pro

335 1142 427 1220 nepot
447 1157 604 1220 amnuens,
626 1145 659 1203 et
679 1139 752 1204 ibid.
776 1157 864 1204 cenas
879 1137 938 1221 sa);
961 1137 1081 1202 litteras
1104 1139 1194 1218 erum,
1217 1158 1299 1221 quas
1323 1139 1436 1203 libra-

336 1245 401 1311 rius
424 1245 567 1328 religiose
588 1246 696 1328 plauit
719 1247 911 1328 quaerimus
939 1265 1000 1310 nou
1028 1246 1127 1327 ipsius
1148 1246 1308 1312 iudicium.
1358 1247 1434 1310 De-

335 1353 418 1418 traxi
441 1353 533 1418 eh'am
555 1351 598 1417 bii
620 1360 653 1418 ot
673 1352 827 1439 alapis)
850 1373 909 1436 pro
930 1352 953 1416 a·
974 1363 1006 1418 et
1027 1353 1064 1418 iis
1086 1354 1234 1434 scriptum
1248 1358 1275 1434 ¹)
1301 1355 1435 1438 [etque

335 1481 394 1544 pro
417 1461 525 1544 quaneh
558 1467 624 1526 tum
653 1480 778 1527 errores
806 1463 958 1544 quosdam
986 1461 1018 1554 in
1046 1461 1215 1526 notissimis
1238 1462 1431 1526 nominibus

336 1570 483 1652 propriis
505 1576 542 1634 ut
562 1569 614 1634 sod
634 1568 780 1649 nepbcbos
801 1589 859 1652 pro
877 1567 1072 1651 Synephebos.
1100 1568 1213 1633 Paucis
1231 1571 1328 1634 etiarn
1342 1571 1430 1636 locis

336 1695 399 1742 non
421 1683 579 1756 annotata,
602 1695 683 1759 quae
705 1677 831 1758 saepius
843 1677 962 1755 accidit,
984 1677 1218 1742 eiusdemvocis
1235 1677 1427 1759 geminatio,

336 1793 372 1849 ut
392 1786 486 1865 Ι,34;
516 1783 682 1849 laudandas
707 1783 874 1848 mammas
899 1783 1064 1848 maioribus
1090 1784 1169 1848 mab.
1220 1786 1295 1866 lpse
1318 1787 1427 1850 codex

337 1893 543 1976 (chartaceus,
555 1891 673 1958 formae
683 1893 843 1970 maximae,
861 1891 974 1956 saeculi
985 1892 1056 1961 XV)
1069 1891 1246 1956 universam
1258 1893 1425 1957 scribendi

337 2000 488 2066 rationem
514 1999 609 2064 habet
637 2000 770 2064 recentis
797 2000 909 2064 aetatis
938 2004 987 2078 (ut
1013 1997 1085 2081 hijs,
1123 1997 1217 2064 Graec
1239 2009 1271 2064 et
1294 1999 1424 2075 similia,

339 2105 578 2186 lamentamus,
600 2107 764 2184 mancia,
785 2104 995 2186 diffinitiones,
1023 2103 1125 2188 mahtai)
1147 2107 1251 2171 multis
1273 2108 1423 2188 vestigiis

337 2214 454 2279 veteris
475 2214 571 2278 moris
594 2214 793 2294 permixtam
815 2221 851 2277 ut
860 2212 1016 2278 interdum
1028 2214 1174 2279 scribitur
1184 2218 1271 2293 apat,
1293 2215 1423 2280 hicillic

338 2320 506 2385 collabentis
526 2328 559 2385 et
580 2320 691 2386 similia
711 2321 887 2385 accusativo
911 2337 998 2400 casu,
1021 2320 1145 2397 cottidie,
1167 2321 1235 2399 volt,
1257 2325 1419 2400 secuntum

305 2497 306 2507 χ
338 2447 439 2509 paene
459 2435 613 2512 perpetuo
623 2428 778 2507 librarius,
799 2446 868 2492 curn
879 2427 909 2492 in
921 2429 1096 2509 exemplari,
1119 2429 1203 2510 quod
1215 2430 1420 2510 sequebatur,

339 2539 542 2612 essetuosor,
564 2533 755 2599 fecitcoster.
790 2536 927 2599 Laudem
944 2543 1047 2600 autem
1069 2542 1102 2600 et
1122 2536 1313 2618 dignitatem,
1335 2555 1420 2618 quae

339 2642 410 2707 hmo
431 2641 530 2706 codici
552 2641 686 2705 maxima
707 2642 848 2720 debetur,
870 2641 1096 2714 habetomnem
1119 2662 1274 2724 agenore
1296 2643 1417 2720 attide,

338 2748 370 2813 id
399 2757 462 2825 est,
494 2748 534 2812 ab
562 2749 690 2830 antiquo
721 2755 752 2812 et
778 2768 840 2812 non
871 2748 1059 2830 interpolato
1092 2750 1261 2830 examplari
1294 2769 1417 2816 summa

299 2929 300 2934 ἵ
340 2855 561 2936 superstitione
578 2854 676 2936 magis
699 2874 791 2936 quam
813 2853 875 2919 fide
893 2874 1041 2936 expresso
1059 2856 1126 2920 sine
1149 2857 1211 2922 ullo
1228 2857 1346 2922 librarii
1362 2877 1414 2922 co-

339 2967 416 3026 natu
432 2961 637 3042 intellegendi,
660 2963 744 3044 quod
766 2980 826 3026 non
848 2962 1048 3042 intellegeret
1075 2962 1416 3030 Peritiamvetcrisex-

339 3067 486 3149 emplaris
503 3077 586 3134 recte
602 3068 724 3149 legendi
740 3069 991 3150 dilgentiamque
1006 3069 1090 3134 lente
1112 3077 1144 3134 et
1159 3077 1250 3136 caute
1261 3071 1415 3138 scribendi

339 3193 451 3257 magno
474 3194 569 3257 opere
590 3175 813 3240 desideramus.
846 3175 927 3239 Nam
948 3175 1083 3256 primum
1094 3180 1295 3258 saepeverba
1310 3179 1416 3244 omisit

340 3282 492 3366 (velutin
514 3287 715 3364 paruaparte
737 3281 807 3346 libri
819 3282 965 3362 primi44
986 3301 1107 3363 aeoesse,
1129 3285 1171 3350 45
1188 3290 1300 3368 etpost
1309 3292 1413 3368 esent,

339 3390 382 3453 48
403 3387 525 3466 dolores
547 3391 589 3453 49
611 3386 688 3466 allas,
710 3389 750 3454 51
773 3381 849 3452 seib's
869 3395 901 3452 et
920 3388 1066 3468 inproba
1090 3409 1152 3455 non
1163 3411 1292 3456 numero
1313 3395 1412 3474 parti-

339 3496 440 3561 culam
462 3513 555 3559 unam
582 3514 600 3560 e
626 3495 749 3559 duabus
776 3494 926 3560 similibus
955 3499 990 3558 ut
1014 3497 1047 3560 in
1069 3499 1215 3578 quoniam
1236 3519 1304 3564 cum
1322 3501 1346 3580 Ι,
1366 3503 1410 3568 37

339 3603 593 3684 praetermissam
616 3607 671 3664 aut
692 3619 772 3681 quae
793 3607 924 3682 propter
934 3603 1063 3668 eandam
1074 3623 1181 3670 vocem
1196 3624 1295 3688 parvo
1315 3607 1410 3672 inter-

339 3710 420 3774 uallo
443 3709 577 3790 positam
598 3708 793 3786 exciderunt,
814 3714 851 3772 ut
871 3711 912 3773 39
940 3718 972 3773 et
992 3711 1048 3790 59,
1082 3711 1113 3774 in
1142 3731 1203 3794 quo
1231 3732 1339 3794 genere
1359 3725 1411 3781 est

340 3816 441 3891 etiam
464 3815 548 3896 quod
570 3815 588 3898 ξ
611 3817 653 3880 26
674 3813 787 3878 cendit
808 3814 934 3880 hbrario
956 3823 1088 3898 propter
1104 3819 1332 3887 similitudinem
1351 3842 1408 3887 ιο-

345 3986 539 3998 ——-—-

370 4105 390 4164 ι)
408 4107 490 4166 Quam
509 4117 600 4154 verum
618 4103 669 4152 hoc
688 4105 729 4160 stt,
747 4115 793 4165 pro
811 4101 843 4150 its
861 4106 986 4166 scriptum
1005 4117 1062 4154 ease
1076 4105 1132 4164 bila,
1151 4108 1246 4160 delude
1265 4124 1334 4174 saepe
1351 4111 1403 4164 tae-

407 4195 464 4238 tum
483 4188 522 4236 bia
540 4185 619 4250 (quod
638 4195 742 4248 semper
760 4185 864 4248 notavl),
884 4186 1027 4236 clarissime
1042 4197 1145 4252 apparet
1163 4207 1176 4242 e
1195 4194 1290 4244 talibus
1300 4199 1403 4258 mendis,

334 4281 339 4288 ·
408 4272 484 4337 quale
505 4275 544 4320 eat
562 4275 588 4321 in
609 4271 658 4319 Eri.
679 4268 751 4330 V‚6‚
779 4269 824 4319 ubl
843 4283 873 4319 en
892 4271 986 4320 nomme
1003 4273 1041 4321 nis
1058 4273 1155 4326 lartum
1178 4283 1218 4328 est
1235 4281 1356 4330 nooasen
1372 4283 1402 4344 is,

408 4356 501 4407 delude
519 4355 590 4404 nocis
606 4369 650 4404 seu
667 4353 720 4414 aas.
