3018 5052
332 402 397 468 too
724 417 769 464 on
791 417 921 466 nmmos
943 417 1015 464 sor.

332 589 380 668 iis,
403 587 456 670 qui
483 587 550 652 sine
577 587 691 653 virtute
719 595 805 668 sunt,
826 606 911 653 mors
934 593 983 653 est
1010 589 1195 668 oppetenda
1245 587 1285 653 Et
1311 605 1402 668 saepe

333 690 467 758 officium
489 697 537 755 est
559 688 709 772 sapientis
732 689 904 756 desciscere
937 708 957 754 a
984 689 1062 769 vita,
1096 709 1166 756 cum
1195 690 1237 755 sit
1263 689 1402 755 beatissi-

333 811 412 874 mus,
436 793 463 859 si
483 792 515 857 id
537 799 714 874 opportune
726 789 829 857 faeere
839 790 986 874 possit]L
1008 795 1092 874 quod
1119 800 1168 858 est
1189 793 1403 858 eonvenienter

333 903 465 962 naturae
486 893 600 960 vivere.
633 893 684 960 Sic
705 894 786 958 enim
808 901 944 974 censent„
966 895 1209 977 opportunitatis
1231 913 1300 962 esse
1317 895 1403 960 beate

405 1122 427 1169 1.
447 1115 491 1184 [iis
508 1115 543 1182 Δ]
591 1113 646 1183 [pue
664 1113 715 1183 En]
761 1114 895 1182 oppam
913 1115 958 1168 CR
1002 1125 1203 1182 msoepeomnes
1222 1118 1256 1168 At
1272 1134 1343 1183 coepe
1361 1117 1401 1166 Or.

335 1191 358 1237 2.
376 1183 515 1250 deficereC
559 1189 584 1237 8.
603 1183 663 1235 Sine
680 1184 764 1234 mendi
783 1193 845 1258 nota
862 1183 907 1238 Or.
943 1191 965 1236 ⁴.
985 1185 1100 1236 emet

334 1405 365 1469 et
387 1394 405 1452 3
428 1393 571 1452 uitasset
598 1411 661 1450 mm
682 1411 766 1467 neque
788 1396 836 1468 qut
856 1395 916 1450 virt.
939 1389 1002 1471 ret.)
1024 1392 1186 1452 efficiebat:
1224 1394 1298 1452 Nam
1325 1411 1404 1468 neque

334 1484 358 1539 t'a
381 1481 498 1556 quidem,
520 1479 552 1536 id
573 1487 626 1545 est
649 1481 771 1554 sopitam
794 1478 952 1536 barbarum
974 1487 1033 1536 est:
1066 1499 1150 1554 neque
1171 1511 1212 1522 —-
1235 1482 1343 1555 qaedam
1365 1510 1403 1520 -

308 1585 419 1642 -ηιᾳιιε
440 1565 513 1642 (vid.
535 1564 574 1622 ad
589 1563 631 1636 Π,
645 1559 709 1644 87),
731 1563 951 1636 8881818888,
975 1583 1032 1640 quo
1054 1563 1210 1637 referetur,
1234 1571 1309 1638 edm,
1332 1583 1403 1640 quae

302 1707 304 1712 .
334 1651 469 1729 proxime
491 1649 656 1726 praecedit,
691 1649 828 1707 manendi
850 1659 881 1707 et
902 1649 1047 1727 migrandi
1068 1651 1145 1708 ratio
1167 1651 1256 1721 etiam
1278 1651 1315 1709 sd
1338 1650 1404 1708 insi-

334 1739 449 1816 pientes
471 1735 626 1812 pertineat.
669 1735 733 1792 Iam
756 1753 815 1792 non
837 1754 912 1812 opus
934 1745 981 1793 est
1000 1735 1166 1812 vulgarium
1190 1737 1325 1794 codicum
1342 1755 1403 1812 per·

335 1822 534 1882 versissimam
546 1820 803 1897 interpolationem
816 1839 975 1898 coarguere
993 1820 1086 1898 (on.
1098 1822 1238 1894 omnium,
1261 1823 1319 1880 nisi
1329 1819 1404 1896 quod

334 1903 378 1980 Εξ
400 1908 539 1966 omittunt
559 1909 587 1964 in
608 1909 677 1976 vitm
711 1905 747 1963 de
769 1907 845 1964 Dav.
874 1907 979 1964 ueteris
1001 1916 1032 1964 et
1053 1905 1122 1966 Gaii
1144 1905 1285 1988 tacetur).
1329 1909 1404 1966 Tan·

335 1994 447 2070 tologia
469 1993 587 2068 quidem
610 2001 640 2049 et
661 1991 824 2049 sententiae
846 1991 1012 2050 absurditas
1034 2003 1172 2069 apparete
1194 1997 1236 2055 iia,
1255 1997 1304 2068 qui
1314 1997 1404 2050 oderice

334 2083 481 2138 retinentur·
501 2082 529 2135 in
551 2081 615 2148 trita,
638 2080 989 2154 moreooneetoppetendo.
1011 2077 1098 2152 Quod
1120 2079 1257 2137 Bromius
1279 2079 1322 2136 sio
1343 2097 1404 2135 een·
1496 2069 1497 2128 ;

335 2165 457 2223 tentiam
479 2171 610 2222 enarrat:
635 2163 759 2238 „Neque
781 2163 898 2239 sapiens
920 2181 1016 2239 neque
1038 2163 1180 2241 insipiens
1201 2183 1255 2240 per
1277 2165 1404 2222 sehabet

336 2269 469 2322 eausam,
503 2269 556 2306 eur
577 2268 594 2306 e
615 2248 678 2305 vita
699 2249 852 2318 excedat“,
874 2249 1067 2326 tautologiam
1097 2251 1226 2308 oecnltat
1247 2251 1404 2327 sapientem

336 2333 540 2394 substituendo
563 2352 616 2410 pro
639 2337 681 2404 iia,
704 2337 753 2408 qui
772 2338 944 2405 retundatur,
967 2335 1093 2392 altarum
1111 2335 1213 2393 vitium
1226 2353 1285 2394 non
1297 2343 1403 2411 potest;

339 2421 385 2479 eui
409 2419 486 2478 enim
509 2419 539 2476 iu
563 2427 688 2476 mentem
711 2419 812 2477 renim
834 2429 961 2496 poterat,
985 2421 1146 2496 sapientem
1169 2440 1223 2497 per
1244 2439 1276 2479 se
1298 2421 1343 2499 (id
1354 2429 1404 2490 est

336 2507 366 2564 in
389 2501 548 2584 sapientia)
571 2523 688 2562 eausam
711 2505 854 2563 moriendi
875 2504 1003 2563 habere?
1036 2505 1115 2564 Illud
1137 2506 1223 2578 addo,
1247 2523 1313 2564 oum
1325 2523 1404 2583 prae·

337 2592 474 2652 cesserit:
497 2602 522 2648 et
542 2593 700 2648 monmdt'
689 2611 716 2647 tn
739 2594 794 2648 uita
815 2601 840 2648 et
861 2593 997 2665 vaips-audi
1017 2595 1095 2662 ratio,
1119 2591 1149 2649 in
1161 2609 1251 2652 eausa
1260 2591 1405 2650 reddenda

337 2677 367 2735 in
390 2677 558 2734 huiusmodi
580 2676 776 2734 diiunctione:
798 2695 861 2733 nam
878 2697 1019 2752 neque—
1038 2697 1121 2752 neque
1142 2687 1299 2752 utrumqne
1322 2675 1406 2754 signi·

337 2762 419 2820 ficari
442 2762 563 2833 debere,
587 2772 620 2819 ut
641 2763 675 2820 fle
697 2779 732 2819 ea
753 2761 849 2820 forma
870 2762 937 2833 loci,
961 2781 1048 2838 qnam
1070 2763 1187 2822 restitui
1210 2761 1366 2842 (ηοᾳιιοω
1325 2765 1404 2818 -in
1495 2819 1496 2828 ,

337 2853 393 2906 vito
414 2851 548 2916 mtinetrtr,
571 2867 718 2922 neque—
740 2867 811 2904 mors
833 2859 872 2904 est
894 2845 1064 2927 oppetertdo).

259 3009 262 3016 ι
424 2935 463 2991 Ει
485 2951 565 3009 saepe
585 2935 702 3008 offitium
723 2943 762 2992 eet
784 2931 927 3013 supientia)
962 2933 1054 2993 Codd.
1076 2935 1203 2992 aliorum
1225 2943 1259 2991 ut
1281 2933 1355 2991 mei:
1382 2941 1405 2988 ut

338 3037 426 3096 saepe,
450 3019 597 3076 mendose.
647 3018 786 3078 Correxit
812 3019 938 3079 Ursinus
967 3017 996 3096 (e
1025 3019 1125 3078 codiee
1153 3019 1205 3078 illo
1232 3017 1315 3098 suo),
1349 3029 1405 3077 tum

337 3105 507 3164 Lambinus.
552 3103 674 3163 Transit
696 3104 770 3164 Cato
798 3123 816 3161 a
842 3106 977 3182 negando
1008 3101 1131 3182 (adpone
1158 3125 1210 3162 non
1236 3105 1405 3162 mmmm

338 3189 406 3270 vim)
439 3191 476 3248 ad
509 3191 635 3248 aientem
669 3191 844 3248 sententiam
872 3201 902 3248 et
929 3190 1165 3266 explieationenr.
1209 3191 1309 3249 Minus
1332 3197 1405 3248 recte

338 3277 480 3335 Davisius
513 3295 529 3333 e
557 3275 633 3336 CCC
661 3277 780 3352 scripsit
807 3277 845 3333 At
871 3295 959 3351 saepe.
1003 3277 1075 3334 Mox
1103 3297 1157 3352 pro
1180 3279 1326 3334 devocem
1348 3273 1405 3333 eod.

338 3363 414 3420 Mor.
437 3364 571 3432 desinare,
594 3381 620 3438 χ,
644 3362 689 3418 ed.
716 3363 796 3419 1480
819 3371 849 3419 et
870 3362 946 3419 aliae
968 3362 1122 3436 quaedam,
1145 3361 1281 3434 118οη8,
1293 3363 1406 3436 deficere·

341 3447 495 3518 „Firmant
505 3447 655 3526 vulgatam
669 3446 757 3523 Spin,
780 3447 852 3518 Eri,
876 3446 1023 3518 Gud.1“;
1046 3447 1134 3526 etiam
1152 3467 1209 3526 mg.
1222 3447 1302 3507 crat
1314 3441 1406 3526 [ΑΒ]
1494 3497 1495 3522 ,

424 3535 498 3608 praed
519 3543 557 3590 est
579 3536 758 3590 convenienter
780 3544 893 3590 notum
914 3529 1013 3611 mirere)
1037 3533 1069 3592 Si
1092 3534 1135 3590 ita
1157 3531 1262 3593 Cicero
1285 3531 1406 3610 scripsit,
1494 3525 1495 3541 ¹

339 3637 407 3690 non,
430 3627 464 3675 nt
485 3617 566 3688 alibi,
590 3619 686 3676 minus
708 3618 844 3676 distinete
867 3619 1042 3676 sententiam
1069 3619 1225 3678 obscuram
1253 3627 1305 3676 aut
1326 3635 1407 3694 argu·

340 3704 548 3762 mentationem
571 3703 720 3762 difficilem
743 3705 895 3780 exposuit,
919 3705 970 3762 sed
992 3715 1088 3776 recta,
1112 3713 1145 3762 ut
1166 3705 1209 3762 ita
1230 3705 1342 3777 dicam,
1364 3703 1408 3759 via

340 3807 510 3848 communes
531 3789 667 3848 notiones
679 3789 844 3864 eloquendo
856 3791 1006 3866 pervertit
1036 3790 1114 3866 Quid
1126 3799 1171 3853 est
1182 3791 1271 3860 enim,
1294 3805 1406 3865 quaeso,

339 3875 404 3945 hoo,
427 3886 592 3952 opportune
614 3895 631 3930 o
653 3879 708 3932 vita
720 3878 864 3934 descrecere
875 3895 940 3934 esse
953 3885 1076 3934 naturae
1088 3876 1298 3935 convenienter
1308 3869 1407 3933 otone?

340 3959 400 4034 Qui
422 3969 553 4019 mortuus
576 3971 661 4032 esset,
685 3979 751 4018 eom
764 3961 879 4019 demum
891 3980 961 4019 vere
973 3961 1083 4034 vivere,
1105 3960 1226 4020 fuerunt
1237 3963 1326 4020 etiam
1337 3962 1408 4018 inter
1493 4005 1494 4010 ,

339 4045 486 4122 antiquos,
509 4047 559 4122 qui
582 4047 827 4118 vaticinarentur;
851 4047 942 4108 Stoici
965 4049 1003 4104 sb
1026 4067 1061 4105 ea
1083 4047 1228 4105 sententia
1244 4047 1408 4124 longissime

340 4133 471 4195 aberant,
495 4133 545 4206 qui
567 4133 747 4191 immortales
770 4150 833 4190 esse
855 4133 969 4191 animos
990 4151 1050 4191 non
1073 4133 1232 4204 docebant3
1254 4133 1351 4209 ipsum
1363 4149 1408 4188 ex·

341 4234 454 4276 eesaum
482 4237 499 4275 e
526 4219 588 4276 vita
616 4235 679 4276 esse
707 4219 814 4286 vitam,
843 4236 929 4276 nemo
952 4219 1036 4276 dixit
1081 4219 1167 4293 Quod
1189 4228 1289 4276 autem
1311 4219 1409 4276 beatae

339 4303 418 4360 vitae
430 4304 486 4361 hoc
498 4313 543 4362 est
553 4303 714 4380 proprium,
737 4315 771 4360 nt
781 4304 869 4361 etiam
882 4313 1047 4381 opportune
1058 4305 1185 4372 finiatur,
1202 4303 1233 4362 id
1244 4323 1317 4362 vero
1328 4304 1410 4378 longe

340 4387 428 4446 aliam
451 4389 540 4446 habet
562 4389 747 4461 sententiam,
770 4407 828 4446 non
851 4390 936 4462 hana,
960 4401 992 4447 nt
1010 4391 1040 4448 in
1053 4399 1146 4448 morte
1158 4399 1327 4467 opportuna
1337 4389 1410 4448 vitae
