3054 5064
304 296 367 361 508
407 333 409 340 ι
695 315 740 360 nn
762 315 892 362 nrnmus
915 315 986 361 nou.

305 504 383 563 rum,
406 485 490 566 quod
512 490 581 548 erat
602 483 714 548 insitus
736 484 831 548 menti
854 484 1036 566 cognitionis
1047 503 1143 562 arnor,
1165 503 1183 549 e
1204 483 1398 566 quostiam

305 587 435 651 rationis
458 585 658 666 explicandae
680 586 915 668 disserendique
938 585 1093 668 cupiditas
1115 586 1397 667 consequebamr;

305 689 451 770 quodque
472 689 531 752 hoc
552 687 651 752 solum
672 687 786 752 animal
808 695 915 754 natum
936 693 985 753 est
1004 688 1134 769 pudoris
1164 707 1200 752 ac
1227 706 1396 754 verecrm·

305 790 375 856 diae
401 791 558 872 particeps
586 797 800 871 appetensque
821 791 994 855 convictum
1016 791 1172 856 hominum
1194 809 1230 855 ac
1246 791 1396 855 sociem-

266 895 367 958 btem
390 891 701 973 animadvertensque
721 892 754 956 in
778 892 918 957 omnibns
940 891 1049 970 rebus,
1082 911 1161 974 quas
1189 899 1296 974 ageret
1331 903 1398 956 aut

305 995 429 1073 diceret
451 1001 486 1057 ut
507 1013 546 1059 ne
569 995 643 1075 quid
665 995 704 1058 ab
727 1013 763 1058 eo
785 993 876 1059 tieret
896 993 955 1059 nisi
977 993 1107 1059 honeste
1128 1013 1166 1059 ac
1187 995 1310 1072 decore
1340 994 1396 1058 bis

306 1096 401 1162 initiis
423 1099 459 1176 ct,
481 1102 517 1160 ut
539 1105 612 1161 ante
628 1096 700 1175 dixi,
724 1097 892 1161 seminibus
913 1115 933 1162 a
955 1101 1069 1161 natura
1089 1097 1180 1175 datis,
1201 1105 1396 1178 temperan-

378 1307 399 1350 l.
418 1301 604 1366 captarent?
646 1301 735 1367 [amore
753 1318 799 1365 qno
818 1299 867 1368 nh]
888 1317 918 1351 ca·
935 1317 980 1365 pao
999 1299 1149 1362 (LPtcROr.
1203 1307 1226 1353 a.
1244 1299 1399 1366 septiens&

307 1370 374 1421 Pcu
408 1369 629 1433 dboeendeqncb
670 1377 692 1419 ⁴.
708 1371 831 1435 particeps
849 1369 938 1419 om.L
983 1370 1174 1420 coniunctinan
1196 1369 1394 1419 maniachium

308 1439 347 1488 LP
365 1437 547 1488 consentionem
567 1437 656 1488 CROr.
691 1438 828 1488 societatum
846 1439 867 1486 P
903 1443 925 1487 5.
945 1437 1157 1488 animadvertentes
1175 1437 1198 1486 in
1217 1440 1236 1487 E
1281 1437 1318 1505 [at
1340 1452 1394 1502 pro

306 1507 404 1574 nntEb]
442 1507 595 1557 aaroni.
633 1505 707 1573 [qnod
723 1507 772 1574 Eb]
808 1515 829 1556 et
846 1507 930 1557 decore
947 1505 1082 1557 nscuor.
1112 1511 1136 1556 7.
1154 1515 1176 1556 et
1194 1511 1310 1568 (autenti
1334 1521 1394 1556 om.

307 1591 401 1637 omnes,
421 1574 464 1625 Or.
501 1575 559 1635 atri,
578 1585 698 1639 tamqnam
715 1577 843 1626 seminibus
860 1575 973 1626 PCROr.

307 1802 448 1876 seriptum
472 1799 574 1873 fuisse,
598 1810 631 1857 ut
652 1803 812 1858 occultorum
834 1801 984 1858 videretur
1011 1800 1104 1877 (qnod
1126 1800 1157 1856 in
1179 1819 1196 1876 χ
1219 1818 1287 1858 casu
1310 1798 1391 1858 scri·

307 1885 416 1964 bitur);
439 1886 469 1944 id
491 1888 529 1944 ab
551 1887 618 1944 aliis
639 1886 670 1942 in
693 1887 780 1943 aliem
803 1895 916 1962 partem
939 1895 1064 1943 tractum
1088 1904 1180 1962 esse.v

393 1975 505 2029 rationis
527 1971 715 2048 suplicandoc)
740 1972 790 2031 Sic
817 1971 930 2047 primus
952 1971 1113 2029 Lambinus
1141 1980 1171 2028 et
1198 1971 1240 2028 sic
1265 1971 1392 2040 „laudat

306 2077 346 2115 ex
357 2057 490 2116 Cniacii¹⁴
505 2068 538 2115 ut
549 2057 696 2117 Gruterus
707 2065 793 2133 putat
806 2057 1002 2126 „membranis
1020 2055 1187 2134 Scaliger¹⁴3
1211 2057 1391 2114 confirmant

307 2143 370 2201 cod.
392 2144 469 2201 Mor.
493 2141 683 2222 (ccpiicandae
698 2142 776 2219 rat),
799 2143 856 2213 Et,
880 2141 958 2213 Gaii,
982 2141 1205 2218 exceptisGud.
1219 2143 1237 2198 2
1250 2141 1386 2210 ethium,

306 2247 417 2300 omnes,
441 2225 506 2306 [B].
539 2230 711 2304 Explicandi
720 2227 820 2305 (Palu,
833 2227 912 2286 Oxx.
925 2222 971 2306 ξχ)
994 2237 1090 2286 ortum
1108 2237 1207 2285 estex
1226 2228 1388 2284 disserendi.

306 2312 420 2392 [Amore
442 2333 495 2388 poco
517 2314 606 2372 etiam
629 2313 679 2391 Β.]

391 2403 536 2456 convictam
559 2402 691 2457 hancbane
713 2417 746 2456 ac
762 2398 924 2471 cunctantem)
946 2399 1013 2455 Hoc
1024 2399 1136 2455 latebat
1153 2398 1183 2454 in
1200 2398 1308 2455 codicis
1319 2396 1386 2454 Erl.

306 2484 352 2562 [et
372 2483 413 2562 B]
436 2486 582 2561 scriptura
604 2484 654 2562 (de
677 2485 782 2542 ceteris
794 2485 878 2541 bonis
890 2483 963 2540 nihil
975 2482 1113 2558 constet),
1137 2483 1386 2557 confirmaturque

305 2590 344 2628 ex
366 2571 416 2628 111
427 2569 485 2630 Off.
499 2572 553 2628 21:
577 2573 642 2628 tollit
663 2573 808 2628 contristem
826 2571 970 2626 haumarum
992 2579 1018 2626 ct
1038 2573 1195 2626 societatem.
1228 2570 1295 2626 Hoc
1316 2586 1384 2624 cum

305 2656 336 2713 in
358 2659 523 2714 coniunctam
545 2656 700 2714 transisset
721 2655 819 2734 (anctus
841 2665 954 2726 autem,
977 2658 1089 2725 maenae,
1106 2658 1212 2712 iunctas
1233 2652 1296 2711 fere
1317 2672 1385 2729 per·

306 2750 396 2817 petuo
418 2739 662 2816 confunduntur),
685 2750 781 2800 ortum
804 2751 861 2798 est:
885 2749 1012 2816 appetens
1024 2742 1232 2798 coniunctionem
1244 2773 1284 2781 —
1296 2759 1329 2796 cc
1340 2759 1384 2794 eo-

304 2830 424 2885 cictetcm
446 2828 493 2904 (ut
503 2835 549 2884 est
559 2828 590 2884 in
608 2825 657 2906 L),
680 2836 757 2884 tum:
779 2829 986 2884 coniunctrbnnnc
1000 2859 1040 2866 -
1062 2829 1230 2897 occisionem,
1259 2835 1292 2882 ut
1313 2825 1384 2883 Vic-

306 2913 399 2970 torine
422 2922 452 2970 et
473 2913 611 2989 deinceps
633 2913 723 2970 ceteri
746 2921 814 2969 ante
836 2912 991 2970 Davisium
1019 2911 1174 2968 ediderunt
1195 2930 1212 2968 e
1235 2909 1385 2968 codicibus
1444 2955 1448 2963 .

305 2997 400 3056 nostri
426 2998 453 3055 P
481 2999 634 3056 similibus.
679 2998 739 3058 Sed
765 2998 890 3074 pluralis
918 3015 1056 3054 numeras
1088 2996 1161 3053 ferri
1188 2996 1270 3053 nullo
1298 2995 1383 3053 modo

305 3091 412 3159 potest
447 3084 553 3158 Itaque
576 3094 676 3144 natum
699 3093 745 3141 est
766 3093 797 3141 et
818 3092 885 3158 post
896 3091 1011 3140 veteres
1034 3082 1161 3140 editores
1183 3101 1202 3138 a
1220 3081 1382 3139 Davisioe

307 3168 394 3240 000,
418 3169 526 3241 Mead.,
549 3171 633 3228 Perr.
647 3170 707 3241 λδ
729 3169 913 3226 restitutum:
935 3171 1138 3225 coniunctiorem
1161 3201 1202 3208 —
1225 3171 1380 3232 societates,

305 3255 394 3329 idque
417 3261 435 3312 'a
458 3263 598 3329 quattuor
619 3255 680 3313 suis
703 3254 870 3312 confirmari
893 3253 986 3312 Gaius
1009 3253 1088 3311 dicit.
1122 3253 1282 3310 Habebunt
1302 3256 1381 3309 socic-

307 3350 396 3412 tatcm
415 3341 470 3412 ‚vix
494 3359 595 3398 omnes
611 3344 830 3410 coniunctionem,
854 3357 890 3397 ne
902 3339 1059 3397 Davieiani
1077 3339 1121 3396 illi
1144 3339 1271 3413 quidem.
1315 3335 1381 3411 (Ed.

306 3425 364 3484 Ox.
387 3429 591 3483 coniunctionem
613 3461 654 3468 ——
676 3429 843 3495 societatum
867 3425 920 3500 Εψ
943 3421 1117 3503 societatem.)

392 3523 421 3568 nt
443 3531 474 3568 nc
496 3514 564 3586 qnid
592 3513 626 3568 ab
648 3509 691 3589 eo)
735 3513 785 3581 Ut,
813 3511 881 3567 inde
911 3530 930 3567 a
957 3510 1036 3569 Crat.
1065 3509 1221 3579 omissum,
1255 3507 1381 3565 restituit
1490 3557 1491 3560 ,

307 3596 383 3653 Dav.
407 3615 423 3653 e
446 3597 540 3654 tribue
561 3596 656 3667 Parc,
679 3597 777 3654 Mead.
800 3594 894 3674 (Oxx.
916 3591 1013 3672 Εξχψ,
1043 3595 1111 3654 Gzii
1134 3594 1279 3664 omnibus,
1304 3591 1379 3672 [B]).

305 3682 470 3740 Addendus
492 3691 538 3740 est
558 3682 607 3739 bio
629 3683 710 3740 locus
733 3682 853 3752 ceteris,
882 3683 912 3738 in
935 3681 1042 3756 quibus
1070 3681 1100 3738 in
1122 3679 1297 3738 secundaria
1318 3697 1380 3736 sen-

306 3767 400 3824 tentia
421 3769 445 3824 is
467 3767 509 3824 ita
531 3767 658 3825 refertur
679 3768 717 3824 ed
739 3768 903 3825 subiectum
925 3767 1091 3843 primariae.
1115 3775 1320 3841 ntpronornen
1334 3782 1379 3820 re-

305 3853 447 3910 flexivum
469 3853 635 3928 ponendum
648 3853 895 3910 finissevideatur.
926 3851 1004 3930 (cfr.
1017 3852 1126 3928 Opnsc.
1141 3851 1261 3908 AoedI
1278 3869 1307 3926 p.
1321 3849 1378 3905 420

306 3936 382 4016 not.)
426 3939 500 3996 Mox
521 3959 554 3996 ac
577 3941 670 3996 decore
691 3938 780 3995 etiam
805 3937 882 4014 Spir.
905 3937 972 4016 [B]
999 3939 1115 3995 Deinde
1138 3937 1168 3994 in
1190 3936 1275 3994 codd.
1298 3935 1379 3992 bonis

306 4021 415 4100 (tribus
435 4023 637 4099 „potioribus“
651 4024 730 4096 Gaii,
743 4021 815 4102 [B])
828 4025 974 4081 omittitur
985 4034 1136 4098 tamqnam
1158 4030 1292 4097 apparet,
1314 4029 1378 4076 ante

306 4118 336 4165 nt
363 4109 509 4167 excidisse
531 4120 570 4182 et,
603 4111 677 4167 illud
699 4110 737 4166 ad
765 4108 911 4166 defectum
934 4108 1118 4168 sarciendam
1146 4106 1278 4164 additum
1309 4123 1379 4162 esse.

306 4193 385 4251 Illud
408 4205 437 4252 nt
458 4205 520 4252 anm
542 4197 602 4253 dici
627 4196 665 4253 ad
693 4198 820 4252 seminum
849 4194 1078 4271 appellationem
1106 4192 1234 4270 pertinet
1255 4191 1378 4268 positam

307 4283 322 4350 ξ
349 4281 396 4336 17.
441 4276 560 4359 [Itaque
583 4299 660 4338 nuno
683 4282 725 4339 sic
748 4280 826 4338 edidi
848 4298 914 4338 oum
937 4275 1082 4360 Baitero]

712 4417 719 4454 i
