2944 5040
344 374 407 438 804
764 391 935 439 excussus
952 392 995 438 ιιι.

344 563 504 622 absolutos.
516 573 708 634 converteret,
732 563 919 640 neglegenter
941 564 1096 634 ablativos,
1120 565 1171 639 qui
1182 564 1329 641 interponi
1349 568 1400 622 sine

345 649 451 725 copula
472 649 627 720 debebant,
651 665 716 706 cum
739 649 896 725 participio
909 649 1070 720 coniunxit,
1094 651 1150 707 heo
1167 651 1326 708 sententia:
1348 669 1400 708 cun

344 735 454 792 milites
476 734 601 810 dispersi
623 745 721 792 essent
742 753 796 792 nec
818 735 914 792 minus
942 735 1041 792 hostes
1068 737 1245 794 conturbati.
1288 737 1401 794 Prorsus

343 819 479 878 similiter
491 819 593 878 Livius
604 820 707 891 XXV,
722 819 771 891 35,
785 820 818 890 2,
847 829 960 877 tantum
972 821 1090 879 inverso
1112 821 1261 898 participii
1284 833 1312 879 et
1332 822 1400 878 eblu-

343 906 471 964 tivorum
493 905 610 964 ordine:
642 906 716 962 Inter
737 908 868 964 euentus
890 907 1024 981 ducesque
1043 910 1189 982 gratulatio
1217 911 1307 982 ingens
1321 911 1399 983 J'oetu.

344 995 502 1068 imperatore
529 1002 601 1049 toruo
629 1009 689 1049 eum
716 994 788 1048 omiti
819 995 935 1048 eserer'tu
963 994 1047 1049 deleto
1074 1004 1103 1050 et
1129 995 1242 1050 alterum
1265 1013 1318 1069 pro
1338 993 1401 1049 lrrod

344 1079 426 1136 dubie
443 1099 540 1154 parem
567 1079 705 1136 or'cton'am
732 1087 908 1151 aspectantes.
963 1076 1095 1136 Eandem
1124 1075 1313 1136 offensionem
1339 1079 1400 1135 haec

343 1164 509 1224 coniunctio
530 1165 620 1220 habet
647 1161 726 1238 apud
747 1161 883 1220 Tacitum
906 1163 984 1220 Hist
1003 1163 1028 1236 I,
1047 1163 1101 1220 45:
1142 1165 1243 1220 Viner'rs
1262 1167 1399 1222 insumet

343 1253 456 1308 emtores
475 1269 577 1326 pontus
594 1250 721 1306 dotantur
743 1249 886 1322 aspir-utone
905 1251 1042 1323 praesenti
1061 1251 1140 1306 esitio
1167 1249 1309 1306 sabtrusit.
1348 1249 1398 1306 un-

343 1337 516 1412 pectebatur
537 1345 601 1392 eut:
634 1333 726 1392 tabens
756 1344 781 1390 et
807 1335 951 1408 affirnsuns
978 1341 1042 1391 aut:
1075 1337 1177 1391 iussum
1199 1367 1240 1376 —-
1263 1337 1398 1410 affirmans.

343 1421 485 1492 subtraxit,
509 1420 572 1478 sine
594 1417 667 1497 et.¹)
710 1418 759 1476 Ad
782 1419 860 1476 hunc
882 1417 972 1496 igitur
993 1419 1089 1478 locum
1102 1419 1234 1478 Kritzius
1256 1421 1327 1478 alios
1342 1438 1398 1496 pro·

342 1505 409 1576 fert,
433 1505 484 1564 ubi
505 1525 551 1564 nec
572 1505 675 1563 eodem
698 1505 785 1562 modo
807 1523 861 1580 pro
884 1523 935 1561 reon
951 1507 1029 1562 etiem
1045 1504 1155 1563 dictum
1166 1514 1265 1581 putat3
1288 1506 1398 1582 primum

344 1591 477 1652 Sallustii
500 1591 592 1668 ipsius
614 1590 645 1647 in
667 1590 731 1666 Iug.
750 1589 799 1660 51,
818 1589 851 1647 5:
885 1589 943 1648 Sed
963 1610 1009 1648 nee
1031 1591 1163 1665 Iugurtha
1185 1593 1291 1666 quiden
1313 1595 1397 1648 interes

344 1681 449 1752 quietus
471 1687 538 1748 erat,
561 1676 635 1734 nihil
657 1693 772 1747 curans,
796 1675 875 1750 quod
886 1675 1033 1733 adiectum
1045 1685 1090 1732 est
1100 1677 1217 1750 quidem,
1241 1677 1397 1751 codicesque

344 1763 443 1839 plures
466 1771 495 1819 et
517 1761 653 1820 meliores
664 1767 743 1818 recte
767 1757 1115 1838 (utpaulopostdicarn)
1137 1761 1397 1838 scriptumhabent:

344 1867 376 1906 ne
398 1849 531 1922 Iugurtha
552 1849 674 1922 quiderm
707 1855 769 1903 tum
801 1845 932 1905 Cornelii
954 1846 1080 1922 Nepotis
1102 1847 1133 1903 in
1155 1848 1245 1906 Dion.
1263 1867 1286 1906 c.
1304 1848 1335 1916 2,
1355 1847 1396 1902 ubi

343 1933 587 2010 pervagatissimo
609 1932 696 1990 modo
718 1949 797 1988 nova
819 1932 964 1989 sententie
986 1932 1151 1990 annectitur
1164 1933 1396 2010 particulamque.

342 2019 516 2095 interposito
538 2019 627 2076 etiam
649 2017 687 2074 ad
709 2017 871 2074 sententiae
883 2018 1117 2094 progressionem
1140 2027 1170 2076 et
1192 2019 1396 2076 conversionem

342 2104 557 2182 insigniendum
579 2123 640 2160 vero
652 2097 750 2183 (neque
760 2121 821 2160 vero
832 2097 942 2183 miuus),
965 2113 998 2160 ut
1010 2123 1061 2160 uon
1076 2113 1127 2160 aut
1139 2123 1172 2161 ne
1183 2137 1223 2147 -
1236 2105 1336 2179 quidem
1348 2101 1395 2159 diri

343 2190 462 2248 omnino
479 2208 538 2246 non
554 2187 698 2265 potuerit;
720 2187 778 2244 nisi
799 2186 876 2245 forte
887 2187 940 2245 illa
952 2188 1127 2265 significatio
1144 2190 1201 2246 erit
1211 2189 1395 2248 etiaminhis:

342 2295 426 2349 aeque
437 2295 498 2332 uero
509 2274 541 2331 ob
552 2276 623 2332 deus
634 2275 711 2330 trudo
720 2292 820 2330 camos
832 2269 914 2352 (Fin.
926 2274 981 2344 IV,
997 2269 1050 2354 11)
1062 2275 1154 2332 autin
1166 2275 1226 2332 his:
1247 2295 1291 2332 ruer
1302 2294 1356 2332 tero
1365 2275 1394 2328 ite

343 2361 398 2418 dici
404 2369 492 2435 potest
504 2359 606 2438 (Tusc.
618 2359 675 2430 m,
689 2355 754 2436 41).
781 2358 818 2415 Ιιι
830 2357 981 2418 Ciceronis
993 2360 1081 2416 etiam
1093 2361 1109 2417 I
1123 2361 1159 2417 de
1171 2359 1229 2420 Off.
1243 2362 1283 2418 40
1294 2363 1394 2437 (qnam-

340 2463 428 2519 quam
449 2445 475 2503 is
497 2445 579 2503 locus
602 2443 753 2504 Ciceronis
780 2462 838 2502 non
862 2453 919 2516 est,
955 2445 1006 2502 sed
1028 2445 1101 2502 nihil
1123 2446 1179 2504 hoe
1202 2446 1239 2503 ad
1261 2441 1332 2524 rem)
1356 2461 1394 2499 reo

339 2533 426 2588 nunus
454 2532 529 2588 illum
555 2528 712 2588 manifesto
741 2539 800 2586 est:
829 2539 854 2586 et
881 2549 932 2586 non
954 2533 1134 2588 rnr'uusr'llnm.
1178 2531 1281 2590 Restat
1303 2550 1337 2588 ex
1355 2529 1392 2586 iis

340 2635 416 2690 quae
438 2616 570 2674 Kritzius
592 2615 728 2692 protulit,
762 2615 938 2673 testimoniis
966 2613 1047 2693 (nam
1070 2616 1105 2673 de
1128 2617 1225 2674 Taciti
1248 2627 1277 2674 et
1299 2625 1394 2674 oetero-
1463 2627 1464 2648 ³

339 2719 403 2758 rum
426 2699 599 2759 inferiorum
629 2719 683 2758 usu
710 2700 818 2758 dictum
842 2701 900 2775 est)
928 2719 1004 2758 unus
1031 2701 1265 2760 Tusculanarum
1293 2702 1393 2762 Cicero-

340 2787 386 2844 nis
407 2786 500 2858 locus,
524 2788 549 2856 I,
568 2788 623 2844 65:
650 2785 724 2854 Quid
745 2796 784 2843 est
806 2788 937 2843 inventio?
964 2787 1091 2860 Profecto
1113 2789 1151 2858 id,
1174 2807 1228 2862 quo
1250 2807 1295 2846 uec
1316 2791 1339 2844 ia
1356 2787 1393 2842 deo

338 2873 488 2946 quidquam
510 2875 597 2929 maius
619 2873 733 2944 intellegi
748 2881 846 2946 potest.
879 2871 990 2930 Verum
1002 2871 1044 2929 ibi
1057 2871 1173 2930 codices
1185 2873 1313 2931 omnium
1324 2889 1393 2948 pras·

341 2957 528 3028 stantissimi,
557 2956 733 3014 Parisiensis
755 2966 784 3012 et
807 2955 886 3015 Gud.
901 2959 927 3026 l,
952 2975 1017 3014 curn
1040 2957 1107 3014 aliis
1129 2958 1238 3016 habent
1261 2980 1292 3016 ne
1307 2963 1331 3015 iu
1348 2959 1394 3014 dre.

339 3051 372 3099 ut
393 3053 527 3119 apertum
550 3041 602 3112 sit,
630 3041 678 3098 hic
700 3051 733 3098 ut
754 3040 825 3098 alibi
848 3042 1025 3117 aliquotiens
1048 3038 1139 3122 (rid,
1168 3063 1244 3118 quae
1271 3041 1395 3102 annotari

338 3127 376 3184 ad
397 3127 449 3185 lib.
460 3128 485 3198 I,
499 3125 554 3204 39)
576 3127 720 3185 excidisse
743 3129 850 3201 quiden
871 3125 916 3205 (et
928 3147 1015 3203 quam
1037 3127 1125 3186 facile
1142 3139 1209 3186 ante
1222 3123 1396 3204 querquetu.

338 3213 417 3288 quod
439 3213 468 3270 in
492 3212 592 3271 codice
614 3213 744 3288 perbono
767 3211 937 3271 Coloniensi
960 3223 988 3270 et
1000 3213 1066 3270 eliis
1078 3213 1253 3289 quibusdam
1266 3215 1397 3273 scribitur.

338 3298 403 3356 Nec
424 3297 511 3355 aliter
532 3297 719 3354 iudicandum
742 3306 787 3354 est
809 3297 844 3354 de
867 3298 960 3355 altero
982 3299 1217 3357 Tusculanarum
1239 3301 1304 3359 loco
1319 3301 1343 3369 I,
1356 3300 1396 3355 il.

338 3384 389 3441 ubi
412 3383 524 3440 editur:
548 3402 595 3440 uec
618 3386 723 3440 irruere
745 3385 841 3456 igitur,
870 3383 985 3441 codices
1007 3384 1117 3441 habent
1138 3405 1183 3454 ue,
1207 3384 1353 3444 Ciceronis
1373 3383 1395 3439 iu
1461 3447 1462 3454 ἵ

339 3469 526 3526 conclusione
548 3467 731 3526 annectenda
752 3487 822 3526 usus
845 3469 1108 3540 constantissimus,
1131 3488 1219 3545 quem
1231 3471 1318 3546 paulo
1338 3480 1395 3526 ante

338 3554 477 3630 exposui,
499 3552 643 3629 postulet:
667 3574 698 3611 ne
721 3556 830 3610 interire
852 3556 958 3629 quidem
980 3557 1068 3628 egitur.
1101 3555 1203 3630 Atque
1220 3556 1251 3613 hi
1273 3553 1394 3614 duoloci.

338 3638 408 3713 qnid
438 3639 467 3696 in
491 3657 550 3696 uno
573 3647 603 3696 et
624 3638 717 3696 altero
741 3648 894 3714 praeterea
921 3639 1030 3696 iactum
1053 3640 1105 3711 sit,
1140 3641 1285 3716 aperiunt,
1307 3659 1394 3716 quam-

338 3741 426 3798 quam
437 3723 580 3800 plerique,
592 3723 684 3798 quiin
696 3724 897 3799 quaestionem
908 3725 1039 3796 veniunt,
1062 3724 1121 3782 alia
1132 3725 1289 3786 manifeste
1304 3723 1392 3783 menda

338 3810 455 3866 habent.
478 3809 662 3880 Percurram,
690 3829 763 3884 quos
786 3810 959 3886 conquirere
981 3809 1073 3886 potui,
1096 3829 1206 3868 omnes.

368 3994 388 4054 ¹)
409 3991 486 4058 [Satis
503 3995 555 4042 late
566 4001 635 4057 patet
650 3994 716 4058 apud
727 3993 838 4048 Livium,
857 3994 983 4054 Taciturn,
1000 3993 1145 4044 Suetonium
1160 4009 1221 4046 usus
1231 3993 1389 4061 oopulreinter

406 4062 566 4126 participium
585 4063 692 4127 simplex
715 4069 739 4111 et
757 4062 881 4112 ablativos
903 4064 1032 4114 absolutos
1060 4065 1235 4128 interpositae.
1262 4079 1305 4114 nee
1321 4063 1387 4110 ninus

405 4132 472 4194 apud
492 4127 615 4190 Graeces;
638 4133 681 4180 sed
700 4145 729 4179 ea
747 4130 819 4196 posui
837 4133 966 4196 exempla.
994 4133 1020 4181 in
1044 4133 1134 4196 quibus
1152 4133 1241 4183 similis
1259 4133 1336 4195 aliqua
1351 4129 1386 4176 du-

404 4199 472 4248 rities
496 4209 532 4248 est
551 4199 585 4257 ei,
604 4213 668 4262 quae
695 4200 720 4248 in
744 4199 860 4250 Sallustii
882 4201 940 4249 loco
963 4216 995 4250 ex
1020 4215 1049 4250 eo
1067 4201 1191 4250 nescitur.
1220 4204 1285 4266 qnod
1302 4195 1386 4248 ablativi

406 4277 589 4316 connectuntur
607 4283 663 4317 cuni
683 4269 781 4318 obiecto
799 4269 866 4318 verbi
886 4269 1040 4334 insequentis
1058 4269 1188 4330 contraiit,
1221 4273 1252 4320 ud
1274 4269 1335 4334 qnod
1350 4263 1385 4328 ipsi
1459 4267 1460 4276 ³

405 4347 455 4384 non
474 4334 616 4402 pertinent]
