3000 5044
383 421 426 466 ur
451 421 530 466 usn.
553 421 615 466 nm.
640 421 672 466 rr
696 421 768 466 ose.
789 424 896 468 ro-ao.
1102 403 1163 467 ool

88 600 203 656 natura
230 610 333 656 rorum
361 596 455 672 atque
483 590 551 671 ipse
579 590 695 654 veritas
723 589 876 656 clamabat
902 589 1036 670 quodam
1065 591 1166 669 modo,

88 713 153 758 non
176 712 270 775 posse
292 693 417 771 adduci,
440 701 475 756 ut
496 693 577 757 inter
599 711 652 758 eas
675 711 739 770 res,
763 711 841 774 quas
864 693 947 756 Zeno
971 699 1166 772 exaequaret,

88 796 166 859 nihil
187 797 361 860 interesset.

177 899 244 962 XX.
278 900 328 962 bil.
356 897 471 962 Postea
492 907 565 962 tirus
589 896 638 962 ille
661 896 817 961 Poenulus
841 896 915 970 (scis
938 896 1019 960 eninr
1043 896 1165 975 titicus,

89 1001 218 1064 clientes
246 1009 331 1078 tuos,
358 1019 375 1064 e
403 1000 557 1065 Phoenica
580 999 765 1080 profectos),
799 999 890 1062 homo
923 998 1017 1079 igituir
1046 1005 1205 1077 acutusb

165 1245 183 1286 l.
204 1239 332 1288 elamoth
369 1244 390 1287 2.
411 1257 546 1302 exaequare
564 1239 609 1288 Er.
651 1247 664 1286 4
693 1238 798 1288 Zennlun
818 1239 860 1286 Lu
905 1237 978 1288 cirins
998 1239 1018 1286 E
1038 1237 1105 1286 citius
1125 1238 1167 1286 LP

88 1309 161 1358 citius
179 1325 249 1371 quara
267 1307 327 1356 hauc
345 1325 362 1356 a
378 1307 527 1373 philosophia
547 1310 567 1358 C
588 1307 687 1359 Citiaeos
706 1309 727 1357 lt
790 1313 811 1356 h.
831 1325 846 1356 a
871 1323 957 1356 omncs
1018 1305 1126 1356 Poenica
1145 1307 1167 1356 Ε

84 1378 182 1442 podica
201 1377 290 1426 Ll’clt

88 1568 284 1626 auditoribus.
330 1568 376 1626 De
399 1568 445 1624 his
467 1569 544 1626 enim
568 1567 740 1626 Ciceronem
762 1567 858 1642 loqui,
882 1567 1098 1642 apertissimum
1123 1577 1167 1624 est

89 1675 126 1710 ex
152 1655 199 1725 iis,
223 1673 298 1728 quae
321 1663 492 1728 sequuntur,
516 1655 649 1710 clanrabat
661 1651 846 1730 (adaequaret,
859 1651 1007 1731 interesset)
1030 1663 1060 1710 et
1077 1650 1167 1730 (quae

90 1740 211 1816 neglegi
244 1739 375 1814 potuisse
404 1740 539 1814 mirerel:
573 1741 701 1796 Postea
725 1773 765 1780 —-
788 1741 872 1814 coepit
894 1747 963 1808 oet,
997 1749 1058 1796 tum
1081 1737 1166 1818 (57):

89 1827 145 1882 llic
170 1826 328 1899 loquabatur
350 1833 404 1882 cet.
443 1826 549 1898 Itaque
573 1825 635 1882 sine
659 1825 720 1880 ulla
742 1823 925 1902 dubitatione
947 1825 1062 1882 correxi
1085 1825 1167 1883 codi-

89 1912 131 1968 cis
156 1911 309 1986 archetypi
333 1911 469 1966 mendum
493 1909 685 1986 (probantur),
709 1929 784 1985 quae
807 1910 1032 1968 emendatione
1056 1910 1167 1968 Grute-

89 2017 156 2053 rum
181 1997 298 2070 quidem
321 1995 453 2072 fugerat,
487 1996 604 2053 sublato
627 1997 715 2054 etiam
739 1995 894 2052 manifesto
918 1996 991 2052 vitio
1014 1997 1166 2066 orationis,

89 2082 223 2157 quadiu
247 2082 302 2139 hac
325 2082 537 2156 compositione
560 2091 637 2138 erut:
665 2101 723 2140 crem
747 2115 787 2122 -
815 2083 982 2149 uiderentur,
1005 2083 1167 2157 probantur.

89 2171 155 2226 Aut
179 2168 266 2238 enim,
291 2168 326 2239 si,
349 2167 419 2242 quid
442 2168 506 2224 fieri
528 2168 637 2238 soleat,
661 2167 782 2238 dicitur,
806 2167 991 2224 scribendum
1015 2177 1074 2224 est:
1108 2189 1167 2225 curn

90 2287 127 2296 -
154 2255 306 2323 rideantur,
325 2254 481 2327 probantur
504 2251 552 2330 (ut
573 2254 709 2310 Bromius
727 2254 774 2310 hic
787 2253 875 2309 scribi
889 2253 992 2324 voluit,
1015 2254 1167 2312 Manutius

90 2349 201 2409 antem,
225 2339 395 2408 Lambinus,
419 2339 574 2396 Ernestius
595 2341 727 2408 uidentur,
750 2339 1026 2396 nonanimadverse
1044 2340 1086 2396 rei
1099 2358 1167 2397 con-

90 2426 201 2482 trariae
223 2423 466 2500 significatione),
490 2434 550 2495 aut,
574 2444 639 2482 cum
663 2425 818 2482 diversitas
841 2425 1001 2500 superioris
1024 2435 1053 2481 et
1070 2425 1166 2498 huius,

90 2511 170 2585 qrrod
194 2529 271 2568 nunc
293 2520 347 2580 est,
370 2511 511 2586 temporis
533 2521 665 2568 notatur:
692 2531 751 2568 curn
773 2514 947 2580 visitassent,
971 2508 1057 2586 (iam)
1081 2514 1168 2568 annus

87 2598 250 2671 probantur.
294 2596 334 2654 Ut
357 2596 431 2652 nihil
454 2597 573 2654 omnino
590 2596 772 2671 frequentius
790 2605 986 2652 commutatur
1008 2615 1094 2670 quam
1113 2598 1168 2654 hae

91 2681 205 2738 formae
228 2680 324 2758 (velut
346 2683 515 2738 arbitrantur
537 2691 565 2738 et
582 2679 808 2758 arbitrabantur),
832 2682 873 2738 sic
885 2682 1015 2739 omnium
1027 2682 1168 2739 facillime

91 2777 214 2842 propter
224 2766 387 2824 litterarum
399 2768 604 2842 repetitionem
612 2768 913 2843 prolabantartransit
924 2768 953 2825 in
962 2769 1123 2842 probantur,
1136 2779 1169 2825 ut

56 2911 60 2922 ,
91 2853 201 2909 accidit.
211 2853 299 2909 etiam
314 2855 362 2910 61.
387 2854 525 2928 („Probat
537 2873 590 2928 pro
598 2854 733 2928 probabat
745 2853 878 2911 nonnulli
891 2855 973 2911 codd.
987 2854 1104 2912 donaro
1118 2855 1167 2926 31,

92 2939 261 3014 Hervegius
284 2949 313 2994 et
336 2939 414 2996 vict.
432 2939 525 2996 Acad.
547 2940 589 3010 11,
604 2941 653 3010 67,
678 2941 831 3014 probantur
843 2959 896 3014 pro
903 2940 1092 3014 probabantur
1103 2941 1168 2996 edd.

92 3034 163 3080 vett.
176 3024 272 3081 Acod.
290 3025 332 3094 11,
347 3025 416 3081 88st
448 3025 638 3099 Wesenb.).
668 3025 724 3082 Vel
747 3026 881 3100 proxime
909 3028 1008 3082 adimat
1036 3045 1089 3100 pro
1112 3029 1168 3082 cta-

94 3111 182 3166 malat
205 3110 293 3166 etiam
317 3109 401 3166 Parr.
421 3112 449 3177 2,
471 3112 498 3166 3.
542 3111 674 3168 Pessime
698 3110 792 3168 Gaius
821 3111 1007 3168 scribendum
1036 3111 1168 3185 putabat,

94 3195 268 3254 Schuetzius
289 3196 420 3271 scripsit:
439 3197 627 3272 probabuntur
649 3196 818 3276 (uiderentur
840 3229 879 3236 —
900 3195 1116 3272 probabanturi)
1140 3206 1167 3253 et

95 3291 155 3336 tum
178 3300 195 3337 e
218 3281 281 3338 cod.
304 3280 385 3338 Mon.
408 3283 533 3338 adamabit
561 3283 750 3356 (erneqnaret,
784 3281 957 3357 interessetl).
1008 3283 1054 3340 De
1077 3282 1168 3339 verbo

95 3367 197 3424 arldaci
217 3363 272 3442 (se)
296 3367 405 3424 dictum
429 3377 474 3424 est
496 3368 532 3424 ad
555 3370 580 3432 Ι,
608 3371 653 3425 14.
705 3363 761 3439 (Es
783 3370 917 3433 interesse,
941 3367 1050 3424 omisso
1073 3366 1124 3446 ut.)

179 3451 252 3527 Cep.
265 3453 339 3524 XX,
364 3453 413 3511 56.
437 3455 572 3510 Poerrnlus
585 3487 624 3494 -
638 3455 713 3509 horrso
725 3457 805 3526 ipr'tar
816 3450 927 3531 martias)
952 3453 1045 3510 Acad.
1058 3455 1098 3524 II,
1114 3455 1168 3510 98:

97 3539 171 3593 lemno
193 3548 298 3606 acuties,
323 3549 351 3594 ut
374 3541 494 3614 Poerrns;
518 3540 615 3596 Plaut.
628 3540 719 3596 Poen.
742 3539 817 3614 prol.
830 3558 857 3595 v.
874 3541 947 3596 113:
970 3541 1169 3614 Poenrraplane

96 3633 141 3678 est.
165 3623 274 3681 Citium
289 3625 453 3682 Phoenices
465 3625 585 3682 colonos
598 3625 745 3693 habuisse,
756 3625 905 3701 Diogenes
919 3625 1054 3684 Laertius
1066 3626 1169 3682 scribit

96 3707 206 3776 t'11,1.
251 3710 419 3766 Poenorum
449 3730 554 3766 nornen
589 3712 783 3768 conrnurniter
809 3713 845 3766 de
873 3711 1071 3769 Phoenicibus
1100 3711 1167 3780 dici,

96 3803 217 3868 apparet
229 3815 266 3850 cx
280 3804 354 3852 orat.
366 3815 419 3870 pro
433 3796 526 3852 Balbo
541 3797 580 3852 32
597 3805 625 3852 et
640 3797 677 3852 39
693 3807 721 3852 et
734 3817 749 3852 e
761 3795 866 3872 fragm.
884 3797 950 3853 libri
962 3798 1010 3854 111
1033 3797 1068 3852 de
1086 3797 1120 3854 R.
1133 3798 1168 3852 P.

98 3879 173 3953 apud
196 3879 327 3937 Nonium
350 3900 378 3956 p.
398 3883 469 3952 431,
493 3882 571 3955 qnod
595 3883 623 3938 in
638 3883 762 3938 Merceri
786 3883 1167 3957 exemplorectescriptum

98 3975 154 4034 est;
189 3967 278 4022 ceteri
303 3968 448 4024 Plroeru'ces
476 3968 698 4024 substituerunt.
743 3969 803 4028 Pro
827 3969 939 4024 Scauro
968 3979 1065 4024 tannen
1089 3972 1103 4037 ξ
1129 3969 1167 4024 42

98 4049 199 4108 Cicero
219 4052 339 4108 Poenos
361 4071 379 4108 a
401 4053 600 4110 Phoenicibus
624 4053 785 4128 distinguit.
831 4053 961 4112 Clientes
985 4053 1106 4112 Catonis
1119 4053 1168 4111 Ci-

98 4136 204 4192 tienses
217 4147 309 4208 erant,
329 4157 365 4193 ex
384 4158 442 4213 quo
454 4149 586 4213 ternpore
598 4138 711 4196 insulae
730 4139 759 4195 in
773 4140 942 4214 provinciae
955 4140 1079 4196 sormam
1102 4140 1168 4195 red·

98 4219 217 4294 ipendae
239 4222 422 4298 praefuerat:
447 4225 505 4281 trid.
518 4243 563 4300 ep.
575 4225 613 4280 ad
625 4226 706 4282 Fons.
720 4227 790 4292 XV,
804 4227 831 4295 l,
849 4227 895 4296 15,
909 4227 945 4282 nd
962 4226 1125 4288 Arr.vl,1.
1141 4228 1168 4282 o.

101 4307 214 4364 Zenalrrs
237 4304 321 4378 Eion
345 4329 398 4384 pro
425 4311 521 4366 (i'tr'eos
549 4311 664 4368 codices
694 4311 775 4388 (Gzii
795 4329 910 4380 orrrues,
935 4312 1022 4387 Ulli?
1047 4307 1168 4380 namE}

101 4391 167 4468 om.)
179 4398 255 4450 eitius
267 4405 318 4451 aut
335 4399 417 4452 cicino
436 4393 483 4475 [ut
500 4397 533 4452 B.
566 4397 661 4452 Citieos
673 4397 778 4454 Cicero
789 4387 860 4461 τοὺς
877 4397 989 4460 Κιτιεῖς
1001 4397 1168 4472 appellasse

916 4514 964 4567 ·3o
