3018 5052
416 405 459 450 nr
482 403 563 450 usn.
586 403 648 450 ms.
672 403 708 448 m
730 403 803 450 css.
821 407 863 450 ιι.
1100 385 1167 450 463

90 573 197 638 munia
219 591 289 639 esse
310 574 484 652 volnemnt,
507 591 639 654 quorum
656 573 908 654 altersprosunt,
931 589 1026 638 noccn
1028 572 1167 650 taltera3

90 695 192 757 neque
214 676 314 740 solum
336 694 374 740 ea
395 675 577 754 communia,
598 693 706 740 verum
722 675 814 740 etiam
830 673 1166 756 paneasedixcrum

89 778 291 843 Incommode
311 783 416 842 autam
443 785 473 843 et
500 777 663 843 commoda
688 777 747 858 (ita
773 778 854 844 enim
881 765 1108 857 εὐχρηστὴματα
1136 781 1170 842 et

159 1005 184 1054 3,
204 1009 227 1050 et
246 1001 315 1064 (ante
332 999 464 1065 emameda)
482 1015 531 1050 em.
549 999 573 1049 ιι
591 1009 633 1050 ard
652 999 673 1051 C

90 1211 165 1268 tium
188 1219 219 1268 et
240 1209 383 1268 bonorum
406 1209 537 1267 virorum
560 1209 717 1267 concordia
745 1217 775 1266 et
796 1208 1015 1278 benevolentia,
1044 1225 1103 1281 qua
1124 1207 1169 1278 ιιι,

89 1305 121 1353 nt
143 1297 224 1353 inter
246 1314 277 1352 se
299 1313 415 1372 semper
435 1295 510 1353 bene
532 1295 666 1371 cupiant,
695 1311 854 1368 numquam
875 1293 1041 1364 invideant3
1074 1291 1168 1350 oritur

89 1383 180 1440 etiam
203 1380 291 1438 nimis
313 1390 417 1478 aperta
437 1379 556 1438 fallacie
577 1381 626 1438 vel
646 1381 713 1438 lusu
729 1380 804 1438 illud
820 1380 979 1452 decretum,
1002 1377 1171 1438 communia

90 1486 155 1526 esse
177 1457 218 1524 sd
240 1454 466 1542 εὐχρηστὴματα
488 1475 519 1523 et
535 1450 795 1542 δυσχρηστήματα,
818 1465 848 1522 id
871 1473 929 1536 est,
958 1481 1116 1541 prosperos
1138 1474 1169 1521 et

90 1553 234 1612 adversm
256 1559 389 1623 eventus,
413 1551 464 1627 qui
486 1551 524 1608 ad
546 1551 716 1650 praeposita
738 1560 768 1608 et
789 1551 899 1608 reiecta
920 1551 1101 1627 pertineant,
1125 1557 1168 1620 ut,

91 1639 172 1715 quod
194 1637 281 1696 alteri
302 1636 377 1694 bene
399 1646 451 1694 eut
472 1655 556 1694 secus
579 1636 719 1708 evenerit,
742 1635 772 1693 id
794 1637 870 1695 alter
886 1655 970 1695 suum
988 1643 1169 1732 quoqueaut

90 1723 278 1783 commodum
300 1731 352 1780 aut
372 1722 590 1781 incommodum
617 1731 715 1799 putem
748 1741 816 1780 uam
845 1709 991 1800 εὔχρηστα
1019 1729 1103 1778 erant
1129 1709 1170 1776 τὰ

90 1797 274 1886 npoqypisu,
298 1795 468 1884 δυσχρησια
488 1797 528 1865 τὰ
550 1795 783 1884 ἀποπροηγμένα
804 1805 969 1886 (Plutarch.
992 1807 1058 1864 adv.
1077 1804 1168 1866 Stoic.

92 1895 131 1952 20
160 1913 190 1972 p.
224 1893 304 1951 1068
332 1890 386 1971 Α)
434 1892 583 1967 Quoniam
615 1901 714 1950 autem
747 1893 900 1951 commode
927 1901 958 1950 et
983 1891 1172 1950 incommoda

91 1999 151 2039 non
173 1980 226 2042 ite,
248 1987 282 2036 ut
304 1977 501 2036 emolumenta
523 1987 553 2036 et
574 1977 767 2050 detrimenta,
798 1980 877 2036 inter
898 1979 1046 2055 sapientes
1074 1986 1104 2034 et
1125 1977 1169 2034 iu-

92 2067 235 2143 sipientes
257 2065 353 2123 divisa
374 2073 404 2122 et
426 2065 510 2139 quasi
532 2064 678 2140 dirempta
705 2073 797 2136 erant,
832 2063 884 2123 sed
913 2073 943 2122 et
971 2063 1097 2140 sapienti
1124 2063 1170 2119 in·

92 2151 249 2210 commoda
269 2149 402 2208 accidere
425 2157 455 2208 et
471 2149 623 2226 insipienti
634 2151 788 2208 commode
800 2158 946 2226 poteraut,
969 2147 1169 2225 quaerendum

92 2237 211 2295 videtur
232 2235 334 2308 fuisse,
357 2253 527 2293 seorsumue
549 2235 731 2310 sapientibus
743 2245 773 2294 et
783 2235 991 2312 insipientibus
1007 2236 1079 2292 haec
1090 2251 1171 2291 com·

92 2323 193 2382 munia
217 2331 315 2380 essent
336 2340 374 2378 an
396 2321 541 2378 omnibus.
587 2322 697 2378 Verum
722 2320 816 2380 Stoici
838 2320 1007 2399 splendidas
1034 2321 1087 2378 has
1104 2337 1170 2377 sen·

92 2408 202 2468 tentius
224 2407 262 2465 ad
284 2424 381 2464 rerum
404 2415 434 2464 et
454 2407 535 2464 vitae
556 2407 712 2464 veritatem
724 2407 944 2466 accommodare
956 2426 1059 2483 parum
1072 2405 1171 2464 conati

93 2513 157 2554 esse
178 2493 332 2565 videntur,
366 2501 396 2550 et
427 2493 458 2550 in
485 2492 716 2550 commendanda
742 2494 873 2570 graviter
894 2502 997 2551 mutua
1018 2493 1169 2550 hominnm

93 2581 218 2638 cariwte
240 2577 374 2636 nonnihil
396 2577 480 2636 obliti
503 2597 568 2636 esse
590 2577 767 2636 discriminis
789 2578 870 2637 illius
897 2580 974 2636 inter
996 2579 1169 2655 sapientem,

94 2666 145 2742 qui
167 2665 316 2724 aunullus
338 2671 416 2721 asset
438 2663 631 2735 dubitaretur,
645 2672 675 2721 et
685 2664 867 2742 insipientes
900 2665 969 2723 Non
987 2664 1085 2741 magni
1107 2681 1172 2720 mo·

94 2752 185 2810 menti
208 2751 246 2808 ad
268 2767 411 2808 summam
434 2749 620 2826 disciplinam
642 2749 715 2808 haec
736 2749 842 2822 fuisse,
877 2751 965 2810 etiam
992 2750 1061 2808 inde
1082 2747 1169 2806 facile
1249 2793 1257 2814 .

94 2838 204 2932 aliquis
225 2835 282 2894 sibi
305 2836 494 2911 persuadeat,
518 2835 703 2910 quodneque
720 2823 962 2913 εὐχρηστήματος
984 2853 1080 2910 neque
1102 2833 1170 2892 doo-

93 2910 304 3000 χρηστὴμὰτος
326 2939 431 2978 nomeu
455 2919 610 2996 quisquam
632 2930 752 2996 praeter
773 2919 955 2994 Ciceronem,
978 2921 1169 2996 quodsciam,

95 3006 343 3064 commemoravit.
378 3004 482 3085 (Initio
505 3005 610 3083 capitis
632 3017 661 3064 ut
673 3027 734 3064 vero
755 3015 914 3064 annotatur
935 3007 1006 3064 stru
1018 3025 1076 3084 mg.
1069 3005 1170 3064 .Cret.

95 3103 125 3150 et
148 3111 164 3150 c
185 3092 249 3150 ced.
271 3092 358 3164 Mon,
381 3092 459 3168 quod
482 3092 625 3150 edebatur
646 3105 675 3150 ut
696 3090 783 3172 erqo.)

180 3197 294 3254 quorum
316 3181 401 3236 alteru
425 3211 465 3220 -
487 3177 587 3254 altera)
611 3177 685 3238 Cum
703 3180 873 3235 meolumentu
897 3185 927 3234 et
948 3179 1104 3235 detrimenta
1126 3175 1172 3233 di·

95 3281 162 3320 cere
189 3271 308 3320 coactus
335 3274 414 3322 esset
440 3263 541 3340 inopie
568 3264 743 3341 linguae,'
733 3282 765 3320 ru
793 3281 851 3337 qua
878 3262 961 3320 nulla
981 3273 1080 3321 essent
1101 3262 1169 3319 sub·

96 3349 237 3420 mura,
271 3367 347 3423 quaa
375 3367 393 3406 a
420 3350 519 3408 verbis
541 3352 673 3448 prodesse
705 3359 735 3408 et
761 3367 853 3407 umere
879 3348 1104 3418 descenderent,
1138 3357 1171 3404 ut

95 3425 237 3508 ὠφέλημα
258 3444 289 3491 et
309 3423 474 3510 pibdppa’
456 3425 516 3492 aad
536 3431 591 3490 τοι
613 3426 737 3508 ὠφελεῖν
763 3424 813 3492 καὶ
838 3431 894 3492 τοῦ
915 3419 1070 3518 diensem,
1096 3433 1170 3490 haec

96 3517 217 3590 addidit,
239 3528 273 3576 ut
294 3519 416 3596 propius
438 3520 476 3578 ad
498 3519 680 3578 Graecorum
703 3519 854 3578 nominum
875 3521 936 3578 vim
958 3507 1119 3578 accederet

182 3605 352 3663 [acommoda
373 3615 461 3662 arden
488 3615 512 3662 et
539 3602 690 3685 cmmoda)
724 3605 865 3664 Davisius
892 3605 999 3664 inverti
1027 3605 1170 3664 malebat:

96 3691 231 3748 cmmoda
252 3701 341 3748 autern
362 3701 387 3748 et
408 3692 573 3749 incorumodo
601 3689 646 3771 (et
672 3691 715 3748 sie
741 3691 771 3748 in
794 3692 863 3749 Bes.
891 3711 955 3750 esse
983 3691 1077 3752 Gaius
1104 3689 1173 3769 ait),

97 3793 153 3832 nec
173 3775 368 3853 suspicionem
391 3776 535 3853 improbo,
559 3776 735 3836 nouaclum
758 3777 837 3852 quod
865 3797 900 3836 eo
928 3777 1030 3836 ordine
1053 3776 1172 3836 Graeca

97 3860 188 3918 verba
207 3871 366 3938 ponuntur,
390 3871 420 3920 et
440 3862 531 3938 paulo
552 3873 621 3920 ente
643 3865 815 3920 ernolumenta
832 3875 857 3920 et
873 3865 1029 3921 decernente
1041 3862 1170 3940 etpaulo

96 3947 246 4023 posthaec
256 3948 332 4024 ipsa,
356 3965 415 4005 non
427 3957 539 4019 contre,
563 3947 613 4006 sed
631 3950 710 4024 quod
726 3949 898 4024 cogitationi
909 3949 1076 4007 necessario
1087 3949 1170 4026 prius

97 4043 252 4092 occurrunt
279 4033 446 4104 commoda,
480 4033 585 4091 deinde
618 4053 656 4092 ex
683 4035 730 4092 his
757 4035 888 4092 nascitur
914 4035 1052 4110 negativa
1078 4033 1170 4092 notio.

98 4117 181 4174 Enim
201 4129 269 4195 post
290 4123 329 4176 ito
351 4119 461 4177 excidit
482 4119 512 4176 iu
535 4119 580 4176 ed.
598 4121 678 4178 Men.
701 4129 732 4178 et
742 4121 880 4195 deinceps
897 4121 1002 4178 ceteris
1013 4129 1081 4178 ante
1094 4120 1171 4177 Dav.

97 4203 191 4262 Panlo
213 4213 390 4282 pastoratem
411 4215 459 4262 aas
481 4224 519 4262 ex
542 4206 587 4263 ed.
609 4225 653 4282 pr.
671 4217 866 4284 propagatum
888 4217 934 4264 est
954 4206 992 4263 ad
1009 4206 1171 4276 Manutius,

97 4289 280 4364 Lambinum,
305 4289 477 4362 Gruterum,
500 4290 624 4362 Gaium3
647 4303 671 4348 et
692 4292 834 4350 Davisius
851 4309 888 4348 ex
901 4293 995 4350 tribus
1013 4293 1074 4350 suis
1086 4288 1171 4370 (Εξχ.

97 4373 177 4446 Bas,
198 4374 276 4435 Gud.
298 4374 453 4455 ntroqua);
477 4375 554 4453 Spir.
577 4376 634 4456 [B]
656 4388 690 4435 ut
710 4377 773 4436 Erl.
