<?xml version="1.0" encoding="UTF-8"?>
<!DOCTYPE html PUBLIC "-//W3C//DTD XHTML 1.0 Transitional//EN"
    "http://www.w3.org/TR/xhtml1/DTD/xhtml1-transitional.dtd">
<html xmlns="http://www.w3.org/1999/xhtml" xml:lang="en" lang="en">
 <head>
  <title>
</title>
<meta http-equiv="Content-Type" content="text/html;charset=utf-8" />
  <meta name='ocr-system' content='tesseract 3.04.00' />
  <meta name='ocr-capabilities' content='ocr_page ocr_carea ocr_par ocr_line ocrx_word'/>
</head>
<body>
  <div class='ocr_page' id='page_1' title='image "./definibusbonoru04cicegoog_0864.png"; bbox 0 0 2944 5040; ppageno 0'>
   <div class='ocr_carea' id='block_1_1' title="bbox 328 393 978 458">
    <p class='ocr_par' dir='ltr' id='par_1_1' title="bbox 328 393 978 458">
     <span class='ocr_line' id='line_1_1' title="bbox 328 393 978 458; baseline -0.002 -2"><span class='ocrx_word' id='word_1_1' title='bbox 328 393 397 458; x_wconf 80' lang='lat'><strong>788</strong></span> <span class='ocrx_word' id='word_1_2' title='bbox 762 407 936 456; x_wconf 68' lang='lat' dir='ltr'><strong>menaeus</strong></span> <span class='ocrx_word' id='word_1_3' title='bbox 958 409 978 455; x_wconf 75' lang='lat' dir='ltr'><strong>a</strong></span> 
     </span>
    </p>
   </div>
   <div class='ocr_carea' id='block_1_2' title="bbox 329 579 1394 914">
    <p class='ocr_par' dir='ltr' id='par_1_2' title="bbox 329 579 1394 914">
     <span class='ocr_line' id='line_1_2' title="bbox 330 579 1393 660; baseline -0.002 -22"><span class='ocrx_word' id='word_1_4' title='bbox 330 601 367 638; x_wconf 86' lang='lat' dir='ltr'><strong>ex</strong></span> <span class='ocrx_word' id='word_1_5' title='bbox 389 601 425 639; x_wconf 91' lang='lat' dir='ltr'><strong>eo</strong></span> <span class='ocrx_word' id='word_1_6' title='bbox 447 599 553 660; x_wconf 79' lang='lat' dir='ltr'><strong>perse</strong></span> <span class='ocrx_word' id='word_1_7' title='bbox 576 579 710 641; x_wconf 82' lang='lat' dir='ltr'><strong>efficitur.</strong></span> <span class='ocrx_word' id='word_1_8' title='bbox 733 582 812 657; x_wconf 91' lang='lat' dir='ltr'><strong>quod</strong></span> <span class='ocrx_word' id='word_1_9' title='bbox 834 581 862 638; x_wconf 91' lang='lat' dir='ltr'><strong>ei</strong></span> <span class='ocrx_word' id='word_1_10' title='bbox 884 581 1033 639; x_wconf 82' lang='lat' dir='ltr'><strong>civitatem</strong></span> <span class='ocrx_word' id='word_1_11' title='bbox 1051 582 1209 658; x_wconf 87' lang='lat' dir='ltr'><strong>regendam</strong></span> <span class='ocrx_word' id='word_1_12' title='bbox 1222 583 1281 650; x_wconf 69' lang='lat' dir='ltr'><strong>det,</strong></span> <span class='ocrx_word' id='word_1_13' title='bbox 1304 581 1393 638; x_wconf 79' lang='lat' dir='ltr'><strong>seder</strong></span> 
     </span>
     <span class='ocr_line' id='line_1_3' title="bbox 330 667 1394 743; baseline 0 -20"><span class='ocrx_word' id='word_1_14' title='bbox 330 685 375 738; x_wconf 85' lang='lat' dir='ltr'><strong>eo,</strong></span> <span class='ocrx_word' id='word_1_15' title='bbox 398 667 477 742; x_wconf 91' lang='lat' dir='ltr'><strong>quod</strong></span> <span class='ocrx_word' id='word_1_16' title='bbox 499 677 645 723; x_wconf 86' lang='lat' dir='ltr'><strong>oratorem</strong></span> <span class='ocrx_word' id='word_1_17' title='bbox 667 667 791 724; x_wconf 90' lang='lat' dir='ltr'><strong>eundem</strong></span> <span class='ocrx_word' id='word_1_18' title='bbox 815 677 844 724; x_wconf 89' lang='lat' dir='ltr'><strong>et</strong></span> <span class='ocrx_word' id='word_1_19' title='bbox 865 667 908 723; x_wconf 88' lang='lat' dir='ltr'><strong>rei</strong></span> <span class='ocrx_word' id='word_1_20' title='bbox 931 667 1067 742; x_wconf 87' lang='lat' dir='ltr'><strong>publicae</strong></span> <span class='ocrx_word' id='word_1_21' title='bbox 1079 686 1216 743; x_wconf 88' lang='lat' dir='ltr'><strong>praeesse</strong></span> <span class='ocrx_word' id='word_1_22' title='bbox 1235 678 1265 725; x_wconf 89' lang='lat' dir='ltr'><strong>et</strong></span> <span class='ocrx_word' id='word_1_23' title='bbox 1276 667 1394 743; x_wconf 82' lang='lat' dir='ltr'><strong>philoso-</strong></span> 
     </span>
     <span class='ocr_line' id='line_1_4' title="bbox 329 752 1393 829; baseline -0.002 -21"><span class='ocrx_word' id='word_1_24' title='bbox 329 753 420 828; x_wconf 90' lang='lat' dir='ltr'><strong>phum</strong></span> <span class='ocrx_word' id='word_1_25' title='bbox 443 771 506 809; x_wconf 87' lang='lat' dir='ltr'><strong>esse</strong></span> <span class='ocrx_word' id='word_1_26' title='bbox 528 752 643 820; x_wconf 63' lang='lat' dir='ltr'><strong>iubeam</strong></span> <span class='ocrx_word' id='word_1_27' title='bbox 672 752 771 827; x_wconf 89' lang='lat' dir='ltr'><strong>itaque</strong></span> <span class='ocrx_word' id='word_1_28' title='bbox 799 752 871 810; x_wconf 88' lang='lat' dir='ltr'><strong>haec</strong></span> <span class='ocrx_word' id='word_1_29' title='bbox 894 753 1062 810; x_wconf 88' lang='lat' dir='ltr'><strong>coniunctio</strong></span> <span class='ocrx_word' id='word_1_30' title='bbox 1091 754 1190 810; x_wconf 84' lang='lat' dir='ltr'><strong>atatim</strong></span> <span class='ocrx_word' id='word_1_31' title='bbox 1214 752 1393 829; x_wconf 80' lang='lat' dir='ltr'><strong>significanda</strong></span> 
     </span>
     <span class='ocr_line' id='line_1_5' title="bbox 330 837 1391 914; baseline 0.002 -20"><span class='ocrx_word' id='word_1_32' title='bbox 330 847 383 895; x_wconf 86' lang='lat' dir='ltr'><strong>est.</strong></span> <span class='ocrx_word' id='word_1_33' title='bbox 401 837 570 911; x_wconf 86' lang='lat' dir='ltr'><strong>Eademque</strong></span> <span class='ocrx_word' id='word_1_34' title='bbox 581 837 657 894; x_wconf 89' lang='lat' dir='ltr'><strong>ratio</strong></span> <span class='ocrx_word' id='word_1_35' title='bbox 669 838 826 914; x_wconf 87' lang='lat' dir='ltr'><strong>perspicua</strong></span> <span class='ocrx_word' id='word_1_36' title='bbox 837 847 883 895; x_wconf 90' lang='lat' dir='ltr'><strong>est</strong></span> <span class='ocrx_word' id='word_1_37' title='bbox 892 838 923 894; x_wconf 90' lang='lat' dir='ltr'><strong>in</strong></span> <span class='ocrx_word' id='word_1_38' title='bbox 936 849 1009 896; x_wconf 82' lang='lat' dir='ltr'><strong>orat</strong></span> <span class='ocrx_word' id='word_1_39' title='bbox 1022 839 1058 895; x_wconf 92' lang='lat' dir='ltr'><strong>de</strong></span> <span class='ocrx_word' id='word_1_40' title='bbox 1069 837 1172 914; x_wconf 87' lang='lat' dir='ltr'><strong>imper.</strong></span> <span class='ocrx_word' id='word_1_41' title='bbox 1179 837 1391 914; x_wconf 82' lang='lat' dir='ltr'><strong>Cn.Pomp.li.</strong></span> 
     </span>
    </p>
   </div>
   <div class='ocr_carea' id='block_1_3' title="bbox 329 921 1464 1170">
    <p class='ocr_par' dir='ltr' id='par_1_3' title="bbox 329 921 1464 1170">
     <span class='ocr_line' id='line_1_6' title="bbox 330 921 1464 998; baseline -0.002 -19"><span class='ocrx_word' id='word_1_42' title='bbox 330 923 367 980; x_wconf 92' lang='lat' dir='ltr'><strong>de</strong></span> <span class='ocrx_word' id='word_1_43' title='bbox 389 941 447 997; x_wconf 89' lang='lat' dir='ltr'><strong>quo</strong></span> <span class='ocrx_word' id='word_1_44' title='bbox 470 923 535 980; x_wconf 91' lang='lat' dir='ltr'><strong>loco</strong></span> <span class='ocrx_word' id='word_1_45' title='bbox 553 922 688 980; x_wconf 87' lang='lat' dir='ltr'><strong>Handius</strong></span> <span class='ocrx_word' id='word_1_46' title='bbox 701 921 850 981; x_wconf 88' lang='lat' dir='ltr'><strong>Beneckio</strong></span> <span class='ocrx_word' id='word_1_47' title='bbox 869 923 1024 998; x_wconf 76' lang='lat' dir='ltr'><strong>persuasit.</strong></span> <span class='ocrx_word' id='word_1_48' title='bbox 1057 923 1134 981; x_wconf 89' lang='lat' dir='ltr'><strong>Nam</strong></span> <span class='ocrx_word' id='word_1_49' title='bbox 1147 942 1214 982; x_wconf 89' lang='lat' dir='ltr'><strong>cum</strong></span> <span class='ocrx_word' id='word_1_50' title='bbox 1227 925 1330 984; x_wconf 86' lang='lat' dir='ltr'><strong>Cicero</strong></span> <span class='ocrx_word' id='word_1_51' title='bbox 1341 923 1392 978; x_wconf 88' lang='lat' dir='ltr'><strong>bel·</strong></span> <span class='ocrx_word' id='word_1_52' title='bbox 1463 933 1464 954; x_wconf 65' lang='lat'><em>³</em></span> 
     </span>
     <span class='ocr_line' id='line_1_7' title="bbox 329 997 1464 1084; baseline 0 -20"><span class='ocrx_word' id='word_1_53' title='bbox 329 1007 390 1066; x_wconf 90' lang='lat' dir='ltr'><strong>lum</strong></span> <span class='ocrx_word' id='word_1_54' title='bbox 412 1007 645 1066; x_wconf 84' lang='lat' dir='ltr'><strong>Mithridaticum</strong></span> <span class='ocrx_word' id='word_1_55' title='bbox 667 1009 705 1064; x_wconf 90' lang='lat' dir='ltr'><strong>ad</strong></span> <span class='ocrx_word' id='word_1_56' title='bbox 727 1009 885 1066; x_wconf 90' lang='lat' dir='ltr'><strong>multorum</strong></span> <span class='ocrx_word' id='word_1_57' title='bbox 897 1009 1005 1066; x_wconf 87' lang='lat' dir='ltr'><strong>civium</strong></span> <span class='ocrx_word' id='word_1_58' title='bbox 1018 1010 1095 1066; x_wconf 87' lang='lat' dir='ltr'><strong>bona</strong></span> <span class='ocrx_word' id='word_1_59' title='bbox 1112 1009 1260 1084; x_wconf 84' lang='lat' dir='ltr'><strong>pertinere</strong></span> <span class='ocrx_word' id='word_1_60' title='bbox 1271 1009 1391 1066; x_wconf 78' lang='lat' dir='ltr'><strong>dixisset</strong></span> <span class='ocrx_word' id='word_1_61' title='bbox 1463 997 1464 1046; x_wconf 62' lang='lat' dir='ltr'><strong>l</strong></span> 
     </span>
     <span class='ocr_line' id='line_1_8' title="bbox 331 1091 1464 1170; baseline 0 -20"><span class='ocrx_word' id='word_1_62' title='bbox 331 1092 496 1170; x_wconf 86' lang='lat' dir='ltr'><strong>subiungit:</strong></span> <span class='ocrx_word' id='word_1_63' title='bbox 524 1091 598 1151; x_wconf 88' lang='lat' dir='ltr'><strong>Nom</strong></span> <span class='ocrx_word' id='word_1_64' title='bbox 620 1103 644 1150; x_wconf 87' lang='lat' dir='ltr'><strong>et</strong></span> <span class='ocrx_word' id='word_1_65' title='bbox 661 1095 802 1169; x_wconf 71' lang='lat' dir='ltr'><strong>publicani</strong></span> <span class='ocrx_word' id='word_1_66' title='bbox 822 1103 888 1162; x_wconf 75' lang='lat' dir='ltr'><strong>cet,</strong></span> <span class='ocrx_word' id='word_1_67' title='bbox 911 1094 990 1168; x_wconf 91' lang='lat' dir='ltr'><strong>quod</strong></span> <span class='ocrx_word' id='word_1_68' title='bbox 1004 1095 1221 1170; x_wconf 86' lang='lat' dir='ltr'><strong>ineptissimum</strong></span> <span class='ocrx_word' id='word_1_69' title='bbox 1233 1097 1298 1157; x_wconf 83' lang='lat' dir='ltr'><strong>erit.</strong></span> <span class='ocrx_word' id='word_1_70' title='bbox 1316 1095 1338 1150; x_wconf 88' lang='lat' dir='ltr'><strong>si</strong></span> <span class='ocrx_word' id='word_1_71' title='bbox 1357 1093 1392 1150; x_wconf 87' lang='lat' dir='ltr'><strong>ita</strong></span> <span class='ocrx_word' id='word_1_72' title='bbox 1463 1115 1464 1150; x_wconf 68' lang='lat'>1</span> 
     </span>
    </p>
   </div>
   <div class='ocr_carea' id='block_1_4' title="bbox 328 1178 1392 2026">
    <p class='ocr_par' dir='ltr' id='par_1_4' title="bbox 328 1178 1392 2026">
     <span class='ocr_line' id='line_1_9' title="bbox 328 1178 1392 1256; baseline 0 -22"><span class='ocrx_word' id='word_1_73' title='bbox 328 1178 468 1236; x_wconf 87' lang='lat' dir='ltr'><strong>verteris:</strong></span> <span class='ocrx_word' id='word_1_74' title='bbox 490 1181 559 1236; x_wconf 76' lang='lat' dir='ltr'><strong>dum</strong></span> <span class='ocrx_word' id='word_1_75' title='bbox 581 1198 608 1236; x_wconf 84' lang='lat' dir='ltr'><strong>es</strong></span> <span class='ocrx_word' id='word_1_76' title='bbox 631 1180 715 1238; x_wconf 84' lang='lat' dir='ltr'><strong>baben</strong></span> <span class='ocrx_word' id='word_1_77' title='bbox 729 1183 765 1252; x_wconf 88' lang='lat' dir='ltr'><strong>ja</strong></span> <span class='ocrx_word' id='word_1_78' title='bbox 786 1181 855 1236; x_wconf 80' lang='lat' dir='ltr'><strong>auch</strong></span> <span class='ocrx_word' id='word_1_79' title='bbox 878 1181 921 1237; x_wconf 83' lang='lat' dir='ltr'><strong>die</strong></span> <span class='ocrx_word' id='word_1_80' title='bbox 946 1179 1175 1256; x_wconf 82' lang='lat' dir='ltr'><strong>Generulpc&#39;cbter</strong></span> <span class='ocrx_word' id='word_1_81' title='bbox 1197 1190 1253 1238; x_wconf 85' lang='lat' dir='ltr'><strong>cet.</strong></span> <span class='ocrx_word' id='word_1_82' title='bbox 1280 1190 1329 1237; x_wconf 86' lang='lat' dir='ltr'><strong>ant</strong></span> <span class='ocrx_word' id='word_1_83' title='bbox 1353 1183 1392 1254; x_wconf 89' lang='lat' dir='ltr'><strong>(ut</strong></span> 
     </span>
     <span class='ocr_line' id='line_1_10' title="bbox 328 1262 1391 1341; baseline 0 -21"><span class='ocrx_word' id='word_1_84' title='bbox 328 1265 415 1340; x_wconf 90' lang='lat' dir='ltr'><strong>plane</strong></span> <span class='ocrx_word' id='word_1_85' title='bbox 437 1283 491 1340; x_wconf 92' lang='lat' dir='ltr'><strong>pro</strong></span> <span class='ocrx_word' id='word_1_86' title='bbox 513 1267 593 1321; x_wconf 78' lang='lat' dir='ltr'><strong>ettbm</strong></span> <span class='ocrx_word' id='word_1_87' title='bbox 614 1262 681 1341; x_wconf 85' lang='lat' dir='ltr'><strong>sit):</strong></span> <span class='ocrx_word' id='word_1_88' title='bbox 715 1267 784 1322; x_wconf 65' lang='grc' dir='ltr'><strong>ἀεηη</strong></span> <span class='ocrx_word' id='word_1_89' title='bbox 814 1266 882 1322; x_wconf 72' lang='lat' dir='ltr'><strong>oncle</strong></span> <span class='ocrx_word' id='word_1_90' title='bbox 912 1267 956 1322; x_wconf 81' lang='lat' dir='ltr'><strong>die</strong></span> <span class='ocrx_word' id='word_1_91' title='bbox 981 1264 1211 1340; x_wconf 74' lang='lat' dir='ltr'><strong>Gerrerolpucbter</strong></span> <span class='ocrx_word' id='word_1_92' title='bbox 1233 1265 1328 1341; x_wconf 86' lang='lat' dir='ltr'><strong>(quasi</strong></span> <span class='ocrx_word' id='word_1_93' title='bbox 1348 1264 1391 1320; x_wconf 88' lang='lat' dir='ltr'><strong>alii</strong></span> 
     </span>
     <span class='ocr_line' id='line_1_11' title="bbox 329 1344 1390 1430; baseline 0 -26"><span class='ocrx_word' id='word_1_94' title='bbox 329 1349 471 1408; x_wconf 87' lang='lat' dir='ltr'><strong>nominati</strong></span> <span class='ocrx_word' id='word_1_95' title='bbox 494 1344 581 1430; x_wconf 81' lang='lat' dir='ltr'><strong>sint);</strong></span> <span class='ocrx_word' id='word_1_96' title='bbox 605 1350 650 1408; x_wconf 88' lang='lat' dir='ltr'><strong>sin</strong></span> <span class='ocrx_word' id='word_1_97' title='bbox 672 1351 795 1426; x_wconf 84' lang='lat' dir='ltr'><strong>etplena</strong></span> <span class='ocrx_word' id='word_1_98' title='bbox 817 1369 876 1408; x_wconf 89' lang='lat' dir='ltr'><strong>non</strong></span> <span class='ocrx_word' id='word_1_99' title='bbox 888 1351 1078 1426; x_wconf 77' lang='lat' dir='ltr'><strong>expresseris,</strong></span> <span class='ocrx_word' id='word_1_100' title='bbox 1101 1370 1161 1408; x_wconf 90' lang='lat' dir='ltr'><strong>non</strong></span> <span class='ocrx_word' id='word_1_101' title='bbox 1178 1351 1251 1410; x_wconf 83' lang='lat' dir='ltr'><strong>sutis</strong></span> <span class='ocrx_word' id='word_1_102' title='bbox 1267 1369 1390 1426; x_wconf 85' lang='lat' dir='ltr'><strong>magnum</strong></span> 
     </span>
     <span class='ocr_line' id='line_1_12' title="bbox 329 1434 1390 1512; baseline 0 -20"><span class='ocrx_word' id='word_1_103' title='bbox 329 1435 384 1492; x_wconf 90' lang='lat' dir='ltr'><strong>hoc</strong></span> <span class='ocrx_word' id='word_1_104' title='bbox 407 1435 472 1506; x_wconf 72' lang='lat' dir='ltr'><strong>erit,</strong></span> <span class='ocrx_word' id='word_1_105' title='bbox 495 1435 574 1510; x_wconf 90' lang='lat' dir='ltr'><strong>quod</strong></span> <span class='ocrx_word' id='word_1_106' title='bbox 596 1434 723 1506; x_wconf 80' lang='lat' dir='ltr'><strong>dicetur3</strong></span> <span class='ocrx_word' id='word_1_107' title='bbox 745 1455 836 1493; x_wconf 90' lang='lat' dir='ltr'><strong>unum</strong></span> <span class='ocrx_word' id='word_1_108' title='bbox 863 1435 940 1492; x_wconf 89' lang='lat' dir='ltr'><strong>enim</strong></span> <span class='ocrx_word' id='word_1_109' title='bbox 969 1435 1024 1492; x_wconf 91' lang='lat' dir='ltr'><strong>hoc</strong></span> <span class='ocrx_word' id='word_1_110' title='bbox 1052 1445 1097 1493; x_wconf 89' lang='lat' dir='ltr'><strong>est</strong></span> <span class='ocrx_word' id='word_1_111' title='bbox 1124 1455 1231 1512; x_wconf 79' lang='lat' dir='ltr'><strong>genua3</strong></span> <span class='ocrx_word' id='word_1_112' title='bbox 1265 1439 1337 1494; x_wconf 85' lang='lat' dir='ltr'><strong>multi</strong></span> <span class='ocrx_word' id='word_1_113' title='bbox 1354 1434 1390 1492; x_wconf 89' lang='lat' dir='ltr'><strong>illi</strong></span> 
     </span>
     <span class='ocr_line' id='line_1_13' title="bbox 330 1519 1390 1595; baseline 0 -19"><span class='ocrx_word' id='word_1_114' title='bbox 330 1519 533 1590; x_wconf 80' lang='lat' dir='ltr'><strong>conficiuntur,</strong></span> <span class='ocrx_word' id='word_1_115' title='bbox 562 1521 587 1577; x_wconf 89' lang='lat' dir='ltr'><strong>si</strong></span> <span class='ocrx_word' id='word_1_116' title='bbox 615 1521 745 1578; x_wconf 90' lang='lat' dir='ltr'><strong>adiuncti</strong></span> <span class='ocrx_word' id='word_1_117' title='bbox 767 1520 886 1590; x_wconf 74' lang='lat' dir='ltr'><strong>fuerint,</strong></span> <span class='ocrx_word' id='word_1_118' title='bbox 909 1521 961 1595; x_wconf 89' lang='lat' dir='ltr'><strong>qui</strong></span> <span class='ocrx_word' id='word_1_119' title='bbox 983 1531 1159 1595; x_wconf 86' lang='lat' dir='ltr'><strong>sequuntur:</strong></span> <span class='ocrx_word' id='word_1_120' title='bbox 1190 1524 1286 1579; x_wconf 63' lang='lat' dir='ltr'><strong>deine</strong></span> <span class='ocrx_word' id='word_1_121' title='bbox 1306 1543 1337 1580; x_wconf 78' lang='lat' dir='ltr'><strong>ur</strong></span> <span class='ocrx_word' id='word_1_122' title='bbox 1355 1541 1390 1577; x_wconf 86' lang='lat' dir='ltr'><strong>ce·</strong></span> 
     </span>
     <span class='ocr_line' id='line_1_14' title="bbox 331 1607 1389 1682; baseline 0.002 -20"><span class='ocrx_word' id='word_1_123' title='bbox 331 1608 394 1662; x_wconf 75' lang='lat' dir='ltr'><strong>teris</strong></span> <span class='ocrx_word' id='word_1_124' title='bbox 416 1607 554 1662; x_wconf 79' lang='lat' dir='ltr'><em>ordinibus</em></span> <span class='ocrx_word' id='word_1_125' title='bbox 577 1608 693 1664; x_wconf 76' lang='lat' dir='ltr'><strong>homines</strong></span> <span class='ocrx_word' id='word_1_126' title='bbox 712 1611 796 1680; x_wconf 78' lang='lat' dir='ltr'><strong>quoni</strong></span> <span class='ocrx_word' id='word_1_127' title='bbox 815 1617 897 1682; x_wconf 82' lang='lat' dir='ltr'><strong>atque</strong></span> <span class='ocrx_word' id='word_1_128' title='bbox 918 1609 1052 1663; x_wconf 76' lang='lat' dir='ltr'><strong>industrii.</strong></span> <span class='ocrx_word' id='word_1_129' title='bbox 1096 1607 1174 1664; x_wconf 69' lang='lat' dir='ltr'><strong>&#39;lum</strong></span> <span class='ocrx_word' id='word_1_130' title='bbox 1197 1607 1315 1664; x_wconf 89' lang='lat' dir='ltr'><strong>minime</strong></span> <span class='ocrx_word' id='word_1_131' title='bbox 1335 1618 1389 1663; x_wconf 87' lang='lat' dir='ltr'><strong>tan·</strong></span> 
     </span>
     <span class='ocr_line' id='line_1_15' title="bbox 329 1691 1389 1768; baseline -0.003 -20"><span class='ocrx_word' id='word_1_132' title='bbox 329 1700 391 1748; x_wconf 92' lang='lat' dir='ltr'><strong>tum</strong></span> <span class='ocrx_word' id='word_1_133' title='bbox 413 1699 481 1766; x_wconf 90' lang='lat' dir='ltr'><strong>post</strong></span> <span class='ocrx_word' id='word_1_134' title='bbox 502 1691 676 1767; x_wconf 80' lang='lat' dir='ltr'><strong>particulam</strong></span> <span class='ocrx_word' id='word_1_135' title='bbox 695 1713 757 1748; x_wconf 85' lang='lat' dir='ltr'><strong>narn</strong></span> <span class='ocrx_word' id='word_1_136' title='bbox 784 1693 841 1750; x_wconf 92' lang='lat' dir='ltr'><strong>hoc</strong></span> <span class='ocrx_word' id='word_1_137' title='bbox 868 1702 892 1750; x_wconf 83' lang='lat' dir='ltr'><strong>et</strong></span> <span class='ocrx_word' id='word_1_138' title='bbox 918 1692 1052 1767; x_wconf 80' lang='lat' dir='ltr'><strong>reperiri,</strong></span> <span class='ocrx_word' id='word_1_139' title='bbox 1081 1694 1337 1768; x_wconf 78' lang='lat' dir='ltr'><strong>mox.0stendam;</strong></span> <span class='ocrx_word' id='word_1_140' title='bbox 1365 1703 1389 1746; x_wconf 85' lang='lat' dir='ltr'><strong>et</strong></span> 
     </span>
     <span class='ocr_line' id='line_1_16' title="bbox 328 1776 1389 1853; baseline 0 -21"><span class='ocrx_word' id='word_1_141' title='bbox 328 1785 426 1832; x_wconf 87' lang='lat' dir='ltr'><strong>tamen</strong></span> <span class='ocrx_word' id='word_1_142' title='bbox 449 1777 525 1833; x_wconf 84' lang='lat' dir='ltr'><strong>ratio</strong></span> <span class='ocrx_word' id='word_1_143' title='bbox 547 1776 634 1834; x_wconf 84' lang='lat' dir='ltr'><strong>facile</strong></span> <span class='ocrx_word' id='word_1_144' title='bbox 657 1778 739 1834; x_wconf 85' lang='lat' dir='ltr'>reddi</span> <span class='ocrx_word' id='word_1_145' title='bbox 762 1787 868 1853; x_wconf 69' lang='lat' dir='ltr'><strong>potest,</strong></span> <span class='ocrx_word' id='word_1_146' title='bbox 892 1795 944 1834; x_wconf 86' lang='lat' dir='ltr'><strong>cur</strong></span> <span class='ocrx_word' id='word_1_147' title='bbox 955 1777 1072 1853; x_wconf 88' lang='lat' dir='ltr'><strong>saepius</strong></span> <span class='ocrx_word' id='word_1_148' title='bbox 1084 1785 1151 1853; x_wconf 87' lang='lat' dir='ltr'><strong>post</strong></span> <span class='ocrx_word' id='word_1_149' title='bbox 1162 1799 1234 1834; x_wconf 88' lang='lat' dir='ltr'><strong>nom.</strong></span> <span class='ocrx_word' id='word_1_150' title='bbox 1267 1779 1389 1835; x_wconf 67' lang='lat' dir='ltr'><strong>Inone</strong></span> 
     </span>
     <span class='ocr_line' id='line_1_17' title="bbox 328 1861 1388 1939; baseline 0.001 -22"><span class='ocrx_word' id='word_1_151' title='bbox 328 1861 406 1918; x_wconf 90' lang='lat' dir='ltr'><strong>euim</strong></span> <span class='ocrx_word' id='word_1_152' title='bbox 429 1863 566 1937; x_wconf 89' lang='lat' dir='ltr'><strong>ponenda</strong></span> <span class='ocrx_word' id='word_1_153' title='bbox 588 1863 691 1920; x_wconf 85' lang='lat' dir='ltr'><strong>autin</strong></span> <span class='ocrx_word' id='word_1_154' title='bbox 714 1881 763 1932; x_wconf 84' lang='lat' dir='ltr'><strong>eo,</strong></span> <span class='ocrx_word' id='word_1_155' title='bbox 798 1863 876 1938; x_wconf 90' lang='lat' dir='ltr'><strong>quod</strong></span> <span class='ocrx_word' id='word_1_156' title='bbox 898 1863 1008 1920; x_wconf 88' lang='lat' dir='ltr'><strong>dictum</strong></span> <span class='ocrx_word' id='word_1_157' title='bbox 1036 1871 1097 1932; x_wconf 73' lang='lat' dir='ltr'><strong>est,</strong></span> <span class='ocrx_word' id='word_1_158' title='bbox 1132 1864 1277 1939; x_wconf 84' lang='lat' dir='ltr'><strong>exemplis</strong></span> <span class='ocrx_word' id='word_1_159' title='bbox 1298 1863 1388 1920; x_wconf 83' lang='lat' dir='ltr'><strong>confir·</strong></span> 
     </span>
     <span class='ocr_line' id='line_1_18' title="bbox 329 1943 1387 2026; baseline 0.002 -24"><span class='ocrx_word' id='word_1_160' title='bbox 329 1948 436 2004; x_wconf 86' lang='lat' dir='ltr'><strong>mando</strong></span> <span class='ocrx_word' id='word_1_161' title='bbox 459 1943 506 2026; x_wconf 85' lang='lat' dir='ltr'><strong>(ut</strong></span> <span class='ocrx_word' id='word_1_162' title='bbox 527 1947 631 2023; x_wconf 90' lang='lat' dir='ltr'><strong>Topic.</strong></span> <span class='ocrx_word' id='word_1_163' title='bbox 645 1947 698 2022; x_wconf 82' lang='lat'><strong>93)</strong></span> <span class='ocrx_word' id='word_1_164' title='bbox 711 1948 809 2006; x_wconf 85' lang='lat' dir='ltr'><strong>statim</strong></span> <span class='ocrx_word' id='word_1_165' title='bbox 822 1948 1014 2026; x_wconf 84' lang='lat' dir='ltr'><strong>significanda</strong></span> <span class='ocrx_word' id='word_1_166' title='bbox 1035 1959 1080 2006; x_wconf 89' lang='lat' dir='ltr'><strong>est</strong></span> <span class='ocrx_word' id='word_1_167' title='bbox 1092 1949 1182 2006; x_wconf 86' lang='lat' dir='ltr'><strong>series</strong></span> <span class='ocrx_word' id='word_1_168' title='bbox 1199 1949 1387 2025; x_wconf 85' lang='lat' dir='ltr'><strong>complurium.</strong></span> 
     </span>
    </p>
   </div>
   <div class='ocr_carea' id='block_1_5' title="bbox 329 2032 1464 2108">
    <p class='ocr_par' dir='ltr' id='par_1_5' title="bbox 329 2032 1464 2108">
     <span class='ocr_line' id='line_1_19' title="bbox 329 2032 1464 2108; baseline -0.004 -20"><span class='ocrx_word' id='word_1_169' title='bbox 329 2032 358 2089; x_wconf 91' lang='lat' dir='ltr'><strong>in</strong></span> <span class='ocrx_word' id='word_1_170' title='bbox 382 2032 488 2108; x_wconf 86' lang='lat' dir='ltr'><strong>quibus</strong></span> <span class='ocrx_word' id='word_1_171' title='bbox 511 2033 682 2090; x_wconf 88' lang='lat' dir='ltr'><strong>coniunctis.</strong></span> <span class='ocrx_word' id='word_1_172' title='bbox 706 2044 739 2090; x_wconf 86' lang='lat' dir='ltr'><strong>ut</strong></span> <span class='ocrx_word' id='word_1_173' title='bbox 761 2034 837 2105; x_wconf 81' lang='lat' dir='ltr'><strong>dixi,</strong></span> <span class='ocrx_word' id='word_1_174' title='bbox 861 2034 906 2090; x_wconf 85' lang='lat' dir='ltr'><strong>vis</strong></span> <span class='ocrx_word' id='word_1_175' title='bbox 929 2034 1093 2108; x_wconf 84' lang='lat' dir='ltr'><strong>argumenti</strong></span> <span class='ocrx_word' id='word_1_176' title='bbox 1120 2035 1210 2104; x_wconf 85' lang='lat' dir='ltr'><strong>inest;</strong></span> <span class='ocrx_word' id='word_1_177' title='bbox 1246 2033 1344 2092; x_wconf 87' lang='lat' dir='ltr'><strong>deinde</strong></span> <span class='ocrx_word' id='word_1_178' title='bbox 1363 2033 1386 2088; x_wconf 90' lang='lat' dir='ltr'><strong>in</strong></span> <span class='ocrx_word' id='word_1_179' title='bbox 1463 2055 1464 2084; x_wconf 65' lang='lat' dir='ltr'><strong>r</strong></span> 
     </span>
    </p>
   </div>
   <div class='ocr_carea' id='block_1_6' title="bbox 325 2117 1387 2535">
    <p class='ocr_par' dir='ltr' id='par_1_6' title="bbox 325 2117 1387 2535">
     <span class='ocr_line' id='line_1_20' title="bbox 329 2117 1387 2194; baseline -0.002 -20"><span class='ocrx_word' id='word_1_180' title='bbox 329 2117 452 2194; x_wconf 85' lang='lat' dir='ltr'><strong>singulis</strong></span> <span class='ocrx_word' id='word_1_181' title='bbox 475 2118 658 2192; x_wconf 76' lang='lat' dir='ltr'><strong>explicandis</strong></span> <span class='ocrx_word' id='word_1_182' title='bbox 680 2129 740 2175; x_wconf 85' lang='lat' dir='ltr'><strong>tam</strong></span> <span class='ocrx_word' id='word_1_183' title='bbox 763 2118 812 2176; x_wconf 92' lang='lat' dir='ltr'><strong>diu</strong></span> <span class='ocrx_word' id='word_1_184' title='bbox 835 2128 966 2177; x_wconf 84' lang='lat' dir='ltr'><strong>moratur</strong></span> <span class='ocrx_word' id='word_1_185' title='bbox 987 2119 1091 2186; x_wconf 69' lang='lat' dir='ltr'><strong>cratim</strong></span> <span class='ocrx_word' id='word_1_186' title='bbox 1115 2129 1148 2176; x_wconf 90' lang='lat' dir='ltr'><strong>ut</strong></span> <span class='ocrx_word' id='word_1_187' title='bbox 1163 2120 1387 2194; x_wconf 75' lang='lat' dir='ltr'><strong>interrumpatur.</strong></span> 
     </span>
     <span class='ocr_line' id='line_1_21' title="bbox 330 2203 1386 2281; baseline -0.002 -21"><span class='ocrx_word' id='word_1_188' title='bbox 330 2203 413 2276; x_wconf 86' lang='lat' dir='ltr'><strong>Quae</strong></span> <span class='ocrx_word' id='word_1_189' title='bbox 435 2214 481 2260; x_wconf 87' lang='lat' dir='ltr'><strong>est</strong></span> <span class='ocrx_word' id='word_1_190' title='bbox 502 2203 579 2260; x_wconf 85' lang='lat' dir='ltr'><strong>enim</strong></span> <span class='ocrx_word' id='word_1_191' title='bbox 602 2204 662 2260; x_wconf 87' lang='lat' dir='ltr'><strong>elia</strong></span> <span class='ocrx_word' id='word_1_192' title='bbox 683 2222 781 2269; x_wconf 72' lang='lat' dir='ltr'><strong>causa.</strong></span> <span class='ocrx_word' id='word_1_193' title='bbox 804 2223 857 2260; x_wconf 91' lang='lat' dir='ltr'><strong>cur</strong></span> <span class='ocrx_word' id='word_1_194' title='bbox 878 2215 937 2262; x_wconf 85' lang='lat' dir='ltr'><strong>tam</strong></span> <span class='ocrx_word' id='word_1_195' title='bbox 950 2223 1039 2280; x_wconf 86' lang='lat' dir='ltr'><strong>saepe</strong></span> <span class='ocrx_word' id='word_1_196' title='bbox 1050 2205 1080 2261; x_wconf 90' lang='lat' dir='ltr'><strong>iu</strong></span> <span class='ocrx_word' id='word_1_197' title='bbox 1093 2206 1321 2281; x_wconf 86' lang='lat' dir='ltr'><strong>argumentando</strong></span> <span class='ocrx_word' id='word_1_198' title='bbox 1331 2215 1386 2279; x_wconf 87' lang='lat' dir='ltr'><strong>post</strong></span> 
     </span>
     <span class='ocr_line' id='line_1_22' title="bbox 325 2289 1386 2366; baseline -0.002 -22"><span class='ocrx_word' id='word_1_199' title='bbox 325 2291 444 2364; x_wconf 66' lang='lat' dir='ltr'><strong>puniunt</strong></span> <span class='ocrx_word' id='word_1_200' title='bbox 466 2307 523 2346; x_wconf 86' lang='lat' dir='ltr'><strong>non</strong></span> <span class='ocrx_word' id='word_1_201' title='bbox 547 2289 708 2346; x_wconf 76' lang='lat' dir='ltr'><strong>subiciatur</strong></span> <span class='ocrx_word' id='word_1_202' title='bbox 731 2299 831 2364; x_wconf 87' lang='lat' dir='ltr'><strong>aperte</strong></span> <span class='ocrx_word' id='word_1_203' title='bbox 853 2291 948 2346; x_wconf 66' lang='lat' dir='ltr'><strong>duram</strong></span> <span class='ocrx_word' id='word_1_204' title='bbox 970 2290 1020 2362; x_wconf 90' lang='lat' dir='ltr'><strong>(de</strong></span> <span class='ocrx_word' id='word_1_205' title='bbox 1037 2309 1096 2363; x_wconf 92' lang='lat' dir='ltr'><strong>quo</strong></span> <span class='ocrx_word' id='word_1_206' title='bbox 1114 2291 1178 2366; x_wconf 88' lang='lat' dir='ltr'><strong>ipse</strong></span> <span class='ocrx_word' id='word_1_207' title='bbox 1190 2291 1307 2366; x_wconf 87' lang='lat' dir='ltr'><strong>scripsit</strong></span> <span class='ocrx_word' id='word_1_208' title='bbox 1318 2291 1386 2346; x_wconf 88' lang='lat' dir='ltr'><strong>Han·</strong></span> 
     </span>
     <span class='ocr_line' id='line_1_23' title="bbox 330 2372 1386 2454; baseline 0.002 -24"><span class='ocrx_word' id='word_1_209' title='bbox 330 2373 396 2430; x_wconf 90' lang='lat' dir='ltr'><strong>dius</strong></span> <span class='ocrx_word' id='word_1_210' title='bbox 423 2373 461 2430; x_wconf 87' lang='lat' dir='ltr'><strong>ad</strong></span> <span class='ocrx_word' id='word_1_211' title='bbox 489 2372 663 2449; x_wconf 87' lang='lat' dir='ltr'><strong>Wopkensii</strong></span> <span class='ocrx_word' id='word_1_212' title='bbox 692 2375 847 2432; x_wconf 78' lang='lat' dir='ltr'><strong>Lectiones</strong></span> <span class='ocrx_word' id='word_1_213' title='bbox 868 2375 947 2432; x_wconf 85' lang='lat' dir='ltr'><strong>Tull.</strong></span> <span class='ocrx_word' id='word_1_214' title='bbox 967 2395 996 2450; x_wconf 91' lang='lat' dir='ltr'><strong>p.</strong></span> <span class='ocrx_word' id='word_1_215' title='bbox 1016 2373 1091 2454; x_wconf 79' lang='lat'><strong>73)?</strong></span> <span class='ocrx_word' id='word_1_216' title='bbox 1135 2379 1236 2450; x_wconf 84' lang='lat' dir='ltr'><strong>Atque</strong></span> <span class='ocrx_word' id='word_1_217' title='bbox 1269 2377 1321 2432; x_wconf 88' lang='lat' dir='ltr'><strong>hoc</strong></span> <span class='ocrx_word' id='word_1_218' title='bbox 1344 2391 1386 2449; x_wconf 84' lang='lat' dir='ltr'><strong>po·</strong></span> 
     </span>
     <span class='ocr_line' id='line_1_24' title="bbox 332 2459 1385 2535; baseline -0.004 -19"><span class='ocrx_word' id='word_1_219' title='bbox 332 2469 441 2516; x_wconf 88' lang='lat' dir='ltr'><strong>stremo</strong></span> <span class='ocrx_word' id='word_1_220' title='bbox 453 2459 606 2516; x_wconf 88' lang='lat' dir='ltr'><strong>dicendum</strong></span> <span class='ocrx_word' id='word_1_221' title='bbox 620 2469 674 2528; x_wconf 85' lang='lat' dir='ltr'><strong>est,</strong></span> <span class='ocrx_word' id='word_1_222' title='bbox 697 2460 983 2518; x_wconf 85' lang='lat' dir='ltr'><strong>Handiumoblitum</strong></span> <span class='ocrx_word' id='word_1_223' title='bbox 1006 2479 1084 2531; x_wconf 83' lang='lat' dir='ltr'><strong>esse,</strong></span> <span class='ocrx_word' id='word_1_224' title='bbox 1112 2461 1184 2535; x_wconf 91' lang='lat' dir='ltr'><strong>quid</strong></span> <span class='ocrx_word' id='word_1_225' title='bbox 1206 2461 1235 2518; x_wconf 93' lang='lat' dir='ltr'><strong>in</strong></span> <span class='ocrx_word' id='word_1_226' title='bbox 1259 2459 1385 2518; x_wconf 85' lang='lat' dir='ltr'><strong>similibus</strong></span> 
     </span>
    </p>
   </div>
   <div class='ocr_carea' id='block_1_7' title="bbox 328 2543 1463 2707">
    <p class='ocr_par' dir='ltr' id='par_1_7' title="bbox 328 2543 1463 2707">
     <span class='ocr_line' id='line_1_25' title="bbox 329 2543 1463 2622; baseline -0.001 -22"><span class='ocrx_word' id='word_1_227' title='bbox 329 2544 470 2601; x_wconf 86' lang='lat' dir='ltr'><strong>orationis</strong></span> <span class='ocrx_word' id='word_1_228' title='bbox 492 2543 595 2601; x_wconf 85' lang='lat' dir='ltr'><strong>formis</strong></span> <span class='ocrx_word' id='word_1_229' title='bbox 618 2546 709 2602; x_wconf 88' lang='lat' dir='ltr'><strong>fieret.</strong></span> <span class='ocrx_word' id='word_1_230' title='bbox 753 2545 840 2618; x_wconf 85' lang='lat' dir='ltr'><strong>Quod</strong></span> <span class='ocrx_word' id='word_1_231' title='bbox 862 2545 938 2602; x_wconf 90' lang='lat' dir='ltr'><strong>enim</strong></span> <span class='ocrx_word' id='word_1_232' title='bbox 961 2545 992 2603; x_wconf 94' lang='lat' dir='ltr'><strong>in</strong></span> <span class='ocrx_word' id='word_1_233' title='bbox 1014 2556 1039 2602; x_wconf 86' lang='lat' dir='ltr'><strong>et</strong></span> <span class='ocrx_word' id='word_1_234' title='bbox 1061 2579 1101 2588; x_wconf 93' lang='lat'><em>-</em></span> <span class='ocrx_word' id='word_1_235' title='bbox 1124 2557 1149 2603; x_wconf 85' lang='lat' dir='ltr'><strong>et</strong></span> <span class='ocrx_word' id='word_1_236' title='bbox 1171 2547 1235 2603; x_wconf 87' lang='lat' dir='ltr'><strong>lieri</strong></span> <span class='ocrx_word' id='word_1_237' title='bbox 1252 2566 1308 2602; x_wconf 92' lang='lat' dir='ltr'><strong>non</strong></span> <span class='ocrx_word' id='word_1_238' title='bbox 1325 2543 1384 2600; x_wconf 76' lang='lat' dir='ltr'><strong>vult.</strong></span> <span class='ocrx_word' id='word_1_239' title='bbox 1462 2617 1463 2622; x_wconf 7' lang='grc' dir='ltr'>ἵ</span> 
     </span>
     <span class='ocr_line' id='line_1_26' title="bbox 328 2629 1463 2707; baseline -0.003 -21"><span class='ocrx_word' id='word_1_240' title='bbox 328 2630 359 2686; x_wconf 90' lang='lat' dir='ltr'><strong>in</strong></span> <span class='ocrx_word' id='word_1_241' title='bbox 381 2639 430 2686; x_wconf 83' lang='lat' dir='ltr'><strong>out</strong></span> <span class='ocrx_word' id='word_1_242' title='bbox 455 2663 484 2670; x_wconf 78' lang='grc'>-</span> <span class='ocrx_word' id='word_1_243' title='bbox 514 2641 562 2686; x_wconf 84' lang='lat' dir='ltr'><strong>ont</strong></span> <span class='ocrx_word' id='word_1_244' title='bbox 583 2629 656 2691; x_wconf 82' lang='lat' dir='ltr'><strong>fieri.</strong></span> <span class='ocrx_word' id='word_1_245' title='bbox 680 2631 743 2706; x_wconf 84' lang='lat' dir='ltr'><strong>ipse</strong></span> <span class='ocrx_word' id='word_1_246' title='bbox 766 2631 905 2688; x_wconf 84' lang='lat' dir='ltr'><strong>docuerat</strong></span> <span class='ocrx_word' id='word_1_247' title='bbox 928 2631 1055 2688; x_wconf 85' lang='lat' dir='ltr'><strong>Tursell.</strong></span> <span class='ocrx_word' id='word_1_248' title='bbox 1077 2633 1093 2688; x_wconf 89' lang='grc' dir='ltr'>Ι</span> <span class='ocrx_word' id='word_1_249' title='bbox 1115 2651 1143 2707; x_wconf 93' lang='lat' dir='ltr'><strong>p.</strong></span> <span class='ocrx_word' id='word_1_250' title='bbox 1163 2634 1234 2688; x_wconf 75' lang='lat'><strong>546.</strong></span> <span class='ocrx_word' id='word_1_251' title='bbox 1284 2630 1384 2690; x_wconf 84' lang='lat' dir='ltr'><strong>Oblitus</strong></span> <span class='ocrx_word' id='word_1_252' title='bbox 1462 2645 1463 2652; x_wconf 53' lang='lat'>¹</span> 
     </span>
    </p>
   </div>
   <div class='ocr_carea' id='block_1_8' title="bbox 329 2713 1384 3645">
    <p class='ocr_par' dir='ltr' id='par_1_8' title="bbox 329 2713 1384 3131">
     <span class='ocr_line' id='line_1_27' title="bbox 330 2713 1384 2792; baseline -0.002 -22"><span class='ocrx_word' id='word_1_253' title='bbox 330 2725 375 2771; x_wconf 87' lang='lat' dir='ltr'><strong>est</strong></span> <span class='ocrx_word' id='word_1_254' title='bbox 396 2715 484 2771; x_wconf 89' lang='lat' dir='ltr'><strong>etiam</strong></span> <span class='ocrx_word' id='word_1_255' title='bbox 496 2733 617 2790; x_wconf 87' lang='lat' dir='ltr'><strong>prorsus</strong></span> <span class='ocrx_word' id='word_1_256' title='bbox 629 2716 733 2772; x_wconf 89' lang='lat' dir='ltr'><strong>similis</strong></span> <span class='ocrx_word' id='word_1_257' title='bbox 744 2717 946 2792; x_wconf 84' lang='lat' dir='ltr'><strong>neglegentiae</strong></span> <span class='ocrx_word' id='word_1_258' title='bbox 956 2715 1148 2786; x_wconf 76' lang='lat' dir='ltr'><strong>Graecorum,</strong></span> <span class='ocrx_word' id='word_1_259' title='bbox 1172 2719 1255 2774; x_wconf 90' lang='lat' dir='ltr'><strong>cuius</strong></span> <span class='ocrx_word' id='word_1_260' title='bbox 1267 2713 1384 2789; x_wconf 86' lang='lat' dir='ltr'><strong>exempla</strong></span> 
     </span>
     <span class='ocr_line' id='line_1_28' title="bbox 329 2799 1383 2879; baseline -0.004 -21"><span class='ocrx_word' id='word_1_261' title='bbox 329 2799 509 2858; x_wconf 85' lang='lat' dir='ltr'><strong>Matthiaeus</strong></span> <span class='ocrx_word' id='word_1_262' title='bbox 525 2799 555 2856; x_wconf 90' lang='lat' dir='ltr'><strong>in</strong></span> <span class='ocrx_word' id='word_1_263' title='bbox 576 2799 778 2858; x_wconf 83' lang='lat' dir='ltr'><strong>Grammatica</strong></span> <span class='ocrx_word' id='word_1_264' title='bbox 798 2800 915 2860; x_wconf 85' lang='lat' dir='ltr'><strong>Graeca</strong></span> <span class='ocrx_word' id='word_1_265' title='bbox 931 2822 959 2876; x_wconf 91' lang='lat' dir='ltr'><strong>p.</strong></span> <span class='ocrx_word' id='word_1_266' title='bbox 982 2803 1062 2859; x_wconf 76' lang='lat'>1528</span> <span class='ocrx_word' id='word_1_267' title='bbox 1080 2803 1157 2859; x_wconf 87' lang='lat' dir='ltr'><strong>ed.3</strong></span> <span class='ocrx_word' id='word_1_268' title='bbox 1180 2803 1286 2879; x_wconf 82' lang='lat' dir='ltr'><strong>posuit.</strong></span> <span class='ocrx_word' id='word_1_269' title='bbox 1333 2800 1383 2858; x_wconf 77' lang='lat' dir='ltr'><strong>Nos</strong></span> 
     </span>
     <span class='ocr_line' id='line_1_29' title="bbox 329 2885 1381 2964; baseline 0.001 -23"><span class='ocrx_word' id='word_1_270' title='bbox 329 2895 426 2942; x_wconf 85' lang='lat' dir='ltr'><strong>autem</strong></span> <span class='ocrx_word' id='word_1_271' title='bbox 450 2885 556 2943; x_wconf 88' lang='lat' dir='ltr'><strong>multas</strong></span> <span class='ocrx_word' id='word_1_272' title='bbox 578 2885 652 2943; x_wconf 85' lang='lat' dir='ltr'><strong>alias</strong></span> <span class='ocrx_word' id='word_1_273' title='bbox 674 2887 788 2962; x_wconf 87' lang='lat' dir='ltr'><strong>species</strong></span> <span class='ocrx_word' id='word_1_274' title='bbox 811 2887 1017 2964; x_wconf 77' lang='lat' dir='ltr'><strong>adiungemus,</strong></span> <span class='ocrx_word' id='word_1_275' title='bbox 1051 2906 1104 2944; x_wconf 92' lang='lat' dir='ltr'><strong>nec</strong></span> <span class='ocrx_word' id='word_1_276' title='bbox 1134 2887 1228 2945; x_wconf 91' lang='lat' dir='ltr'><strong>solum</strong></span> <span class='ocrx_word' id='word_1_277' title='bbox 1256 2906 1333 2962; x_wconf 81' lang='lat' dir='ltr'><strong>neque</strong></span> <span class='ocrx_word' id='word_1_278' title='bbox 1352 2917 1381 2926; x_wconf 90' lang='lat'><strong>-</strong></span> 
     </span>
     <span class='ocr_line' id='line_1_30' title="bbox 333 2963 1384 3046; baseline 0 -20"><span class='ocrx_word' id='word_1_279' title='bbox 333 2990 426 3044; x_wconf 79' lang='lat' dir='ltr'><strong>neque,</strong></span> <span class='ocrx_word' id='word_1_280' title='bbox 449 2963 611 3028; x_wconf 77' lang='lat' dir='ltr'><strong>sedetiam</strong></span> <span class='ocrx_word' id='word_1_281' title='bbox 634 2993 695 3028; x_wconf 78' lang='lat' dir='ltr'><strong>nunt</strong></span> <span class='ocrx_word' id='word_1_282' title='bbox 717 2992 864 3046; x_wconf 82' lang='lat' dir='ltr'><strong>neque-</strong></span> <span class='ocrx_word' id='word_1_283' title='bbox 892 2992 976 3046; x_wconf 85' lang='lat' dir='ltr'><strong>neque</strong></span> <span class='ocrx_word' id='word_1_284' title='bbox 1003 2973 1046 3030; x_wconf 88' lang='lat' dir='ltr'><strong>ita</strong></span> <span class='ocrx_word' id='word_1_285' title='bbox 1074 2973 1263 3043; x_wconf 79' lang='lat' dir='ltr'><strong>dissolutum,</strong></span> <span class='ocrx_word' id='word_1_286' title='bbox 1295 2983 1324 3030; x_wconf 89' lang='lat' dir='ltr'><strong>ut</strong></span> <span class='ocrx_word' id='word_1_287' title='bbox 1348 2989 1384 3026; x_wconf 87' lang='lat' dir='ltr'><strong>re·</strong></span> 
     </span>
     <span class='ocr_line' id='line_1_31' title="bbox 330 3066 646 3131; baseline 0 -19"><span class='ocrx_word' id='word_1_288' title='bbox 330 3066 448 3113; x_wconf 86' lang='lat' dir='ltr'><strong>maneat</strong></span> <span class='ocrx_word' id='word_1_289' title='bbox 470 3075 532 3112; x_wconf 79' lang='lat' dir='ltr'><strong>reum</strong></span> <span class='ocrx_word' id='word_1_290' title='bbox 555 3076 646 3131; x_wconf 87' lang='lat' dir='ltr'><strong>neque.</strong></span> 
     </span>
    </p>

    <p class='ocr_par' dir='ltr' id='par_1_9' title="bbox 329 3139 1384 3645">
     <span class='ocr_line' id='line_1_32' title="bbox 414 3139 1383 3218; baseline -0.004 -20"><span class='ocrx_word' id='word_1_291' title='bbox 414 3143 439 3199; x_wconf 94' lang='lat' dir='ltr'><strong>I.</strong></span> <span class='ocrx_word' id='word_1_292' title='bbox 467 3141 654 3198; x_wconf 89' lang='lat' dir='ltr'><strong>Revertimur</strong></span> <span class='ocrx_word' id='word_1_293' title='bbox 676 3143 765 3218; x_wconf 87' lang='lat' dir='ltr'><strong>igitur</strong></span> <span class='ocrx_word' id='word_1_294' title='bbox 787 3142 824 3199; x_wconf 88' lang='lat' dir='ltr'><strong>ad</strong></span> <span class='ocrx_word' id='word_1_295' title='bbox 847 3143 1029 3217; x_wconf 80' lang='lat' dir='ltr'><strong>superiorum</strong></span> <span class='ocrx_word' id='word_1_296' title='bbox 1054 3153 1213 3218; x_wconf 85' lang='lat' dir='ltr'><strong>praecepta</strong></span> <span class='ocrx_word' id='word_1_297' title='bbox 1230 3153 1258 3200; x_wconf 92' lang='lat' dir='ltr'><strong>et</strong></span> <span class='ocrx_word' id='word_1_298' title='bbox 1275 3143 1326 3200; x_wconf 89' lang='lat' dir='ltr'><strong>hoc</strong></span> <span class='ocrx_word' id='word_1_299' title='bbox 1336 3139 1383 3216; x_wconf 89' lang='lat' dir='ltr'><strong>pri·</strong></span> 
     </span>
     <span class='ocr_line' id='line_1_33' title="bbox 330 3225 1384 3304; baseline -0.005 -21"><span class='ocrx_word' id='word_1_300' title='bbox 330 3245 409 3284; x_wconf 89' lang='lat' dir='ltr'><strong>mum</strong></span> <span class='ocrx_word' id='word_1_301' title='bbox 430 3225 555 3284; x_wconf 87' lang='lat' dir='ltr'><strong>facimus</strong></span> <span class='ocrx_word' id='word_1_302' title='bbox 576 3246 668 3302; x_wconf 87' lang='lat' dir='ltr'><strong>genus</strong></span> <span class='ocrx_word' id='word_1_303' title='bbox 691 3227 850 3286; x_wconf 82' lang='lat' dir='ltr'><strong>dissolutae</strong></span> <span class='ocrx_word' id='word_1_304' title='bbox 873 3229 1015 3285; x_wconf 87' lang='lat' dir='ltr'><strong>orationis</strong></span> <span class='ocrx_word' id='word_1_305' title='bbox 1037 3229 1208 3304; x_wconf 73' lang='lat' dir='ltr'><strong>bipertitae,</strong></span> <span class='ocrx_word' id='word_1_306' title='bbox 1236 3229 1286 3286; x_wconf 92' lang='lat' dir='ltr'><strong>ubi</strong></span> <span class='ocrx_word' id='word_1_307' title='bbox 1311 3237 1333 3283; x_wconf 84' lang='lat' dir='ltr'><strong>et</strong></span> <span class='ocrx_word' id='word_1_308' title='bbox 1351 3225 1384 3280; x_wconf 88' lang='lat' dir='ltr'><strong>sic</strong></span> 
     </span>
     <span class='ocr_line' id='line_1_34' title="bbox 329 3307 1383 3388; baseline -0.004 -18"><span class='ocrx_word' id='word_1_309' title='bbox 329 3312 436 3388; x_wconf 80' lang='lat' dir='ltr'><strong>posito,</strong></span> <span class='ocrx_word' id='word_1_310' title='bbox 459 3321 492 3368; x_wconf 86' lang='lat' dir='ltr'><strong>ut</strong></span> <span class='ocrx_word' id='word_1_311' title='bbox 513 3331 608 3386; x_wconf 89' lang='lat' dir='ltr'><strong>neque</strong></span> <span class='ocrx_word' id='word_1_312' title='bbox 631 3313 757 3388; x_wconf 89' lang='lat' dir='ltr'><strong>augendi</strong></span> <span class='ocrx_word' id='word_1_313' title='bbox 784 3331 880 3388; x_wconf 90' lang='lat' dir='ltr'><strong>neque</strong></span> <span class='ocrx_word' id='word_1_314' title='bbox 906 3313 1098 3388; x_wconf 79' lang='lat' dir='ltr'><strong>adiungendi,</strong></span> <span class='ocrx_word' id='word_1_315' title='bbox 1133 3314 1183 3371; x_wconf 89' lang='lat' dir='ltr'><strong>sed</strong></span> <span class='ocrx_word' id='word_1_316' title='bbox 1212 3315 1288 3377; x_wconf 80' lang='lat' dir='ltr'><strong>eius.</strong></span> <span class='ocrx_word' id='word_1_317' title='bbox 1319 3307 1383 3385; x_wconf 91' lang='lat' dir='ltr'><strong>quod</strong></span> 
     </span>
     <span class='ocr_line' id='line_1_35' title="bbox 329 3396 1384 3474; baseline -0.005 -21"><span class='ocrx_word' id='word_1_318' title='bbox 329 3405 497 3454; x_wconf 88' lang='lat' dir='ltr'><strong>secuturum</strong></span> <span class='ocrx_word' id='word_1_319' title='bbox 520 3398 567 3468; x_wconf 78' lang='lat' dir='ltr'><strong>sit,</strong></span> <span class='ocrx_word' id='word_1_320' title='bbox 590 3397 773 3474; x_wconf 86' lang='lat' dir='ltr'><strong>significandi</strong></span> <span class='ocrx_word' id='word_1_321' title='bbox 796 3399 855 3454; x_wconf 90' lang='lat' dir='ltr'><strong>vim</strong></span> <span class='ocrx_word' id='word_1_322' title='bbox 878 3399 999 3469; x_wconf 77' lang='lat' dir='ltr'><strong>habeat,</strong></span> <span class='ocrx_word' id='word_1_323' title='bbox 1033 3409 1132 3456; x_wconf 85' lang='lat' dir='ltr'><strong>tamen</strong></span> <span class='ocrx_word' id='word_1_324' title='bbox 1160 3418 1218 3456; x_wconf 93' lang='lat' dir='ltr'><strong>non</strong></span> <span class='ocrx_word' id='word_1_325' title='bbox 1241 3396 1384 3456; x_wconf 85' lang='lat' dir='ltr'><strong>subiciatur</strong></span> 
     </span>
     <span class='ocr_line' id='line_1_36' title="bbox 329 3477 1383 3559; baseline -0.004 -19"><span class='ocrx_word' id='word_1_326' title='bbox 329 3482 453 3540; x_wconf 86' lang='lat' dir='ltr'><strong>alterum</strong></span> <span class='ocrx_word' id='word_1_327' title='bbox 476 3493 509 3539; x_wconf 85' lang='lat' dir='ltr'><strong>ct.</strong></span> <span class='ocrx_word' id='word_1_328' title='bbox 554 3481 613 3542; x_wconf 91' lang='lat' dir='ltr'><strong>Sed</strong></span> <span class='ocrx_word' id='word_1_329' title='bbox 635 3483 665 3540; x_wconf 90' lang='lat' dir='ltr'><strong>in</strong></span> <span class='ocrx_word' id='word_1_330' title='bbox 688 3484 724 3541; x_wconf 88' lang='lat' dir='ltr'><strong>iis</strong></span> <span class='ocrx_word' id='word_1_331' title='bbox 747 3484 819 3541; x_wconf 88' lang='lat' dir='ltr'><strong>locis</strong></span> <span class='ocrx_word' id='word_1_332' title='bbox 841 3484 917 3540; x_wconf 84' lang='lat' dir='ltr'><strong>hanc</strong></span> <span class='ocrx_word' id='word_1_333' title='bbox 938 3483 1061 3559; x_wconf 86' lang='lat' dir='ltr'><strong>figuram</strong></span> <span class='ocrx_word' id='word_1_334' title='bbox 1074 3485 1323 3559; x_wconf 82' lang='lat' dir='ltr'><strong>esseputabimue.</strong></span> <span class='ocrx_word' id='word_1_335' title='bbox 1343 3477 1383 3536; x_wconf 86' lang='lat' dir='ltr'><strong>ubi</strong></span> 
     </span>
     <span class='ocr_line' id='line_1_37' title="bbox 330 3563 1384 3645; baseline 0 -22"><span class='ocrx_word' id='word_1_336' title='bbox 330 3577 360 3624; x_wconf 89' lang='lat' dir='ltr'><strong>et</strong></span> <span class='ocrx_word' id='word_1_337' title='bbox 382 3586 420 3624; x_wconf 88' lang='lat' dir='ltr'><strong>ex</strong></span> <span class='ocrx_word' id='word_1_338' title='bbox 442 3568 587 3625; x_wconf 87' lang='lat' dir='ltr'><strong>sententia</strong></span> <span class='ocrx_word' id='word_1_339' title='bbox 609 3569 787 3644; x_wconf 82' lang='lat' dir='ltr'><strong>oportuerit</strong></span> <span class='ocrx_word' id='word_1_340' title='bbox 809 3587 898 3626; x_wconf 85' lang='lat' dir='ltr'><strong>eausa</strong></span> <span class='ocrx_word' id='word_1_341' title='bbox 920 3568 1076 3644; x_wconf 84' lang='lat' dir='ltr'><strong>bipertitae</strong></span> <span class='ocrx_word' id='word_1_342' title='bbox 1094 3570 1289 3645; x_wconf 86' lang='lat' dir='ltr'><strong>copulationis</strong></span> <span class='ocrx_word' id='word_1_343' title='bbox 1309 3563 1384 3641; x_wconf 88' lang='lat' dir='ltr'><strong>sigui·</strong></span> 
     </span>
    </p>
   </div>
   <div class='ocr_carea' id='block_1_9' title="bbox 330 3649 1461 3966">
    <p class='ocr_par' dir='ltr' id='par_1_10' title="bbox 330 3649 1461 3966">
     <span class='ocr_line' id='line_1_38' title="bbox 331 3649 1383 3730; baseline -0.003 -22"><span class='ocrx_word' id='word_1_344' title='bbox 331 3652 463 3709; x_wconf 87' lang='lat' dir='ltr'><strong>ficaudae</strong></span> <span class='ocrx_word' id='word_1_345' title='bbox 485 3663 523 3722; x_wconf 73' lang='lat' dir='ltr'><strong>et,</strong></span> <span class='ocrx_word' id='word_1_346' title='bbox 546 3654 671 3710; x_wconf 86' lang='lat' dir='ltr'><strong>alterum</strong></span> <span class='ocrx_word' id='word_1_347' title='bbox 694 3654 857 3710; x_wconf 86' lang='lat' dir='ltr'><strong>membrum</strong></span> <span class='ocrx_word' id='word_1_348' title='bbox 880 3654 958 3728; x_wconf 90' lang='lat' dir='ltr'><strong>quod</strong></span> <span class='ocrx_word' id='word_1_349' title='bbox 981 3655 1020 3710; x_wconf 88' lang='lat' dir='ltr'><strong>sit</strong></span> <span class='ocrx_word' id='word_1_350' title='bbox 1041 3667 1071 3712; x_wconf 90' lang='lat' dir='ltr'><strong>et</strong></span> <span class='ocrx_word' id='word_1_351' title='bbox 1083 3656 1230 3730; x_wconf 91' lang='lat' dir='ltr'><strong>quomodo</strong></span> <span class='ocrx_word' id='word_1_352' title='bbox 1242 3655 1325 3712; x_wconf 89' lang='lat' dir='ltr'><strong>aliam</strong></span> <span class='ocrx_word' id='word_1_353' title='bbox 1335 3649 1383 3708; x_wconf 88' lang='lat' dir='ltr'><strong>ior·</strong></span> 
     </span>
     <span class='ocr_line' id='line_1_39' title="bbox 330 3737 1461 3814; baseline -0.005 -20"><span class='ocrx_word' id='word_1_354' title='bbox 330 3755 407 3794; x_wconf 88' lang='lat' dir='ltr'><strong>mam</strong></span> <span class='ocrx_word' id='word_1_355' title='bbox 430 3737 561 3802; x_wconf 68' lang='lat' dir='ltr'><strong>subierit.</strong></span> <span class='ocrx_word' id='word_1_356' title='bbox 591 3739 784 3796; x_wconf 83' lang='lat' dir='ltr'><strong>demonstrari</strong></span> <span class='ocrx_word' id='word_1_357' title='bbox 811 3739 933 3814; x_wconf 75' lang='lat' dir='ltr'><strong>poterit,</strong></span> <span class='ocrx_word' id='word_1_358' title='bbox 966 3739 1016 3796; x_wconf 92' lang='lat' dir='ltr'><strong>ubi</strong></span> <span class='ocrx_word' id='word_1_359' title='bbox 1044 3741 1169 3814; x_wconf 90' lang='lat' dir='ltr'><strong>denique</strong></span> <span class='ocrx_word' id='word_1_360' title='bbox 1198 3741 1269 3797; x_wconf 85' lang='lat' dir='ltr'><strong>satis</strong></span> <span class='ocrx_word' id='word_1_361' title='bbox 1294 3751 1383 3795; x_wconf 82' lang='lat' dir='ltr'><strong>causac</strong></span> <span class='ocrx_word' id='word_1_362' title='bbox 1460 3797 1461 3808; x_wconf 10' lang='grc' dir='ltr'>χ</span> 
     </span>
     <span class='ocr_line' id='line_1_40' title="bbox 330 3822 1383 3899; baseline -0.006 -19"><span class='ocrx_word' id='word_1_363' title='bbox 330 3841 394 3880; x_wconf 87' lang='lat' dir='ltr'><strong>esse</strong></span> <span class='ocrx_word' id='word_1_364' title='bbox 417 3823 617 3899; x_wconf 73' lang='lat' dir='ltr'><strong>intellegetur,</strong></span> <span class='ocrx_word' id='word_1_365' title='bbox 653 3843 705 3881; x_wconf 89' lang='lat' dir='ltr'><strong>cur</strong></span> <span class='ocrx_word' id='word_1_366' title='bbox 727 3824 861 3881; x_wconf 86' lang='lat' dir='ltr'><strong>instituta</strong></span> <span class='ocrx_word' id='word_1_367' title='bbox 883 3825 959 3882; x_wconf 86' lang='lat' dir='ltr'><strong>ratio</strong></span> <span class='ocrx_word' id='word_1_368' title='bbox 982 3844 1039 3881; x_wconf 91' lang='lat' dir='ltr'><strong>non</strong></span> <span class='ocrx_word' id='word_1_369' title='bbox 1063 3837 1180 3883; x_wconf 77' lang='lat' dir='ltr'><strong>servata</strong></span> <span class='ocrx_word' id='word_1_370' title='bbox 1202 3827 1249 3883; x_wconf 86' lang='lat' dir='ltr'><strong>sit.</strong></span> <span class='ocrx_word' id='word_1_371' title='bbox 1291 3822 1383 3882; x_wconf 80' lang='lat' dir='ltr'><strong>Huius·</strong></span> 
     </span>
     <span class='ocr_line' id='line_1_41' title="bbox 332 3909 823 3966; baseline 0.002 -1"><span class='ocrx_word' id='word_1_372' title='bbox 332 3909 411 3966; x_wconf 91' lang='lat' dir='ltr'><strong>modi</strong></span> <span class='ocrx_word' id='word_1_373' title='bbox 433 3909 515 3965; x_wconf 88' lang='lat' dir='ltr'><strong>ethi</strong></span> <span class='ocrx_word' id='word_1_374' title='bbox 537 3909 593 3966; x_wconf 90' lang='lat' dir='ltr'><strong>loci</strong></span> <span class='ocrx_word' id='word_1_375' title='bbox 617 3921 685 3966; x_wconf 86' lang='lat' dir='ltr'><strong>sunt</strong></span> <span class='ocrx_word' id='word_1_376' title='bbox 707 3920 736 3966; x_wconf 90' lang='lat' dir='ltr'><strong>et</strong></span> <span class='ocrx_word' id='word_1_377' title='bbox 758 3909 823 3966; x_wconf 90' lang='lat' dir='ltr'><strong>alii:</strong></span> 
     </span>
    </p>
   </div>
   <div class='ocr_carea' id='block_1_10' title="bbox 329 3993 1381 4327">
    <p class='ocr_par' dir='ltr' id='par_1_11' title="bbox 329 3993 1381 4327">
     <span class='ocr_line' id='line_1_42' title="bbox 411 3993 1381 4072; baseline -0.007 -21"><span class='ocrx_word' id='word_1_378' title='bbox 411 3997 441 4051; x_wconf 83' lang='lat' dir='ltr'>A</span> <span class='ocrx_word' id='word_1_379' title='bbox 464 3994 541 4071; x_wconf 89' lang='lat' dir='ltr'><strong>(sine</strong></span> <span class='ocrx_word' id='word_1_380' title='bbox 563 3993 647 4072; x_wconf 76' lang='lat' dir='ltr'><strong>noris).</strong></span> <span class='ocrx_word' id='word_1_381' title='bbox 680 3996 769 4052; x_wconf 86' lang='lat' dir='ltr'><strong>Tusc.</strong></span> <span class='ocrx_word' id='word_1_382' title='bbox 787 3995 844 4057; x_wconf 85' lang='grc' dir='ltr'>ΙΙΙ,</span> <span class='ocrx_word' id='word_1_383' title='bbox 864 3997 897 4052; x_wconf 81' lang='lat'><strong>5:</strong></span> <span class='ocrx_word' id='word_1_384' title='bbox 925 3997 999 4052; x_wconf 75' lang='lat' dir='ltr'><strong>Atei</strong></span> <span class='ocrx_word' id='word_1_385' title='bbox 1015 3997 1100 4052; x_wconf 82' lang='lat' dir='ltr'><strong>morbi</strong></span> <span class='ocrx_word' id='word_1_386' title='bbox 1116 3999 1315 4070; x_wconf 71' lang='lat' dir='ltr'><strong>perniciosiores</strong></span> <span class='ocrx_word' id='word_1_387' title='bbox 1330 3993 1381 4067; x_wconf 87' lang='lat' dir='ltr'><strong>pln-</strong></span> 
     </span>
     <span class='ocr_line' id='line_1_43' title="bbox 330 4079 1381 4157; baseline 0.004 -21"><span class='ocrx_word' id='word_1_388' title='bbox 330 4099 426 4154; x_wconf 83' lang='lat' dir='ltr'><strong>resque</strong></span> <span class='ocrx_word' id='word_1_389' title='bbox 447 4091 509 4137; x_wconf 79' lang='lat' dir='ltr'><strong>snrrt</strong></span> <span class='ocrx_word' id='word_1_390' title='bbox 529 4084 613 4137; x_wconf 71' lang='lat' dir='ltr'><strong>antimi</strong></span> <span class='ocrx_word' id='word_1_391' title='bbox 632 4091 687 4137; x_wconf 89' lang='lat' dir='ltr'><strong>cet.</strong></span> <span class='ocrx_word' id='word_1_392' title='bbox 720 4081 789 4138; x_wconf 90' lang='lat' dir='ltr'><strong>Non</strong></span> <span class='ocrx_word' id='word_1_393' title='bbox 806 4081 939 4155; x_wconf 86' lang='lat' dir='ltr'><strong>sequitur</strong></span> <span class='ocrx_word' id='word_1_394' title='bbox 954 4091 988 4150; x_wconf 77' lang='lat' dir='ltr'><strong>et,</strong></span> <span class='ocrx_word' id='word_1_395' title='bbox 1000 4089 1101 4156; x_wconf 85' lang='lat' dir='ltr'><strong>aperte</strong></span> <span class='ocrx_word' id='word_1_396' title='bbox 1113 4091 1211 4138; x_wconf 86' lang='lat' dir='ltr'><strong>tamen</strong></span> <span class='ocrx_word' id='word_1_397' title='bbox 1223 4079 1381 4157; x_wconf 70' lang='lat' dir='ltr'><strong>postulaturi</strong></span> 
     </span>
     <span class='ocr_line' id='line_1_44' title="bbox 330 4164 1381 4242; baseline -0.002 -21"><span class='ocrx_word' id='word_1_398' title='bbox 330 4165 491 4240; x_wconf 83' lang='lat' dir='ltr'><strong>praecessit</strong></span> <span class='ocrx_word' id='word_1_399' title='bbox 514 4166 590 4222; x_wconf 89' lang='lat' dir='ltr'><strong>enim</strong></span> <span class='ocrx_word' id='word_1_400' title='bbox 602 4164 795 4242; x_wconf 86' lang='lat' dir='ltr'><strong>interrogatio</strong></span> <span class='ocrx_word' id='word_1_401' title='bbox 807 4165 982 4223; x_wconf 80' lang='lat' dir='ltr'><strong>diiunctivo:</strong></span> <span class='ocrx_word' id='word_1_402' title='bbox 1005 4177 1092 4222; x_wconf 81' lang='lat' dir='ltr'><strong>utrum</strong></span> <span class='ocrx_word' id='word_1_403' title='bbox 1106 4169 1180 4241; x_wconf 84' lang='lat' dir='ltr'><strong>quod</strong></span> <span class='ocrx_word' id='word_1_404' title='bbox 1191 4171 1275 4222; x_wconf 84' lang='lat' dir='ltr'><strong>nn&#39;nns</strong></span> <span class='ocrx_word' id='word_1_405' title='bbox 1291 4167 1381 4220; x_wconf 74' lang='lat' dir='ltr'><strong>noceant</strong></span> 
     </span>
     <span class='ocr_line' id='line_1_45' title="bbox 329 4248 1379 4327; baseline 0 -21"><span class='ocrx_word' id='word_1_406' title='bbox 329 4254 414 4308; x_wconf 79' lang='lat' dir='ltr'><strong>onirni</strong></span> <span class='ocrx_word' id='word_1_407' title='bbox 433 4255 626 4325; x_wconf 70' lang='lat' dir='ltr'><strong>aegrotationes</strong></span> <span class='ocrx_word' id='word_1_408' title='bbox 648 4271 730 4326; x_wconf 84' lang='lat' dir='ltr'><strong>quarn</strong></span> <span class='ocrx_word' id='word_1_409' title='bbox 751 4255 878 4326; x_wconf 77' lang='lat' dir='ltr'><strong>corporis.</strong></span> <span class='ocrx_word' id='word_1_410' title='bbox 901 4271 938 4307; x_wconf 85' lang='lat' dir='ltr'><strong>on</strong></span> <span class='ocrx_word' id='word_1_411' title='bbox 960 4253 1035 4325; x_wconf 83' lang='lat' dir='ltr'><strong>quod</strong></span> <span class='ocrx_word' id='word_1_412' title='bbox 1057 4271 1172 4327; x_wconf 81' lang='lat' dir='ltr'><strong>corpora</strong></span> <span class='ocrx_word' id='word_1_413' title='bbox 1188 4255 1280 4309; x_wconf 85' lang='lat' dir='ltr'><strong>curari</strong></span> <span class='ocrx_word' id='word_1_414' title='bbox 1284 4248 1379 4325; x_wconf 68' lang='lat' dir='ltr'><strong>possiti·</strong></span> 
     </span>
    </p>
   </div>
   <div class='ocr_carea' id='block_1_11' title="bbox 331 4331 1460 4411">
    <p class='ocr_par' dir='ltr' id='par_1_12' title="bbox 331 4331 1460 4411">
     <span class='ocr_line' id='line_1_46' title="bbox 331 4331 1460 4411; baseline 0.002 -19"><span class='ocrx_word' id='word_1_415' title='bbox 331 4338 481 4393; x_wconf 86' lang='lat' dir='ltr'><strong>animorum</strong></span> <span class='ocrx_word' id='word_1_416' title='bbox 502 4339 632 4394; x_wconf 79' lang='lat' dir='ltr'><strong>medicina</strong></span> <span class='ocrx_word' id='word_1_417' title='bbox 654 4339 728 4394; x_wconf 70' lang='lat' dir='ltr'><strong>noim</strong></span> <span class='ocrx_word' id='word_1_418' title='bbox 749 4341 803 4394; x_wconf 75' lang='lat' dir='ltr'><strong>sit?</strong></span> <span class='ocrx_word' id='word_1_419' title='bbox 825 4337 990 4411; x_wconf 86' lang='lat' dir='ltr'><strong>Utrumque</strong></span> <span class='ocrx_word' id='word_1_420' title='bbox 1003 4335 1108 4396; x_wconf 89' lang='lat' dir='ltr'><strong>Cicero</strong></span> <span class='ocrx_word' id='word_1_421' title='bbox 1120 4355 1270 4396; x_wconf 85' lang='lat' dir='ltr'><strong>removere</strong></span> <span class='ocrx_word' id='word_1_422' title='bbox 1281 4331 1380 4406; x_wconf 77' lang='lat' dir='ltr'><strong>incipit-²</strong></span> <span class='ocrx_word' id='word_1_423' title='bbox 1459 4389 1460 4394; x_wconf 73' lang='grc'>,</span> 
     </span>
    </p>
   </div>
   <div class='ocr_carea' id='block_1_12' title="bbox 0 0 1476 5040">
    <p class='ocr_par' dir='ltr' id='par_1_13' title="bbox 0 0 1476 5040">
     <span class='ocr_line' id='line_1_47' title="bbox 0 0 1476 5040; baseline 0 0"><span class='ocrx_word' id='word_1_424' title='bbox 0 0 1476 5040; x_wconf 95' lang='lat' dir='ltr'><strong> </strong></span> 
     </span>
    </p>
   </div>
  </div>
 </body>
</html>
