2956 5028
315 401 378 466 256
709 418 754 464 nn
776 415 907 463 remmus
931 417 1001 463 sors.

314 587 374 652 Hie
400 585 491 650 dolor
516 585 624 668 populi
651 585 796 662 Romani,
829 585 908 650 duee
935 593 968 649 et
999 593 1127 649 auctore
1153 583 1267 664 Bruto,
1301 602 1398 648 censs

315 686 433 754 civitati
455 687 609 752 libertatis
631 686 697 765 init,
719 687 759 752 ob
781 687 911 768 eiusque
932 686 1070 751 mulieris
1092 687 1273 751 memoriam
1293 685 1398 766 primo

314 808 397 855 suno
428 795 461 854 et
491 789 540 854 vir
566 797 599 854 et
625 795 717 870 poter
744 787 812 853 eius
839 788 947 853 consul
980 795 1029 852 est
1055 785 1166 852 nctus.
1215 788 1333 852 Tenuis
1361 788 1398 851 L

316 890 483 972 Verginius
505 909 648 972 unusque
677 891 718 956 de
744 889 851 955 multis
873 889 1066 970 sexagesimo
1093 907 1176 954 enno
1202 895 1277 970 post
1301 888 1398 952 liber-

275 995 413 1060 statem
439 998 598 1074 receptam
624 992 775 1073 virginem
807 989 903 1056 filiam
934 1009 992 1055 suu
1019 1009 1113 1055 menn
1141 990 1254 1056 oooidit
1280 990 1398 1070 potius,

314 1112 408 1176 quum
430 1112 468 1159 es
489 1095 548 1175 Ap.
572 1093 693 1182 Cleudii
714 1093 840 1172 libidini,
862 1093 916 1174 qui
937 1099 1005 1157 tum
1026 1099 1096 1158 erat
1117 1111 1237 1156 summo
1256 1091 1400 1174 imperio,

315 1197 492 1260 dederetur.

399 1297 484 1362 XXL
514 1299 565 1364 67.
598 1298 664 1362 Aut
689 1297 767 1361 hoec
794 1295 863 1374 tibi,
891 1297 1065 1377 Torquate,
1094 1303 1167 1362 sunt
1188 1295 1401 1376 vituperando

314 1407 369 1465 sut
390 1399 597 1481 patrocinium
619 1398 790 1478 voluptatis
813 1398 1047 1478 repudiandum
1093 1399 1184 1476 Quod
1211 1405 1316 1462 autem
1337 1414 1401 1478 ps-

257 1501 479 1569 lenocinium
499 1507 556 1565 sut
577 1517 657 1582 qnae
678 1499 739 1564 ista
761 1519 856 1564 reuss
870 1505 920 1564 est
930 1500 1109 1580 voluptatis,
1132 1519 1213 1582 quae
1229 1516 1286 1564 neo
1297 1504 1402 1564 testes

314 1603 395 1667 ullos
428 1621 446 1668 e
479 1601 570 1668 cleris
598 1602 673 1666 vin's
701 1620 758 1667 neo
783 1600 964 1666 laudatores
990 1602 1108 1682 poterit
1139 1601 1308 1666 adhibere?
1353 1599 1401 1666 Ut

315 1705 396 1770 enim
429 1723 487 1769 nos
520 1723 558 1769 ex
584 1705 741 1769 annalium
770 1703 977 1768 monumentis
1014 1709 1112 1768 testes
1139 1703 1316 1780 excitamus,
1332 1719 1401 1778 eos,

315 1825 447 1888 quorum
480 1805 579 1870 omnis
614 1806 679 1870 vitu
711 1815 895 1886 eonsumpta
922 1811 972 1869 est
997 1804 1030 1868 in
1057 1803 1215 1870 laboribus
1241 1803 1401 1886 gloriosis,

315 1907 368 1989 qui
395 1907 565 1988 voluptatis
599 1925 712 1972 nomen
739 1907 849 1972 audire
875 1926 938 1971 non
965 1911 1110 1986 possent,
1144 1905 1189 1970 sio
1220 1906 1252 1970 in
1280 1904 1400 1970 uestris

366 2148 389 2194 8.
399 2147 487 2210 suetus
496 2153 530 2193 est
550 2145 569 2192 E
608 2143 708 2211 [Lucius
719 2143 763 2223 A).
782 2151 804 2192 t.
821 2143 886 2248 iiim.
897 2142 1078 2260 (LPdli)CROr.
1100 2148 1144 2222 15.
1161 2160 1230 2192 msam
1248 2139 1399 2258 hemme

314 2210 460 2331 w
479 2213 507 2330 i
522 2210 869 2344 ,stertentum
883 2211 1103 2344 ,nuntie
1123 2209 1400 2347 diffindi-'ii

317 2347 470 2415 [monimentis
488 2347 523 2415 A]
563 2353 602 2398 1³.
620 2348 683 2399 Post
701 2348 724 2398 s'n
743 2348 862 2398 tanmem
880 2350 940 2402 udd.
959 2348 982 2398 io
997 2347 1113 2414 perieulis
1131 2348 1152 2397 t
1191 2352 1228 2396 14.
1247 2347 1289 2411 qui
1305 2361 1355 2397 orn.
1379 2347 1399 2394 E

399 2571 454 2628 Hie
476 2573 552 2630 dolor
569 2592 635 2648 pop.
658 2572 754 2651 lions.)
783 2572 814 2630 id
835 2583 895 2644 est,
924 2573 992 2630 hino
1014 2583 1111 2642 ortus,
1134 2572 1222 2628 huius
1244 2569 1302 2639 rei;
1337 2570 1402 2626 vid.

314 2656 489 2714 Remshorn.
512 2677 541 2732 p.
565 2657 626 2714 553
649 2667 678 2715 et
703 2659 764 2714 554
787 2657 832 2714 ed.
856 2659 885 2728 2,
909 2657 964 2714 etsi
987 2657 1012 2714 is
1035 2676 1125 2714 unum
1148 2665 1179 2713 et
1200 2655 1326 2713 alterum
1344 2674 1402 2711 ex-

314 2740 443 2816 emplum
466 2741 563 2800 minus
586 2743 770 2800 commodum
787 2742 953 2800 admiscuit
987 2743 1086 2800 Huius
1107 2742 1225 2818 generis
1246 2739 1401 2798 eretillud

314 2844 404 2901 supra
427 2827 495 2895 §54
518 2846 581 2901 quo
598 2829 746 2902 plebiscito,
770 2827 1123 2898 et1,63:easciooia.
1157 2824 1249 2904 [Nem
1272 2825 1298 2882 si
1321 2823 1402 2883 Cne-

314 2929 419 2980 serem,
442 2911 570 2982 Livium,
594 2912 731 2970 Tacitum
754 2912 907 2988 attingam,
931 2912 971 2970 sit
992 2911 1148 2970 infinitum.
1182 2912 1311 2969 Tsntum
1336 2909 1366 2966 h.
1380 2911 1401 2966 l.

313 2996 591 3054 animadvertendus
613 2996 767 3072 genetivus
789 2997 917 3067 additus,
936 2999 1034 3072 populi
1049 2994 1190 3074 Romani]

399 3100 501 3138 euronio
522 3077 645 3162 imperio)
679 3082 729 3141 sic
752 3081 840 3138 etium
863 3081 940 3139 Pell.
963 3090 1112 3156 quattuor,
1136 3080 1303 3156 spudDev.
1327 3078 1401 3148 duo,

314 3165 394 3223 Oxx.
417 3173 572 3240 prsetertp
594 3164 696 3244 (modo
718 3167 755 3223 de
774 3185 809 3224 eo
828 3163 1077 3244 reeteteeeetur),
1101 3165 1170 3225 Gzii
1193 3183 1304 3236 omnes,
1329 3161 1401 3242 [B].

314 3250 383 3308 Non
411 3268 518 3326 magne
552 3249 583 3306 in
611 3251 666 3308 hee
699 3269 731 3308 re
759 3251 893 3308 eodieum
926 3252 1102 3320 auctoritem
1135 3250 1188 3308 sed
1216 3249 1336 3320 Cicero,
1374 3249 1402 3306 si

315 3334 562 3409 praepositionem
585 3335 756 3407 addidisset,
778 3336 945 3414 scripsisset
968 3339 996 3394 in
1018 3355 1120 3394 summo
1147 3338 1270 3410 imperim
1293 3351 1402 3408 quam·
1471 3371 1472 3374 =

314 3437 403 3492 quem
425 3419 532 3476 dicitur
553 3439 611 3476 esse
632 3423 658 3476 in
675 3423 799 3495 imper-1⁴03
822 3423 849 3478 iu
871 3441 973 3479 summo
983 3425 1103 3497 imperio,
1126 3439 1186 3480 non
1209 3420 1276 3496 legi.
1303 3419 1402 3476 Prae·

313 3503 460 3580 positione
481 3503 582 3560 sddits
594 3504 687 3580 magis
704 3505 863 3582 significari
875 3506 1002 3564 divisum
1015 3525 1081 3564 eum
1094 3505 1215 3583 collegis
1230 3503 1401 3580 imperium,

313 3587 380 3661 quis
402 3588 503 3645 credet
525 3587 667 3646 Davisio?

400 3671 473 3747 Csp.
495 3673 590 3744 XXI,
621 3675 670 3730 67.
703 3676 871 3750 laudatores)
909 3676 939 3732 A
972 3675 1150 3733 iudiciorum
1183 3673 1402 3732 consuetudine

314 3756 370 3813 hoe
392 3775 498 3814 nomen
527 3758 693 3815 traductum
715 3769 774 3828 est;
807 3760 866 3817 vid.
889 3761 976 3818 Verr.
998 3761 1042 3828 V,
1066 3761 1105 3818 57
1130 3770 1161 3817 et
1182 3759 1263 3817 alibi.
1306 3757 1402 3816 Exci·

314 3848 414 3897 tantur
438 3849 528 3898 testes
550 3840 703 3919 (quonism
731 3844 761 3900 in
784 3863 819 3901 eo
848 3843 968 3902 fuerunt
995 3845 1047 3919 qui
1074 3843 1245 3924 haererent)
1267 3843 1401 3920 proprie,

314 3941 381 3980 oum
403 3943 523 4001 surgere
545 3927 684 3984 iubentur
695 3937 724 3984 et
741 3929 859 4003 prodire
881 3927 951 4007 (pro
967 3930 1042 3988 Rsb.
1064 3930 1148 3988 Post.
1161 3932 1212 4000 47,
1235 3947 1289 4004 pro
1300 3927 1401 3986 Bulbo

317 4011 367 4078 41,
389 4019 422 4066 ut
443 4009 515 4067 alibi
536 4012 717 4079 recitatores,
741 4012 875 4086 lectores,
898 4011 966 4090 rei),
989 4023 1051 4072 tum
1074 4015 1104 4072 h.
1115 4015 1135 4072 l.
1157 4014 1248 4072 simili
1259 4014 1401 4090 imagine,

316 4101 405 4166 etque
427 4093 464 4150 nb
487 4093 590 4153 inseris
613 4097 736 4154 excitari
758 4098 892 4156 homines
914 4099 1061 4156 dicuntur.

401 4181 451 4252 poi
469 4181 613 4254 voluptatis
635 4201 727 4238 rromen
749 4184 845 4241 arcdire
861 4204 912 4241 non
920 4180 1047 4264 possent)
1070 4184 1154 4244 Scire
1166 4184 1266 4254 velim,
1290 4182 1327 4239 de
1341 4201 1400 4258 quo

316 4277 402 4318 nemo
425 4263 547 4320 verbum
570 4265 662 4322 ullum
684 4265 765 4338 feeit,
787 4269 864 4326 unde
887 4267 1297 4348 hiesiteoninnetivusffost
1310 4267 1401 4326 illud:
1469 4245 1470 4313 )

316 4356 471 4419 coruumpta
494 4351 547 4420 est)
571 4360 602 4406 et
623 4367 659 4407 ne
677 4355 813 4425 potuerint
835 4354 963 4428 quidem,
987 4354 1039 4412 sed
1055 4354 1258 4413 condicionsls
1271 4361 1399 4429 tempus.
