2944 5040
470 383 644 431 exeamus
663 383 705 430 vn
1064 367 1127 431 833

82 555 201 633 Thebani)
223 557 344 614 Athenas
366 577 394 614 se
416 559 594 626 contulerant,
618 575 669 612 non
692 575 745 630 quo
766 560 847 612 otium
869 567 1055 630 sequerentur,
1078 559 1128 614 sed

80 653 243 716 utquomque
263 662 296 698 ee
315 645 440 718 pronirno
464 645 548 699 locum
563 644 627 715 sors
650 643 798 709 obtulisset,
827 661 856 698 eo
874 647 996 716 patriam
1017 661 1126 718 reeupe-

80 747 123 782 run
144 731 293 784 niterentur.
339 727 484 804 Quoniam
508 727 543 784 de
566 727 625 784 elio
647 727 723 793 loco,
746 745 832 801 quem
856 737 974 803 praeter
991 728 1127 785 Athenas

78 813 280 886 expectaverint,
305 813 428 889 cogitari
441 813 551 888 nequit,
576 830 640 869 curn
653 812 788 870 Athenas
800 813 880 888 ipsas
892 813 994 870 exules
1005 823 1128 890 propter

78 898 231 955 vicinitatem
260 898 384 976 elegisse
413 907 443 955 et
474 898 543 955 inde
571 897 690 954 Thebas
719 897 842 972 profecti
872 916 936 968 esse
964 899 1126 971 tradantur,

77 995 203 1040 enuuent:
248 1003 443 1059 quamcumque
475 987 651 1052 mensionem
685 1002 803 1053 vereor,
834 993 866 1039 ut
899 983 987 1041 satis·
1005 985 1126 1055 Latine3

77 1087 125 1125 nan
150 1069 273 1126 sirecte
296 1069 403 1127 dicitur
425 1072 510 1126 houm
532 1073 572 1125 rei
590 1070 722 1142 qereudae
744 1071 825 1140 dare,
856 1070 966 1137 halem,
995 1069 1126 1127 ablativo

77 1164 150 1210 iernen
172 1173 251 1226 casu,
274 1154 375 1212 addito
393 1154 575 1230 pronomine,
600 1154 630 1212 id
660 1172 766 1211 nomen
790 1154 841 1211 illo
864 1154 951 1234 modo
980 1157 1028 1230 (eo
1055 1157 1127 1212 loco

74 1243 170 1312 putenam
191 1239 363 1316 recuperare)
386 1240 444 1297 dici
467 1259 553 1316 posse
576 1258 634 1296 non
657 1239 782 1296 videtur.
825 1239 930 1314 ltaque
947 1241 1127 1298 unasAthe-

75 1343 112 1380 nas
130 1326 284 1400 significari
306 1337 378 1402 puto
401 1335 431 1382 et
452 1325 494 1382 sic
516 1345 533 1381 a
556 1325 695 1384 Cornelio
717 1325 857 1400 scriptum
881 1343 959 1382 esse:
987 1335 1025 1395 ut,
1048 1345 1127 1400 quem

74 1414 227 1484 semanimo
249 1414 333 1468 totum
349 1414 413 1485 sors
435 1413 579 1482 obtulisset,
603 1431 631 1466 eo
654 1419 718 1480 cet,
741 1411 796 1467 hoc
819 1420 873 1480 est,
897 1412 981 1467 utin
998 1410 1070 1468 urbe
1082 1412 1127 1468 vi·

73 1493 130 1564 cina,
151 1515 236 1570 quarn
259 1497 412 1555 commode
433 1495 553 1554 inmune
575 1495 739 1556 obtulisset.
763 1495 887 1552 consilia
908 1496 1021 1572 patriae
1043 1515 1127 1554 recu-

74 1581 200 1653 perandae
222 1581 378 1658 agitarent.
422 1581 525 1639 Livius
548 1582 592 1639 bis
615 1581 667 1638 illo
689 1583 863 1657 pronomine
886 1581 928 1639 sic
951 1583 1126 1640 ususoredi·

73 1677 113 1736 tur,
134 1668 256 1740 primurn
280 1668 305 1738 I,
320 1667 369 1737 24,
384 1667 417 1724 3:
441 1668 552 1724 Foedus
573 1671 653 1724 iatum
675 1670 743 1723 inter
766 1667 902 1724 Rornanoe
919 1678 943 1724 et
955 1667 1075 1726 Albanos
1087 1679 1126 1724 est

72 1751 101 1804 lis
119 1753 224 1825 leqibrm,
247 1763 286 1818 ut,
308 1757 437 1827 ornusque
454 1755 551 1828 populi
570 1757 639 1808 ciues
656 1772 685 1808 eo
696 1757 838 1810 «eumeniae
853 1756 985 1824 uicissent,
1008 1757 1032 1810 is
1048 1755 1129 1810 alteri

67 1840 149 1909 populo
171 1869 211 1878 —
233 1841 403 1913 imperitaret.
448 1836 639 1896 Manifestum
662 1845 721 1897 est.
756 1838 806 1894 ubi
831 1847 978 1894 certamen
1001 1839 1125 1896 duorum

70 1921 225 1996 populorum
248 1933 330 1980 certa
351 1933 380 1980 et
402 1932 545 1999 perpetua
567 1923 694 1980 foederis
716 1922 781 2000 lege
810 1923 977 1994 dirimatur,
1013 1924 1125 1980 nullum

70 2005 148 2064 locum
176 2027 240 2066 esse
267 2009 434 2083 pronomini
461 2009 591 2078 infinito;
624 2028 691 2065 narn
714 2009 764 2083 qui
787 2009 829 2065 sio
852 2009 936 2066 dicit:
973 2020 1013 2080 ut,
1037 2013 1125 2066 ouius·

68 2112 162 2166 ruutqae
178 2097 276 2169 populi
296 2103 366 2164 cet,
389 2095 414 2151 is
436 2103 488 2151 ant
509 2095 587 2152 inter
608 2095 708 2169 plures
730 2094 854 2169 populos
877 2103 928 2150 eut
943 2095 1061 2170 saepius
1083 2096 1127 2152 ita

66 2187 193 2236 renatum
216 2179 252 2236 iri
276 2179 361 2249 dicit,
385 2189 426 2249 ut,
450 2180 513 2236 sine
535 2180 597 2236 ulla
618 2189 699 2236 certa
720 2179 920 2254 possessione,
949 2180 1026 2249 eins,
1061 2181 1126 2254 qui·

66 2279 174 2338 rumque
196 2265 309 2325 vicerit
332 2266 487 2340 imperium
509 2263 640 2322 futurum
664 2265 702 2322 sit
723 2283 818 2338 neque
830 2264 891 2321 ulla
902 2265 977 2322 nlius
988 2266 1031 2322 rei
1048 2266 1125 2323 ratio

66 2347 202 2406 habeatur.
246 2352 352 2424 Itaque
374 2369 495 2426 prorsus
517 2369 574 2407 non
598 2351 713 2408 dubito.
748 2351 818 2424 quin
847 2350 876 2406 in
905 2371 940 2408 eo
970 2351 1085 2422 codice,
1109 2370 1125 2407 e

65 2450 112 2505 quo
133 2437 224 2492 nostri
247 2435 305 2492 orti
332 2445 415 2502 sunt,
449 2455 508 2493 non
535 2445 614 2492 recte
645 2439 773 2510 citiusque
799 2455 853 2510 pro
880 2439 956 2493 ornus
984 2436 1124 2513 scripturn

65 2517 149 2576 fuerit·
192 2521 280 2578 Alter
302 2529 347 2578 est
374 2521 455 2578 locus
478 2520 556 2578 Livii
577 2522 608 2577 iu
631 2521 707 2578 libro
729 2521 824 2578 XXV
847 2521 934 2594 nte,
949 2523 977 2592 6,
994 2521 1060 2600 [qui
1083 2523 1126 2579 sic

63 2604 221 2683 edebatur]:
256 2608 393 2663 Fumaene
404 2608 479 2663 credi
499 2609 572 2673 orde,
595 2617 697 2680 quanto
719 2608 784 2662 urim
806 2627 823 2662 a
846 2618 870 2662 te
885 2611 1020 2682 captarit,
1043 2627 1126 2682 quom

59 2695 163 2760 posten's
183 2711 291 2766 quoquc
312 2711 371 2749 eam
386 2695 538 2768 spectaculo
548 2711 613 2760 esse,
637 2711 690 2765 quo
701 2696 814 2766 quisque
827 2703 908 2758 terra,
932 2697 1045 2768 quisque
1055 2697 1128 2749 utari

62 2780 155 2845 venem,
178 2797 248 2834 nunc
270 2788 363 2834 nostra
386 2779 419 2834 de
441 2777 645 2834 Atheniensibus
666 2771 983 2852 Carthaqiniensibnsque
1005 2788 1124 2854 tropaea,

61 2877 120 2918 uum
147 2873 193 2919 tua
221 2865 256 2920 de
283 2865 357 2919 nohis
384 2865 524 2920 ostendat?
546 2863 624 2928 Non,
648 2863 698 2937 qui
720 2863 868 2924 adveniat,
892 2864 1047 2920 ostendere
1064 2874 1124 2921 tro·

60 2961 125 3014 paea
145 2949 201 3004 sibi
224 2949 353 3005 nondum
376 2955 455 3018 nota,
480 2949 529 3004 sed
552 2949 654 3005 urbem
667 2949 796 3004 venienti
820 2967 855 3004 ea
866 2949 1030 3018 ostendere,
1054 2948 1124 3008 Cre-

59 3032 111 3087 ven'
124 3052 146 3090 s
167 3033 256 3103 vidit3
279 3034 379 3107 itaque
402 3035 493 3091 verba
509 3033 663 3090 admodum
677 3033 749 3090 dure
760 3034 964 3108 coniungenda
980 3043 1062 3090 sunt:
1085 3046 1124 3104 ut,

58 3120 207 3193 quicumque
229 3139 259 3175 eo
280 3123 387 3189 uenerit,
411 3117 452 3198 (ei
464 3119 549 3194 urbs)
572 3121 703 3176 ostendat.
731 3119 807 3176 Mihi
819 3129 849 3175 et
860 3121 932 3175 hnec
944 3119 1054 3176 duritia
1070 3120 1124 3176 mi·

58 3201 127 3259 nime
147 3205 274 3262 Liviana
297 3214 326 3261 et
347 3205 400 3261 ille
421 3205 579 3262 insolentia
601 3205 713 3280 pridem
736 3213 931 3280 perevaserat.
955 3215 987 3261 ut
1010 3205 1052 3261 sie
1074 3206 1124 3262 Li·

57 3287 128 3344 tium
150 3291 303 3367 scripsisse
325 3299 475 3366 putarem:
504 3309 589 3364 quae,
613 3300 641 3346 ut
663 3294 776 3365 quisque
798 3300 884 3361 terra,
919 3294 1033 3366 quisque
1054 3294 1126 3348 nram

55 3378 154 3442 renent,
183 3395 253 3433 nunc
286 3385 341 3432 cet.
390 3373 533 3454 [Cognita
564 3384 668 3450 postea
695 3377 758 3432 cod.
786 3375 931 3434 Puteauei
964 3376 1124 3451 scriptura:

55 3475 102 3528 qno
122 3465 246 3535 quisquis
263 3471 336 3518 terra
358 3465 472 3536 quisque
494 3465 577 3529 amri,
612 3461 704 3518 edidi:
737 3481 816 3536 qnae,
840 3465 965 3536 quisquis
984 3495 1025 3503 -
1049 3465 1123 3535 quis-

54 3546 109 3613 quis
135 3555 191 3602 oet.
242 3547 353 3606 Saltem
381 3547 579 3604 testimonium
609 3547 702 3604 codex
732 3543 863 3626 eripuit]
909 3547 1011 3604 Videri
1035 3547 1123 3604 alicui
1190 3569 1195 3583 ¹

53 3631 141 3698 possit
161 3633 241 3706 apud
263 3632 380 3690 Livium
403 3651 564 3707 pronomen
583 3635 697 3706 quisque
713 3651 767 3707 pro
779 3633 952 3708 pronomine
964 3637 1124 3707 quicumque

52 3715 175 3783 positum
198 3716 316 3775 defendi
339 3736 393 3774 usu
416 3718 549 3774 adverbii
572 3720 733 3792 quandoque
755 3737 809 3793 pro
831 3721 1053 3792 quandocumque
1070 3738 1122 3794 po-

51 3796 105 3862 siti,
128 3801 178 3874 qui
200 3803 279 3879 apud
301 3802 474 3861 Ciceronem
502 3803 632 3860 nondum
660 3804 814 3879 reperitur.
860 3803 919 3862 Sed
946 3804 1060 3861 tollitur
1088 3823 1124 3860 ea

51 3881 179 3944 defensio
202 3899 232 3944 et
254 3888 348 3945 maius
371 3888 536 3945 contrariae
559 3889 721 3945 sententiae
744 3889 858 3962 pondus
880 3889 1009 3955 accedit,
1044 3889 1122 3963 quod

51 3967 179 4029 adverbii
201 3973 249 4031 hie
271 3992 342 4031 usus
364 3973 441 4048 apud
463 3974 594 4047 reliquos
616 3974 774 4049 scriptores
797 3983 840 4040 et,
870 3993 993 4048 quorum
1016 3974 1046 4030 in
1070 3974 1123 4030 tali

50 4069 78 4107 re
98 4059 293 4116 certissimum
317 4069 362 4116 est
373 4059 583 4129 testimonium,
605 4059 683 4134 apud
700 4067 803 4134 poetas
820 4059 1032 4134 frequentetur,
1055 4079 1123 4134 pro-

50 4143 173 4200 nominis
196 4145 254 4201 duo
276 4144 328 4201 illa
351 4145 488 4220 exemplu
509 4155 586 4201 sunt.
620 4143 807 4223 (Quandoque
819 4163 873 4220 pro
885 4147 1034 4219 aliquando
1043 4145 1122 4220 apud

50 4221 219 4288 Ciceronem
231 4228 340 4306 legitur
351 4230 389 4287 ad
400 4231 482 4286 Fam.
495 4230 549 4302 VI,
566 4232 614 4299 19,
628 4231 655 4286 2.
691 4231 736 4287 De
748 4229 831 4288 Orat.
854 4231 913 4299 111,
926 4231 987 4288 212
1000 4233 1123 4305 quando-

48 4326 94 4380 que
113 4332 213 4389 neque
230 4323 277 4372 est
294 4317 515 4390 quandocumque
526 4335 622 4390 neque
633 4327 657 4373 et
668 4319 787 4390 quando,
800 4316 851 4372 sed
862 4317 974 4374 rariore
986 4317 1123 4392 exemplo

858 4433 892 4488 ts
