2956 5028
390 374 434 420 nn
457 373 538 420 une.
560 372 623 420 nm.
646 373 670 418 u
692 373 766 419 cnr.
791 374 831 420 m.
1071 354 1132 420 287

67 545 210 608 miseriem
234 561 360 608 omnem
381 542 412 606 in
435 542 551 620 dolore,
573 541 606 606 id
627 541 763 624 primum
784 541 959 620 nideemnS,
981 541 1071 606 bente
1092 542 1139 606 ni·

68 663 128 710 nere
149 655 293 710 vesunu
316 645 408 726 quale
430 643 479 710 sit.
524 648 627 726 Atque
653 644 713 709 hoo
741 644 863 724 debitis,
891 651 927 708 nt
954 643 1079 724 opinor,
1112 643 1140 708 si

67 749 145 812 nodo
172 749 215 812 sit
243 746 364 828 nliqndd
386 765 456 812 esse
477 747 616 826 beetnm,
648 747 680 813 id
708 755 853 828 oportere
880 753 980 812 totum
1006 744 1138 828 poniin

66 859 209 930 museto
233 849 396 931 sepientis.
439 849 521 914 Nem
542 849 569 914 si
591 849 690 914 emitti
713 849 778 914 vite
799 850 890 914 beata
912 855 1026 930 potest,
1048 847 1139 912 beate

66 969 124 1016 esse
144 971 207 1017 non
230 957 347 1033 potest.
391 949 469 1029 Quis
491 952 573 1018 euim
594 949 721 1016 confidit
741 970 865 1032 semper
892 951 948 1017 sibi
976 950 1052 1015 illud
1074 953 1178 1018 ste-5

67 1051 116 1118 bile
134 1065 165 1118 et
184 1052 315 1118 firmmn
337 1072 584 1135 permansurum
608 1054 693 1134 qnod
715 1052 825 1136 fragile
852 1061 883 1119 et
905 1054 1055 1119 caducum
1078 1052 1139 1116 siti

68 1155 117 1230 Qui
146 1163 259 1222 entem
289 1153 403 1222 diffidit
441 1155 642 1237 perpetuitati
679 1155 830 1222 bonorum
858 1175 1000 1234 suorum,
1033 1154 1141 1220 timete

127 1415 145 1460 1
168 1428 262 1461 onnon
293 1409 480 1476 infelicitatum(
471 1413 527 1476 (pro
546 1411 666 1462 me'cerr'om
684 1411 757 1474 omn)
775 1410 896 1464 LPMCR
947 1411 1027 1462 indole
1045 1419 1098 1476 (pro
1117 1411 1141 1462 in

69 1475 184 1540 dotovctti
241 1487 265 1528 4
284 1481 560 1542 monteronem
585 1496 633 1530 om
654 1480 688 1540 E,
709 1489 767 1530 onte
785 1482 856 1530 tecta
874 1481 932 1530 edd.
952 1481 1003 1529 vito
1021 1480 1064 1530 PC
1117 1485 1140 1530 ⁵.

72 1543 208 1609 'eune
234 1547 588 1616 Emotimnperdem.
606 1566 697 1614 cecnpcr
715 1548 883 1600 iiludeds'C
950 1553 1140 1600 tocmccuo-

70 1631 109 1662 u
125 1627 183 1668 0...
194 1619 348 1680 saumis
384 1616 703 1685 resumpturum

143 1861 278 1916 mertum
301 1857 415 1934 omnen)
439 1857 488 1918 Sic
500 1859 588 1918 etiem
601 1859 666 1916 Pel.
682 1862 708 1930 l,
732 1879 790 1936 mg.
802 1858 892 1928 Cret,
905 1859 969 1916 cod.
982 1859 1069 1922 Suel..
1081 1869 1140 1916 vet.

70 1941 124 1998 cod.
137 1945 283 2014 Lambini,
306 1943 354 2001 El.
367 1945 385 2001 2
397 1945 585 2020 restituitque
597 1955 664 2021 post
676 1945 842 2002 Menutinm
864 1945 1022 2014 Davisius3
1045 1944 1139 2003 Gzins

72 2026 105 2082 sic
125 2027 152 2086 in
173 2029 313 2088 omnibus
341 2030 402 2088 snie
430 2041 547 2106 prester
569 2029 649 2090 Gud.
673 2031 690 2087 2
720 2049 784 2088 esse
813 2031 923 2088 scribit.
967 2030 1054 2104 Quod
1076 2038 1141 2087 eret

71 2110 178 2172 inedd.
200 2124 271 2172 ente
293 2115 384 2184 Men,
413 2134 512 2172 monem
534 2119 727 2190 infelicitatem,
761 2116 910 2174 hebebant
942 2116 1030 2174 etiam
1060 2114 1139 2174 Oxx.

73 2214 168 2256 onmes.
218 2201 267 2258 De
289 2201 477 2258 adiunctione
506 2202 609 2259 horum
632 2202 805 2259 verborum:
837 2205 898 2260 con
926 2235 968 2243 —
996 2205 1022 2258 in
1050 2203 1141 2258 (miore

73 2281 121 2338 nid
141 2286 177 2343 nd
199 2288 225 2356 1,
250 2288 302 2343 41.
324 2287 398 2345 Mox
420 2286 450 2344 in
472 2287 587 2345 verbis:
618 2290 645 2344 ei
665 2289 743 2344 modo
764 2291 799 2344 ec't
820 2289 926 2362 aliquid
947 2307 1005 2344 esse
1027 2287 1139 2351 beatum,

73 2365 119 2424 hoc
138 2375 171 2428 eit
192 2374 302 2446 aliquid
323 2391 381 2429 non
404 2371 558 2449 significet,
582 2381 616 2428 nt
637 2371 731 2432 Gnius
753 2371 854 2439 docet,
877 2374 983 2446 attondet
1004 2391 1139 2446 mopnnm,

74 2453 114 2510 :cd
144 2456 197 2514 hoc
226 2457 350 2516 dicitnr:
391 2477 465 2514 menn
495 2478 523 2514 ce
551 2459 701 2533 uberhaupt
728 2467 811 2516 ctione
838 2461 888 2529 iet,
928 2459 1050 2515 Rcoic'tdt
1083 2459 1137 2514 tot.

73 2537 180 2608 Totum,
209 2561 286 2618 quae
310 2543 456 2617 sequitur,
484 2543 713 2619 disputationem
736 2562 755 2600 o
776 2543 884 2602 Stoicis
907 2552 1053 2618 sumptam
1076 2561 1141 2600 esse

75 2635 157 2696 poten
178 2627 232 2686 eir.
254 2629 314 2688 ΠΙ.
334 2631 373 2685 45
396 2647 458 2703 sqq.
482 2639 512 2686 et
534 2638 667 2686 extremo
690 2629 775 2686 libro.

146 2732 248 2788 suuper
270 2715 323 2772 sibi
343 2713 424 2792 iilud)
448 2713 497 2774 Sic
521 2713 600 2774 Gnd.
623 2723 756 2789 uterque.
790 2715 832 2774 Ut
854 2715 925 2786 Eri,
949 2714 1037 2771 etiem
1062 2713 1140 2789 Spir.

76 2793 145 2860 (BQ
170 2801 222 2856 etti
248 2802 280 2857 id
301 2797 427 2878 semper).
458 2798 498 2878 [B
521 2801 572 2856 otti
593 2798 810 2878 cooperiunt]
854 2801 931 2858 Dev.
960 2819 976 2856 e
999 2799 1085 2870 CCC,
1108 2809 1142 2856 ut

76 2891 112 2936 ent
131 2882 158 2940 in
180 2884 219 2952 C;
243 2883 339 2944 Gzius
360 2887 413 2942 eibi
432 2905 545 2960 seneper,
569 2885 678 2943 omisso
701 2887 738 2942 id.

151 2969 204 3037 tes
223 2981 312 3028 antem
335 2973 449 3044 diffidit)
473 2969 563 3049 [Hoc
576 2969 761 3045 quodGzins
784 2980 814 3027 et
835 2968 966 3029 Orelliue
978 2969 1140 3040 ediderant,

76 3067 140 3108 nuuc
160 3056 276 3114 restitui
299 3075 337 3112 ex
359 3056 421 3112 Eri.
444 3057 520 3127 etB,
544 3065 619 3113 teste
636 3056 771 3126 Helmi03
794 3056 988 3131 probaveram
1001 3055 1060 3112 iem
1072 3065 1141 3112 ente

77 3133 106 3190 ob
125 3139 235 3216 relique
257 3142 422 3218 praesentis
443 3142 586 3218 temporis
603 3141 703 3198 verbe.
738 3140 824 3212 Gzio,
848 3141 891 3198 sic
913 3159 977 3198 esse
1000 3142 1030 3198 in
1048 3141 1141 3196 omni-

78 3217 121 3278 bns
140 3226 197 3284 suis
211 3227 373 3298 codicibus,
396 3228 528 3284 narranti
551 3227 631 3284 credi
643 3245 702 3284 non
720 3235 850 3303 poteret,
880 3226 1053 3302 praesertim
1076 3243 1142 3282 mee

77 3305 217 3369 collatione
239 3312 276 3370 de
298 3312 361 3370 Erl.
384 3312 585 3383 dissentiente,
614 3312 840 3387 coniecturaque
868 3312 962 3369 utenti
997 3311 1141 3368 incertum

78 3403 136 3456 titt
161 3397 351 3456 moluisseme
374 3397 479 3456 Cicero
501 3396 637 3475 sinitaut]
680 3398 758 3456 Nam
781 3398 811 3455 in
833 3397 879 3456 his
891 3397 1044 3456 sententiis
1066 3397 1142 3453 rele-

77 3475 141 3550 tiris,
162 3483 269 3558 quibus
291 3483 456 3542 subiectum
478 3483 640 3561 generatim
664 3483 810 3554 definitur,
833 3482 1142 3541 cumdemonstretive

78 3570 206 3627 sententie
226 3568 338 3646 pendet
359 3577 390 3626 et
411 3569 630 3627 coniunctivum
652 3569 751 3638 hebet,
774 3569 883 3644 exiguo
900 3568 1141 3626 discriminetum

78 3648 113 3705 u'e
141 3655 283 3712 cretionis
310 3654 464 3731 pendentis
493 3656 531 3712 ed
558 3654 712 3713 relativam
741 3655 916 3712 sententium
945 3653 1074 3730 pertinet
1095 3651 1142 3730 (ut

78 3731 151 3794 Tunc.
172 3741 210 3812 V,
238 3741 314 3798 118.
342 3760 412 3816 quac
433 3744 482 3815 qni
502 3743 665 3812 recordemc,
689 3741 765 3797 tend
786 3761 850 3798 eone
869 3743 1019 3816 pectenatum
1040 3749 1088 3806 cet,
1110 3759 1143 3796 ne

79 3837 118 3876 non
137 3837 243 3884 nortem
265 3837 313 3884 unt
335 3829 482 3901 optandam
503 3837 551 3884 ont
573 3824 1141 3902 cerucnontcmcndampctet3deD1v1n

79 3901 187 3968 titt:
211 3915 260 3986 qui
286 3915 354 3968 emin
382 3921 468 3970 teneat
494 3931 703 3970 connecterem
720 3914 896 3985 Jictnrocmn,
926 3914 1010 3982 idem,
1039 3931 1113 3967 neces
1115 3929 1143 3967 se

80 4001 115 4048 cst.
135 4000 219 4052 omnia
241 4007 342 4055 emeat.
371 4017 442 4072 quoe
464 4000 565 4071 sutura
587 3993 668 4078 mint),
702 4007 765 4054 tum
794 4015 829 4054 eo
857 4017 916 4054 non
938 3995 1075 4074 pervenit
1097 3997 1145 4070 (ut

80 4073 124 4134 Off
143 4082 183 4152 Π,
209 4081 238 4152 5,
262 4082 300 4140 N.
324 4083 363 4140 D.
384 4083 432 4149 Π,
458 4083 512 4154 93,
546 4083 597 4141 ubi
619 4086 753 4140 existumet
775 4083 912 4140 meliores
934 4083 1018 4140 codd.
1041 4101 1165 4148 omncs

79 4167 204 4243 nentur),
226 4178 261 4226 nt
282 4167 403 4226 difficile
425 4168 464 4226 sit
485 4169 626 4227 indicium
649 4169 727 4226 de'
708 4188 744 4226 ns
766 4169 854 4237 locis,
888 4169 939 4225 ubi
966 4167 1036 4224 boni
1059 4167 1142 4223 codd.

80 4245 238 4330 increpant,
261 4262 296 4312 ut
316 4255 349 4312 11
371 4255 410 4312 Ν.
432 4255 471 4312 D.
495 4256 529 4312 4:
534 4257 626 4334 quod
647 4255 815 4330 quidnbitet
838 4255 914 4312 houd
935 4272 1000 4310 eene
1015 4255 1143 4325 inteltepo,

80 4349 116 4390 tut
133 4360 182 4398 nou
205 4341 284 4412 idcnn,
308 4342 349 4398 eoi
369 4344 405 4398 eit
425 4360 462 4398 un
484 4327 574 4398 nntius
596 4345 639 4410 eit,
662 4341 786 4398 denotare
792 4341 896 4416 poscet,
918 4355 986 4395 nem
1010 4339 1073 4396 cod.
1091 4357 1144 4413 op·
