<?xml version="1.0" encoding="UTF-8"?>
<!DOCTYPE html PUBLIC "-//W3C//DTD XHTML 1.0 Transitional//EN"
    "http://www.w3.org/TR/xhtml1/DTD/xhtml1-transitional.dtd">
<html xmlns="http://www.w3.org/1999/xhtml" xml:lang="en" lang="en">
 <head>
  <title>
</title>
<meta http-equiv="Content-Type" content="text/html;charset=utf-8" />
  <meta name='ocr-system' content='tesseract 3.04.00' />
  <meta name='ocr-capabilities' content='ocr_page ocr_carea ocr_par ocr_line ocrx_word'/>
</head>
<body>
  <div class='ocr_page' id='page_1' title='image "./definibusbonoru04cicegoog_0286.png"; bbox 0 0 2938 5020; ppageno 0'>
   <div class='ocr_carea' id='block_1_1' title="bbox 327 387 1011 452">
    <p class='ocr_par' dir='ltr' id='par_1_1' title="bbox 327 387 1011 452">
     <span class='ocr_line' id='line_1_1' title="bbox 327 387 1011 452; baseline 0.001 -1"><span class='ocrx_word' id='word_1_1' title='bbox 327 387 390 451; x_wconf 79' lang='grc'><strong>208</strong></span> <span class='ocrx_word' id='word_1_2' title='bbox 719 405 764 450; x_wconf 85' lang='lat' dir='ltr'><strong>os</strong></span> <span class='ocrx_word' id='word_1_3' title='bbox 787 405 918 452; x_wconf 73' lang='lat' dir='ltr'><strong>sitimus</strong></span> <span class='ocrx_word' id='word_1_4' title='bbox 941 405 1011 452; x_wconf 82' lang='lat' dir='ltr'><strong>nos.</strong></span> 
     </span>
    </p>
   </div>
   <div class='ocr_carea' id='block_1_2' title="bbox 412 573 1404 656">
    <p class='ocr_par' dir='ltr' id='par_1_2' title="bbox 412 573 1404 656">
     <span class='ocr_line' id='line_1_2' title="bbox 412 573 1404 656; baseline -0.007 -16"><span class='ocrx_word' id='word_1_5' title='bbox 412 575 461 640; x_wconf 84' lang='lat'><strong>36.</strong></span> <span class='ocrx_word' id='word_1_6' title='bbox 506 573 586 638; x_wconf 86' lang='lat' dir='ltr'><strong>Nem</strong></span> <span class='ocrx_word' id='word_1_7' title='bbox 608 575 692 655; x_wconf 89' lang='lat' dir='ltr'><strong>quod</strong></span> <span class='ocrx_word' id='word_1_8' title='bbox 714 573 766 651; x_wconf 85' lang='lat' dir='ltr'><strong>ait,</strong></span> <span class='ocrx_word' id='word_1_9' title='bbox 789 573 930 638; x_wconf 82' lang='lat' dir='ltr'>sensibus</span> <span class='ocrx_word' id='word_1_10' title='bbox 959 573 1035 656; x_wconf 90' lang='lat' dir='ltr'><strong>ipsis</strong></span> <span class='ocrx_word' id='word_1_11' title='bbox 1062 573 1191 638; x_wconf 82' lang='lat' dir='ltr'><strong>iudicari</strong></span> <span class='ocrx_word' id='word_1_12' title='bbox 1214 573 1404 654; x_wconf 87' lang='lat' dir='ltr'><strong>voluptatem</strong></span> 
     </span>
    </p>
   </div>
   <div class='ocr_carea' id='block_1_3' title="bbox 326 781 1406 4366">
    <p class='ocr_par' dir='ltr' id='par_1_3' title="bbox 326 781 1406 4194">
     <span class='ocr_line' id='line_1_3' title="bbox 326 781 1405 858; baseline -0.003 -19"><span class='ocrx_word' id='word_1_13' title='bbox 326 781 433 852; x_wconf 75' lang='lat' dir='ltr'><strong>fuissa3</strong></span> <span class='ocrx_word' id='word_1_14' title='bbox 455 781 583 858; x_wconf 77' lang='lat' dir='ltr'>positam</span> <span class='ocrx_word' id='word_1_15' title='bbox 605 801 669 839; x_wconf 90' lang='lat' dir='ltr'><strong>essa</strong></span> <span class='ocrx_word' id='word_1_16' title='bbox 692 793 789 840; x_wconf 82' lang='lat' dir='ltr'><strong>autem</strong></span> <span class='ocrx_word' id='word_1_17' title='bbox 813 783 945 849; x_wconf 85' lang='lat' dir='ltr'><strong>alteram,</strong></span> <span class='ocrx_word' id='word_1_18' title='bbox 969 791 1144 852; x_wconf 79' lang='lat' dir='ltr'><strong>moventem,</strong></span> <span class='ocrx_word' id='word_1_19' title='bbox 1168 801 1243 856; x_wconf 86' lang='lat' dir='ltr'><strong>quae</strong></span> <span class='ocrx_word' id='word_1_20' title='bbox 1266 801 1336 838; x_wconf 85' lang='lat' dir='ltr'><strong>vere</strong></span> <span class='ocrx_word' id='word_1_21' title='bbox 1354 801 1405 836; x_wconf 81' lang='lat' dir='ltr'><strong>vo·</strong></span> 
     </span>
     <span class='ocr_line' id='line_1_4' title="bbox 327 865 1406 946; baseline 0 -22"><span class='ocrx_word' id='word_1_22' title='bbox 327 867 425 943; x_wconf 89' lang='lat' dir='ltr'><strong>luptas</strong></span> <span class='ocrx_word' id='word_1_23' title='bbox 443 868 643 944; x_wconf 74' lang='lat' dir='ltr'><strong>appellaretur</strong></span> <span class='ocrx_word' id='word_1_24' title='bbox 664 865 694 939; x_wconf 69' lang='grc' dir='ltr'><strong>(ξ</strong></span> <span class='ocrx_word' id='word_1_25' title='bbox 708 867 771 946; x_wconf 79' lang='grc'><strong>32).</strong></span> <span class='ocrx_word' id='word_1_26' title='bbox 793 868 959 926; x_wconf 86' lang='lat' dir='ltr'><strong>Promenda</strong></span> <span class='ocrx_word' id='word_1_27' title='bbox 980 867 1070 942; x_wconf 86' lang='lat' dir='ltr'><strong>igitur</strong></span> <span class='ocrx_word' id='word_1_28' title='bbox 1092 877 1155 926; x_wconf 88' lang='lat' dir='ltr'><strong>erat</strong></span> <span class='ocrx_word' id='word_1_29' title='bbox 1171 868 1307 944; x_wconf 86' lang='lat' dir='ltr'><strong>specialis</strong></span> <span class='ocrx_word' id='word_1_30' title='bbox 1323 867 1406 924; x_wconf 88' lang='lat' dir='ltr'><strong>notio</strong></span> 
     </span>
     <span class='ocr_line' id='line_1_5' title="bbox 327 951 1404 1030; baseline -0.001 -20"><span class='ocrx_word' id='word_1_31' title='bbox 327 953 504 1029; x_wconf 78' lang='lat' dir='ltr'><strong>voluptatis,</strong></span> <span class='ocrx_word' id='word_1_32' title='bbox 539 973 597 1010; x_wconf 92' lang='lat' dir='ltr'><strong>non</strong></span> <span class='ocrx_word' id='word_1_33' title='bbox 626 953 764 1030; x_wconf 86' lang='lat' dir='ltr'><strong>ambigua</strong></span> <span class='ocrx_word' id='word_1_34' title='bbox 790 954 841 1010; x_wconf 85' lang='lat' dir='ltr'><strong>illa</strong></span> <span class='ocrx_word' id='word_1_35' title='bbox 869 953 1018 1010; x_wconf 85' lang='lat' dir='ltr'><strong>utendum.</strong></span> <span class='ocrx_word' id='word_1_36' title='bbox 1063 951 1122 1012; x_wconf 86' lang='lat' dir='ltr'><strong>Sed</strong></span> <span class='ocrx_word' id='word_1_37' title='bbox 1145 951 1250 1012; x_wconf 90' lang='lat' dir='ltr'><strong>Cicero</strong></span> <span class='ocrx_word' id='word_1_38' title='bbox 1272 953 1404 1029; x_wconf 74' lang='lat' dir='ltr'><strong>prote-sin</strong></span> 
     </span>
     <span class='ocr_line' id='line_1_6' title="bbox 327 1037 1405 1112; baseline -0.003 -17"><span class='ocrx_word' id='word_1_39' title='bbox 327 1039 450 1096; x_wconf 80' lang='lat' dir='ltr'><strong>retinuit</strong></span> <span class='ocrx_word' id='word_1_40' title='bbox 471 1058 509 1096; x_wconf 86' lang='lat' dir='ltr'><strong>ex</strong></span> <span class='ocrx_word' id='word_1_41' title='bbox 531 1049 598 1096; x_wconf 83' lang='lat' dir='ltr'><strong>ante</strong></span> <span class='ocrx_word' id='word_1_42' title='bbox 622 1038 756 1096; x_wconf 87' lang='lat' dir='ltr'><strong>instituta</strong></span> <span class='ocrx_word' id='word_1_43' title='bbox 778 1039 954 1096; x_wconf 83' lang='lat' dir='ltr'><strong>dilemmatis</strong></span> <span class='ocrx_word' id='word_1_44' title='bbox 976 1037 1080 1110; x_wconf 83' lang='lat' dir='ltr'><strong>fornia,</strong></span> <span class='ocrx_word' id='word_1_45' title='bbox 1104 1039 1247 1112; x_wconf 91' lang='lat' dir='ltr'><strong>apodosin</strong></span> <span class='ocrx_word' id='word_1_46' title='bbox 1269 1039 1306 1096; x_wconf 92' lang='lat' dir='ltr'><strong>ad</strong></span> <span class='ocrx_word' id='word_1_47' title='bbox 1329 1039 1405 1095; x_wconf 82' lang='lat' dir='ltr'><strong>hanc</strong></span> 
     </span>
     <span class='ocr_line' id='line_1_7' title="bbox 328 1123 1405 1200; baseline 0.002 -20"><span class='ocrx_word' id='word_1_48' title='bbox 328 1141 435 1180; x_wconf 86' lang='lat' dir='ltr'><strong>novam</strong></span> <span class='ocrx_word' id='word_1_49' title='bbox 458 1124 698 1182; x_wconf 81' lang='lat' dir='ltr'><strong>accommodavit.</strong></span> <span class='ocrx_word' id='word_1_50' title='bbox 747 1125 851 1200; x_wconf 86' lang='lat' dir='ltr'><strong>Itaque</strong></span> <span class='ocrx_word' id='word_1_51' title='bbox 885 1125 988 1181; x_wconf 83' lang='lat' dir='ltr'><strong>incidit</strong></span> <span class='ocrx_word' id='word_1_52' title='bbox 1020 1123 1050 1180; x_wconf 91' lang='lat' dir='ltr'><strong>in</strong></span> <span class='ocrx_word' id='word_1_53' title='bbox 1080 1123 1280 1182; x_wconf 89' lang='lat' dir='ltr'><strong>inanissimam</strong></span> <span class='ocrx_word' id='word_1_54' title='bbox 1307 1133 1405 1182; x_wconf 87' lang='lat' dir='ltr'><strong>tauto-</strong></span> 
     </span>
     <span class='ocr_line' id='line_1_8' title="bbox 328 1207 1405 1286; baseline 0.003 -20"><span class='ocrx_word' id='word_1_55' title='bbox 328 1209 451 1286; x_wconf 81' lang='lat' dir='ltr'><strong>logiam:</strong></span> <span class='ocrx_word' id='word_1_56' title='bbox 474 1213 574 1266; x_wconf 85' lang='lat' dir='ltr'><strong>sieom</strong></span> <span class='ocrx_word' id='word_1_57' title='bbox 596 1209 639 1286; x_wconf 89' lang='lat' dir='ltr'><strong>(in</strong></span> <span class='ocrx_word' id='word_1_58' title='bbox 662 1209 757 1285; x_wconf 89' lang='lat' dir='ltr'><strong>prima</strong></span> <span class='ocrx_word' id='word_1_59' title='bbox 778 1210 1031 1267; x_wconf 80' lang='lat' dir='ltr'><strong>commendatione</strong></span> <span class='ocrx_word' id='word_1_60' title='bbox 1053 1209 1236 1285; x_wconf 79' lang='lat' dir='ltr'><strong>voluptatem</strong></span> <span class='ocrx_word' id='word_1_61' title='bbox 1257 1207 1405 1284; x_wconf 78' lang='lat' dir='ltr'><strong>dixisset).</strong></span> 
     </span>
     <span class='ocr_line' id='line_1_9' title="bbox 329 1293 1403 1372; baseline -0.002 -22"><span class='ocrx_word' id='word_1_62' title='bbox 329 1315 410 1369; x_wconf 85' lang='lat' dir='ltr'><strong>qnam</strong></span> <span class='ocrx_word' id='word_1_63' title='bbox 423 1295 611 1370; x_wconf 77' lang='lat' dir='ltr'><strong>Hieronymus,</strong></span> <span class='ocrx_word' id='word_1_64' title='bbox 628 1298 739 1370; x_wconf 68' lang='lat' dir='ltr'><strong>fecisset</strong></span> <span class='ocrx_word' id='word_1_65' title='bbox 761 1295 805 1372; x_wconf 89' lang='lat' dir='ltr'><strong>(id</strong></span> <span class='ocrx_word' id='word_1_66' title='bbox 828 1305 886 1366; x_wconf 89' lang='lat' dir='ltr'><strong>est,</strong></span> <span class='ocrx_word' id='word_1_67' title='bbox 915 1293 1013 1352; x_wconf 81' lang='lat' dir='ltr'><strong>facere</strong></span> <span class='ocrx_word' id='word_1_68' title='bbox 1035 1293 1165 1372; x_wconf 77' lang='lat' dir='ltr'><strong>debuit),</strong></span> <span class='ocrx_word' id='word_1_69' title='bbox 1194 1305 1225 1352; x_wconf 90' lang='lat' dir='ltr'><strong>ut</strong></span> <span class='ocrx_word' id='word_1_70' title='bbox 1246 1297 1403 1372; x_wconf 76' lang='lat' dir='ltr'><strong>vobtpurtem</strong></span> 
     </span>
     <span class='ocr_line' id='line_1_10' title="bbox 329 1381 1405 1457; baseline 0 -21"><span class='ocrx_word' id='word_1_71' title='bbox 329 1382 404 1438; x_wconf 82' lang='lat' dir='ltr'><strong>illam</strong></span> <span class='ocrx_word' id='word_1_72' title='bbox 415 1383 442 1436; x_wconf 86' lang='lat' dir='ltr'><strong>in</strong></span> <span class='ocrx_word' id='word_1_73' title='bbox 460 1383 552 1456; x_wconf 73' lang='lat' dir='ltr'><strong>prium</strong></span> <span class='ocrx_word' id='word_1_74' title='bbox 574 1383 795 1438; x_wconf 77' lang='lat' dir='ltr'><strong>comnsendote&#39;oue</strong></span> <span class='ocrx_word' id='word_1_75' title='bbox 812 1391 931 1457; x_wconf 64' lang='lat' dir='ltr'><strong>porroet.</strong></span> <span class='ocrx_word' id='word_1_76' title='bbox 972 1381 1091 1437; x_wconf 77' lang='lat' dir='ltr'><strong>Fecisset</strong></span> <span class='ocrx_word' id='word_1_77' title='bbox 1113 1391 1158 1438; x_wconf 86' lang='lat' dir='ltr'><strong>est</strong></span> <span class='ocrx_word' id='word_1_78' title='bbox 1180 1399 1217 1438; x_wconf 83' lang='lat' dir='ltr'><strong>ex</strong></span> <span class='ocrx_word' id='word_1_79' title='bbox 1241 1400 1276 1438; x_wconf 89' lang='lat' dir='ltr'><strong>eo</strong></span> <span class='ocrx_word' id='word_1_80' title='bbox 1297 1399 1405 1457; x_wconf 83' lang='lat' dir='ltr'><strong>gauere</strong></span> 
     </span>
     <span class='ocr_line' id='line_1_11' title="bbox 329 1463 1404 1544; baseline -0.002 -22"><span class='ocrx_word' id='word_1_81' title='bbox 329 1465 583 1524; x_wconf 87' lang='lat' dir='ltr'><strong>coniunctivorum</strong></span> <span class='ocrx_word' id='word_1_82' title='bbox 621 1465 800 1544; x_wconf 87' lang='lat' dir='ltr'><strong>(imperfecti</strong></span> <span class='ocrx_word' id='word_1_83' title='bbox 838 1477 867 1523; x_wconf 89' lang='lat' dir='ltr'><strong>et</strong></span> <span class='ocrx_word' id='word_1_84' title='bbox 905 1463 1208 1542; x_wconf 82' lang='lat' dir='ltr'><strong>plusquamperfecti),</strong></span> <span class='ocrx_word' id='word_1_85' title='bbox 1252 1467 1302 1541; x_wconf 91' lang='lat' dir='ltr'><strong>qui</strong></span> <span class='ocrx_word' id='word_1_86' title='bbox 1340 1485 1404 1522; x_wconf 89' lang='lat' dir='ltr'><strong>cnm</strong></span> 
     </span>
     <span class='ocr_line' id='line_1_12' title="bbox 329 1551 1404 1628; baseline -0.002 -20"><span class='ocrx_word' id='word_1_87' title='bbox 329 1551 509 1620; x_wconf 89' lang='lat' dir='ltr'><strong>condicione,</strong></span> <span class='ocrx_word' id='word_1_88' title='bbox 533 1552 594 1608; x_wconf 83' lang='lat' dir='ltr'><strong>sive</strong></span> <span class='ocrx_word' id='word_1_89' title='bbox 617 1570 652 1608; x_wconf 87' lang='lat' dir='ltr'><strong>ea</strong></span> <span class='ocrx_word' id='word_1_90' title='bbox 674 1552 772 1609; x_wconf 89' lang='lat' dir='ltr'><strong>verbis</strong></span> <span class='ocrx_word' id='word_1_91' title='bbox 795 1570 934 1628; x_wconf 86' lang='lat' dir='ltr'><strong>expressa</strong></span> <span class='ocrx_word' id='word_1_92' title='bbox 946 1561 990 1608; x_wconf 89' lang='lat' dir='ltr'><strong>est</strong></span> <span class='ocrx_word' id='word_1_93' title='bbox 1006 1551 1068 1608; x_wconf 81' lang='lat' dir='ltr'><strong>sire</strong></span> <span class='ocrx_word' id='word_1_94' title='bbox 1084 1551 1275 1628; x_wconf 85' lang='lat' dir='ltr'><strong>intellegitur,</strong></span> <span class='ocrx_word' id='word_1_95' title='bbox 1292 1569 1404 1627; x_wconf 91' lang='lat' dir='ltr'><strong>ponun-</strong></span> 
     </span>
     <span class='ocr_line' id='line_1_13' title="bbox 329 1635 1403 1713; baseline 0.003 -19"><span class='ocrx_word' id='word_1_96' title='bbox 329 1647 378 1694; x_wconf 90' lang='lat' dir='ltr'><strong>tur</strong></span> <span class='ocrx_word' id='word_1_97' title='bbox 410 1637 447 1693; x_wconf 91' lang='lat' dir='ltr'><strong>ad</strong></span> <span class='ocrx_word' id='word_1_98' title='bbox 480 1636 702 1713; x_wconf 84' lang='lat' dir='ltr'><strong>significandum</strong></span> <span class='ocrx_word' id='word_1_99' title='bbox 735 1655 793 1695; x_wconf 92' lang='lat' dir='ltr'><strong>non</strong></span> <span class='ocrx_word' id='word_1_100' title='bbox 821 1637 865 1700; x_wconf 82' lang='lat' dir='ltr'><strong>id,</strong></span> <span class='ocrx_word' id='word_1_101' title='bbox 905 1637 983 1711; x_wconf 90' lang='lat' dir='ltr'><strong>quod</strong></span> <span class='ocrx_word' id='word_1_102' title='bbox 1016 1638 1099 1694; x_wconf 88' lang='lat' dir='ltr'><strong>ficret</strong></span> <span class='ocrx_word' id='word_1_103' title='bbox 1136 1635 1285 1694; x_wconf 79' lang='lat' dir='ltr'><strong>factumve</strong></span> <span class='ocrx_word' id='word_1_104' title='bbox 1318 1649 1403 1696; x_wconf 87' lang='lat' dir='ltr'><strong>esset.</strong></span> 
     </span>
     <span class='ocr_line' id='line_1_14' title="bbox 330 1721 1404 1798; baseline -0.002 -18"><span class='ocrx_word' id='word_1_105' title='bbox 330 1723 381 1780; x_wconf 89' lang='lat' dir='ltr'><strong>sed</strong></span> <span class='ocrx_word' id='word_1_106' title='bbox 415 1723 493 1796; x_wconf 92' lang='lat' dir='ltr'><strong>quod</strong></span> <span class='ocrx_word' id='word_1_107' title='bbox 528 1723 591 1779; x_wconf 87' lang='lat' dir='ltr'><strong>lieri</strong></span> <span class='ocrx_word' id='word_1_108' title='bbox 625 1721 767 1780; x_wconf 88' lang='lat' dir='ltr'><strong>debuerit.</strong></span> <span class='ocrx_word' id='word_1_109' title='bbox 822 1723 932 1798; x_wconf 81' lang='lat' dir='ltr'><strong>Attigit</strong></span> <span class='ocrx_word' id='word_1_110' title='bbox 966 1741 1027 1778; x_wconf 88' lang='lat' dir='ltr'><strong>rem</strong></span> <span class='ocrx_word' id='word_1_111' title='bbox 1061 1741 1079 1778; x_wconf 88' lang='lat' dir='ltr'><strong>a</strong></span> <span class='ocrx_word' id='word_1_112' title='bbox 1112 1721 1311 1798; x_wconf 87' lang='lat' dir='ltr'><strong>grammaticis</strong></span> <span class='ocrx_word' id='word_1_113' title='bbox 1345 1722 1404 1778; x_wconf 81' lang='lat' dir='ltr'><strong>iere</strong></span> 
     </span>
     <span class='ocr_line' id='line_1_15' title="bbox 329 1807 1403 1886; baseline 0.001 -22"><span class='ocrx_word' id='word_1_114' title='bbox 329 1808 492 1883; x_wconf 84' lang='lat' dir='ltr'><strong>neglectam</strong></span> <span class='ocrx_word' id='word_1_115' title='bbox 515 1809 669 1883; x_wconf 90' lang='lat' dir='ltr'><strong>Zumptius</strong></span> <span class='ocrx_word' id='word_1_116' title='bbox 693 1813 707 1878; x_wconf 83' lang='lat'>§</span> <span class='ocrx_word' id='word_1_117' title='bbox 732 1809 792 1866; x_wconf 77' lang='lat'><strong>529</strong></span> <span class='ocrx_word' id='word_1_118' title='bbox 816 1819 876 1866; x_wconf 91' lang='lat' dir='ltr'><strong>not.</strong></span> <span class='ocrx_word' id='word_1_119' title='bbox 900 1807 969 1886; x_wconf 87' lang='lat' dir='ltr'><strong>[ego</strong></span> <span class='ocrx_word' id='word_1_120' title='bbox 987 1807 1040 1866; x_wconf 89' lang='lat' dir='ltr'><strong>Gr.</strong></span> <span class='ocrx_word' id='word_1_121' title='bbox 1058 1807 1092 1864; x_wconf 84' lang='lat' dir='ltr'><strong>L.</strong></span> <span class='ocrx_word' id='word_1_122' title='bbox 1117 1808 1209 1865; x_wconf 83' lang='grc'><strong>3515</strong></span> <span class='ocrx_word' id='word_1_123' title='bbox 1231 1827 1260 1865; x_wconf 90' lang='lat' dir='ltr'><strong>n.</strong></span> <span class='ocrx_word' id='word_1_124' title='bbox 1274 1807 1317 1886; x_wconf 82' lang='lat'><strong>4].</strong></span> <span class='ocrx_word' id='word_1_125' title='bbox 1346 1808 1403 1864; x_wconf 82' lang='lat' dir='ltr'><strong>Ex·</strong></span> 
     </span>
     <span class='ocr_line' id='line_1_16' title="bbox 330 1893 1403 1970; baseline -0.001 -21"><span class='ocrx_word' id='word_1_126' title='bbox 330 1893 428 1970; x_wconf 87' lang='lat' dir='ltr'><strong>empla</strong></span> <span class='ocrx_word' id='word_1_127' title='bbox 450 1895 550 1970; x_wconf 88' lang='lat' dir='ltr'><strong>(nemo</strong></span> <span class='ocrx_word' id='word_1_128' title='bbox 584 1893 661 1950; x_wconf 88' lang='lat' dir='ltr'><strong>anim</strong></span> <span class='ocrx_word' id='word_1_129' title='bbox 684 1893 779 1950; x_wconf 85' lang='lat' dir='ltr'><strong>adhuc</strong></span> <span class='ocrx_word' id='word_1_130' title='bbox 802 1894 858 1951; x_wconf 92' lang='lat' dir='ltr'><strong>nisi</strong></span> <span class='ocrx_word' id='word_1_131' title='bbox 880 1912 968 1950; x_wconf 91' lang='lat' dir='ltr'><strong>unum</strong></span> <span class='ocrx_word' id='word_1_132' title='bbox 992 1893 1168 1950; x_wconf 83' lang='lat' dir='ltr'><strong>stulterum</strong></span> <span class='ocrx_word' id='word_1_133' title='bbox 1196 1895 1324 1970; x_wconf 66' lang='lat' dir='ltr'><strong>posuit)</strong></span> <span class='ocrx_word' id='word_1_134' title='bbox 1339 1903 1403 1950; x_wconf 89' lang='lat' dir='ltr'><strong>sunt</strong></span> 
     </span>
     <span class='ocr_line' id='line_1_17' title="bbox 329 1975 1401 2058; baseline -0.002 -22"><span class='ocrx_word' id='word_1_135' title='bbox 329 1977 407 2036; x_wconf 77' lang='lat' dir='ltr'><strong>infra</strong></span> <span class='ocrx_word' id='word_1_136' title='bbox 429 1979 483 2050; x_wconf 87' lang='lat' dir='ltr'><strong>IV,</strong></span> <span class='ocrx_word' id='word_1_137' title='bbox 508 1981 546 2036; x_wconf 84' lang='grc'><strong>57</strong></span> <span class='ocrx_word' id='word_1_138' title='bbox 571 1975 767 2058; x_wconf 75' lang='lat' dir='ltr'><strong>(detrusisset).</strong></span> <span class='ocrx_word' id='word_1_139' title='bbox 785 1979 816 2035; x_wconf 91' lang='lat' dir='ltr'><strong>in</strong></span> <span class='ocrx_word' id='word_1_140' title='bbox 828 1981 913 2036; x_wconf 85' lang='lat' dir='ltr'><strong>Verr.</strong></span> <span class='ocrx_word' id='word_1_141' title='bbox 930 1979 955 2042; x_wconf 85' lang='grc' dir='ltr'><strong>Ι,</strong></span> <span class='ocrx_word' id='word_1_142' title='bbox 977 1980 1034 2036; x_wconf 79' lang='grc'><strong>107</strong></span> <span class='ocrx_word' id='word_1_143' title='bbox 1049 1981 1181 2056; x_wconf 81' lang='lat' dir='ltr'><strong>(imitatus</strong></span> <span class='ocrx_word' id='word_1_144' title='bbox 1192 1979 1287 2058; x_wconf 85' lang='lat' dir='ltr'><strong>esses),</strong></span> <span class='ocrx_word' id='word_1_145' title='bbox 1310 1980 1352 2038; x_wconf 87' lang='grc' dir='ltr'><strong>Π.</strong></span> <span class='ocrx_word' id='word_1_146' title='bbox 1367 1979 1401 2036; x_wconf 77' lang='grc'><strong>57</strong></span> 
     </span>
     <span class='ocr_line' id='line_1_18' title="bbox 330 2060 1403 2146; baseline -0.002 -26"><span class='ocrx_word' id='word_1_147' title='bbox 330 2060 396 2146; x_wconf 81' lang='lat' dir='ltr'><strong>(nou</strong></span> <span class='ocrx_word' id='word_1_148' title='bbox 417 2063 662 2141; x_wconf 77' lang='lat' dir='ltr'><strong>aru&#39;nmduerlisset)</strong></span> <span class='ocrx_word' id='word_1_149' title='bbox 690 2067 733 2134; x_wconf 79' lang='lat' dir='ltr'><strong>V,</strong></span> <span class='ocrx_word' id='word_1_150' title='bbox 771 2066 830 2121; x_wconf 86' lang='lat'><strong>168</strong></span> <span class='ocrx_word' id='word_1_151' title='bbox 853 2067 1033 2138; x_wconf 71' lang='lat' dir='ltr'><strong>(assei-casses</strong></span> <span class='ocrx_word' id='word_1_152' title='bbox 1056 2064 1211 2142; x_wconf 62' lang='lat' dir='ltr'><strong>tomitem),</strong></span> <span class='ocrx_word' id='word_1_153' title='bbox 1245 2085 1299 2142; x_wconf 90' lang='lat' dir='ltr'><strong>pro</strong></span> <span class='ocrx_word' id='word_1_154' title='bbox 1331 2065 1403 2125; x_wconf 77' lang='lat' dir='ltr'><strong>Sosi.</strong></span> 
     </span>
     <span class='ocr_line' id='line_1_19' title="bbox 332 2145 1402 2228; baseline 0.004 -22"><span class='ocrx_word' id='word_1_155' title='bbox 332 2149 371 2206; x_wconf 84' lang='lat'><strong>45</strong></span> <span class='ocrx_word' id='word_1_156' title='bbox 390 2151 554 2226; x_wconf 72' lang='lat' dir='ltr'><strong>(restitisses,</strong></span> <span class='ocrx_word' id='word_1_157' title='bbox 577 2170 763 2226; x_wconf 67' lang='lat' dir='ltr'><strong>repugnasses,</strong></span> <span class='ocrx_word' id='word_1_158' title='bbox 788 2183 828 2192; x_wconf 89' lang='lat'><strong>-—</strong></span> <span class='ocrx_word' id='word_1_159' title='bbox 850 2149 1007 2226; x_wconf 76' lang='lat' dir='ltr'><strong>appetisses)</strong></span> <span class='ocrx_word' id='word_1_160' title='bbox 1030 2160 1061 2207; x_wconf 87' lang='lat' dir='ltr'><strong>ct</strong></span> <span class='ocrx_word' id='word_1_161' title='bbox 1084 2151 1123 2206; x_wconf 81' lang='lat'><strong>54</strong></span> <span class='ocrx_word' id='word_1_162' title='bbox 1146 2145 1402 2228; x_wconf 73' lang='lat' dir='ltr'><strong>(cmriuiovereutur).</strong></span> 
     </span>
     <span class='ocr_line' id='line_1_20' title="bbox 331 2234 1401 2312; baseline -0.002 -20"><span class='ocrx_word' id='word_1_163' title='bbox 331 2254 385 2310; x_wconf 94' lang='lat' dir='ltr'><strong>pro</strong></span> <span class='ocrx_word' id='word_1_164' title='bbox 413 2234 496 2294; x_wconf 86' lang='lat' dir='ltr'><strong>Sulla</strong></span> <span class='ocrx_word' id='word_1_165' title='bbox 525 2235 564 2292; x_wconf 81' lang='lat'><strong>25</strong></span> <span class='ocrx_word' id='word_1_166' title='bbox 593 2238 624 2310; x_wconf 86' lang='lat' dir='ltr'><strong>(c</strong></span> <span class='ocrx_word' id='word_1_167' title='bbox 657 2237 794 2310; x_wconf 80' lang='lat' dir='ltr'><strong>Torquato</strong></span> <span class='ocrx_word' id='word_1_168' title='bbox 828 2245 913 2292; x_wconf 77' lang='lat' dir='ltr'><strong>tossen</strong></span> <span class='ocrx_word' id='word_1_169' title='bbox 941 2235 1091 2310; x_wconf 84' lang='lat' dir='ltr'><strong>sileretur),</strong></span> <span class='ocrx_word' id='word_1_170' title='bbox 1135 2236 1266 2312; x_wconf 86' lang='lat' dir='ltr'><strong>Philipp.</strong></span> <span class='ocrx_word' id='word_1_171' title='bbox 1299 2237 1342 2296; x_wconf 91' lang='lat' dir='ltr'><strong>II.</strong></span> <span class='ocrx_word' id='word_1_172' title='bbox 1366 2236 1401 2292; x_wconf 87' lang='grc'><strong>86</strong></span> 
     </span>
     <span class='ocr_line' id='line_1_21' title="bbox 330 2319 1402 2400; baseline 0.002 -23"><span class='ocrx_word' id='word_1_173' title='bbox 330 2319 476 2400; x_wconf 86' lang='lat' dir='ltr'><strong>(peteres),</strong></span> <span class='ocrx_word' id='word_1_174' title='bbox 511 2319 596 2380; x_wconf 86' lang='lat' dir='ltr'><strong>Offie.</strong></span> <span class='ocrx_word' id='word_1_175' title='bbox 620 2322 681 2383; x_wconf 85' lang='lat'><strong>111.</strong></span> <span class='ocrx_word' id='word_1_176' title='bbox 717 2322 757 2378; x_wconf 88' lang='grc'><strong>88</strong></span> <span class='ocrx_word' id='word_1_177' title='bbox 790 2319 893 2396; x_wconf 83' lang='lat' dir='ltr'><strong>(potius</strong></span> <span class='ocrx_word' id='word_1_178' title='bbox 920 2321 1045 2396; x_wconf 85' lang='lat' dir='ltr'><strong>diceret),</strong></span> <span class='ocrx_word' id='word_1_179' title='bbox 1080 2321 1144 2378; x_wconf 80' lang='lat' dir='ltr'><strong>Liv.</strong></span> <span class='ocrx_word' id='word_1_180' title='bbox 1172 2323 1274 2392; x_wconf 86' lang='lat' dir='ltr'><strong>XLV,</strong></span> <span class='ocrx_word' id='word_1_181' title='bbox 1299 2323 1354 2382; x_wconf 80' lang='lat'><strong>37.</strong></span> <span class='ocrx_word' id='word_1_182' title='bbox 1378 2323 1402 2379; x_wconf 80' lang='lat' dir='ltr'><strong>l.</strong></span> 
     </span>
     <span class='ocr_line' id='line_1_22' title="bbox 331 2407 1402 2483; baseline -0.001 -22"><span class='ocrx_word' id='word_1_183' title='bbox 331 2407 395 2482; x_wconf 83' lang='lat' dir='ltr'><strong>(nou</strong></span> <span class='ocrx_word' id='word_1_184' title='bbox 425 2408 586 2482; x_wconf 76' lang='lat' dir='ltr'><strong>tritinipbnm</strong></span> <span class='ocrx_word' id='word_1_185' title='bbox 609 2410 736 2483; x_wconf 83' lang='lat' dir='ltr'><strong>impedire</strong></span> <span class='ocrx_word' id='word_1_186' title='bbox 768 2409 870 2466; x_wconf 67' lang='lat' dir='ltr'><strong>sisinii.</strong></span> <span class='ocrx_word' id='word_1_187' title='bbox 900 2440 939 2448; x_wconf 89' lang='lat'>—</span> <span class='ocrx_word' id='word_1_188' title='bbox 967 2408 1016 2464; x_wconf 86' lang='lat' dir='ltr'><strong>sed</strong></span> <span class='ocrx_word' id='word_1_189' title='bbox 1040 2418 1147 2482; x_wconf 85' lang='lat' dir='ltr'><strong>postero</strong></span> <span class='ocrx_word' id='word_1_190' title='bbox 1174 2409 1217 2465; x_wconf 77' lang='lat' dir='ltr'><strong>ilie</strong></span> <span class='ocrx_word' id='word_1_191' title='bbox 1245 2441 1286 2449; x_wconf 96' lang='lat'><strong>—</strong></span> <span class='ocrx_word' id='word_1_192' title='bbox 1316 2425 1402 2464; x_wconf 72' lang='lat' dir='ltr'><strong>remites</strong></span> 
     </span>
     <span class='ocr_line' id='line_1_23' title="bbox 330 2489 1402 2573; baseline 0.002 -25"><span class='ocrx_word' id='word_1_193' title='bbox 330 2494 447 2565; x_wconf 73' lang='lat' dir='ltr'><strong>‹lesmet</strong></span> <span class='ocrx_word' id='word_1_194' title='bbox 468 2491 551 2570; x_wconf 76' lang='lat' dir='ltr'><strong>ete).</strong></span> <span class='ocrx_word' id='word_1_195' title='bbox 585 2493 720 2568; x_wconf 87' lang='lat' dir='ltr'><strong>Propert.</strong></span> <span class='ocrx_word' id='word_1_196' title='bbox 743 2493 789 2550; x_wconf 86' lang='lat' dir='ltr'><strong>lv</strong></span> <span class='ocrx_word' id='word_1_197' title='bbox 812 2490 883 2573; x_wconf 85' lang='lat' dir='ltr'><strong>(V),</strong></span> <span class='ocrx_word' id='word_1_198' title='bbox 914 2493 949 2562; x_wconf 83' lang='lat'><strong>7,</strong></span> <span class='ocrx_word' id='word_1_199' title='bbox 979 2493 1018 2548; x_wconf 79' lang='lat'><strong>29</strong></span> <span class='ocrx_word' id='word_1_200' title='bbox 1048 2503 1078 2549; x_wconf 90' lang='lat' dir='ltr'><strong>et</strong></span> <span class='ocrx_word' id='word_1_201' title='bbox 1112 2494 1150 2550; x_wconf 88' lang='lat'><strong>30</strong></span> <span class='ocrx_word' id='word_1_202' title='bbox 1185 2498 1228 2570; x_wconf 87' lang='lat' dir='ltr'><strong>(ot</strong></span> <span class='ocrx_word' id='word_1_203' title='bbox 1260 2489 1402 2566; x_wconf 82' lang='lat' dir='ltr'><strong>iussisses).</strong></span> 
     </span>
     <span class='ocr_line' id='line_1_24' title="bbox 334 2575 1402 2655; baseline -0.003 -21"><span class='ocrx_word' id='word_1_204' title='bbox 334 2579 453 2634; x_wconf 85' lang='lat' dir='ltr'><strong>Terent.</strong></span> <span class='ocrx_word' id='word_1_205' title='bbox 476 2577 570 2635; x_wconf 83' lang='lat' dir='ltr'><strong>Andr.</strong></span> <span class='ocrx_word' id='word_1_206' title='bbox 582 2579 636 2638; x_wconf 83' lang='lat' dir='ltr'><strong>IV.</strong></span> <span class='ocrx_word' id='word_1_207' title='bbox 650 2581 679 2650; x_wconf 82' lang='grc'><strong>4,</strong></span> <span class='ocrx_word' id='word_1_208' title='bbox 693 2580 733 2635; x_wconf 78' lang='grc'><strong>54</strong></span> <span class='ocrx_word' id='word_1_209' title='bbox 755 2577 960 2655; x_wconf 70' lang='lat' dir='ltr'><strong>(praedicares),</strong></span> <span class='ocrx_word' id='word_1_210' title='bbox 984 2579 1092 2654; x_wconf 86' lang='lat' dir='ltr'><strong>Hecyr.</strong></span> <span class='ocrx_word' id='word_1_211' title='bbox 1104 2579 1150 2648; x_wconf 95' lang='lat' dir='ltr'><strong>II,</strong></span> <span class='ocrx_word' id='word_1_212' title='bbox 1166 2581 1192 2649; x_wconf 92' lang='lat' dir='ltr'><strong>l,</strong></span> <span class='ocrx_word' id='word_1_213' title='bbox 1206 2579 1245 2635; x_wconf 94' lang='grc'><strong>33</strong></span> <span class='ocrx_word' id='word_1_214' title='bbox 1258 2575 1402 2655; x_wconf 80' lang='lat' dir='ltr'><strong>(curares).</strong></span> 
     </span>
     <span class='ocr_line' id='line_1_25' title="bbox 330 2661 1402 2741; baseline -0.001 -21"><span class='ocrx_word' id='word_1_215' title='bbox 330 2661 458 2741; x_wconf 87' lang='lat' dir='ltr'><strong>[Vergil.</strong></span> <span class='ocrx_word' id='word_1_216' title='bbox 481 2665 557 2720; x_wconf 81' lang='lat' dir='ltr'><strong>Aen.</strong></span> <span class='ocrx_word' id='word_1_217' title='bbox 577 2665 631 2721; x_wconf 91' lang='lat' dir='ltr'><strong>IV.</strong></span> <span class='ocrx_word' id='word_1_218' title='bbox 665 2665 743 2733; x_wconf 89' lang='grc'><strong>678,</strong></span> <span class='ocrx_word' id='word_1_219' title='bbox 772 2664 859 2734; x_wconf 89' lang='lat' dir='ltr'><strong>VIII,</strong></span> <span class='ocrx_word' id='word_1_220' title='bbox 884 2664 960 2729; x_wconf 83' lang='grc'><strong>643,</strong></span> <span class='ocrx_word' id='word_1_221' title='bbox 989 2663 1040 2720; x_wconf 90' lang='lat' dir='ltr'><strong>ubi</strong></span> <span class='ocrx_word' id='word_1_222' title='bbox 1068 2682 1157 2738; x_wconf 87' lang='lat' dir='ltr'><strong>prave</strong></span> <span class='ocrx_word' id='word_1_223' title='bbox 1190 2673 1329 2721; x_wconf 86' lang='lat' dir='ltr'><strong>enarrant</strong></span> <span class='ocrx_word' id='word_1_224' title='bbox 1355 2665 1402 2719; x_wconf 84' lang='lat' dir='ltr'><strong>eei·</strong></span> 
     </span>
     <span class='ocr_line' id='line_1_26' title="bbox 331 2749 1400 2824; baseline 0 -20"><span class='ocrx_word' id='word_1_225' title='bbox 331 2751 377 2818; x_wconf 88' lang='lat' dir='ltr'><strong>les,</strong></span> <span class='ocrx_word' id='word_1_226' title='bbox 400 2751 501 2809; x_wconf 76' lang='lat' dir='ltr'><strong>irrolles.</strong></span> <span class='ocrx_word' id='word_1_227' title='bbox 525 2749 612 2808; x_wconf 88' lang='lat' dir='ltr'><strong>Ovid.</strong></span> <span class='ocrx_word' id='word_1_228' title='bbox 635 2749 728 2824; x_wconf 84' lang='lat' dir='ltr'><strong>Epist.</strong></span> <span class='ocrx_word' id='word_1_229' title='bbox 752 2749 873 2806; x_wconf 89' lang='lat' dir='ltr'><strong>Heroid.</strong></span> <span class='ocrx_word' id='word_1_230' title='bbox 896 2750 936 2811; x_wconf 83' lang='lat' dir='ltr'><strong>X.</strong></span> <span class='ocrx_word' id='word_1_231' title='bbox 961 2751 1011 2809; x_wconf 80' lang='lat'><strong>77.</strong></span> <span class='ocrx_word' id='word_1_232' title='bbox 1035 2749 1108 2820; x_wconf 92' lang='lat' dir='ltr'><strong>XII,</strong></span> <span class='ocrx_word' id='word_1_233' title='bbox 1136 2751 1182 2820; x_wconf 92' lang='grc'><strong>15,</strong></span> <span class='ocrx_word' id='word_1_234' title='bbox 1206 2751 1275 2806; x_wconf 85' lang='lat' dir='ltr'><strong>Am.</strong></span> <span class='ocrx_word' id='word_1_235' title='bbox 1296 2751 1337 2812; x_wconf 85' lang='grc' dir='ltr'><strong>Π.</strong></span> <span class='ocrx_word' id='word_1_236' title='bbox 1360 2749 1400 2805; x_wconf 87' lang='grc'><strong>16.</strong></span> 
     </span>
     <span class='ocr_line' id='line_1_27' title="bbox 335 2833 1401 2912; baseline 0.005 -22"><span class='ocrx_word' id='word_1_237' title='bbox 335 2835 387 2904; x_wconf 83' lang='grc'><strong>17,</strong></span> <span class='ocrx_word' id='word_1_238' title='bbox 421 2835 480 2904; x_wconf 93' lang='lat' dir='ltr'><strong>III,</strong></span> <span class='ocrx_word' id='word_1_239' title='bbox 506 2836 553 2905; x_wconf 91' lang='grc'><strong>10,</strong></span> <span class='ocrx_word' id='word_1_240' title='bbox 583 2837 621 2890; x_wconf 76' lang='grc'><strong>43</strong></span> <span class='ocrx_word' id='word_1_241' title='bbox 646 2837 776 2909; x_wconf 78' lang='lat' dir='ltr'><strong>(optasset</strong></span> <span class='ocrx_word' id='word_1_242' title='bbox 798 2855 813 2892; x_wconf 90' lang='lat' dir='ltr'><strong>e</strong></span> <span class='ocrx_word' id='word_1_243' title='bbox 836 2833 1026 2912; x_wconf 87' lang='lat' dir='ltr'><strong>Puteaneo).]</strong></span> <span class='ocrx_word' id='word_1_244' title='bbox 1070 2835 1204 2892; x_wconf 87' lang='lat' dir='ltr'><strong>Iussivus</strong></span> <span class='ocrx_word' id='word_1_245' title='bbox 1226 2845 1271 2892; x_wconf 86' lang='lat' dir='ltr'><strong>est</strong></span> <span class='ocrx_word' id='word_1_246' title='bbox 1291 2835 1401 2895; x_wconf 73' lang='lat' dir='ltr'><strong>modus:</strong></span> 
     </span>
     <span class='ocr_line' id='line_1_28' title="bbox 330 2919 1400 2997; baseline 0.001 -21"><span class='ocrx_word' id='word_1_247' title='bbox 330 2920 429 2994; x_wconf 87' lang='lat' dir='ltr'><strong>itaqua</strong></span> <span class='ocrx_word' id='word_1_248' title='bbox 452 2919 482 2976; x_wconf 92' lang='lat' dir='ltr'><strong>in</strong></span> <span class='ocrx_word' id='word_1_249' title='bbox 504 2921 638 2996; x_wconf 87' lang='lat' dir='ltr'><strong>negando</strong></span> <span class='ocrx_word' id='word_1_250' title='bbox 660 2921 834 2987; x_wconf 83' lang='lat' dir='ltr'><strong>diciturne,</strong></span> <span class='ocrx_word' id='word_1_251' title='bbox 857 2929 890 2977; x_wconf 91' lang='lat' dir='ltr'><strong>ut</strong></span> <span class='ocrx_word' id='word_1_252' title='bbox 912 2920 949 2976; x_wconf 89' lang='lat' dir='ltr'><strong>ad</strong></span> <span class='ocrx_word' id='word_1_253' title='bbox 971 2921 1035 2977; x_wconf 82' lang='lat' dir='ltr'><strong>Att.</strong></span> <span class='ocrx_word' id='word_1_254' title='bbox 1058 2920 1100 2990; x_wconf 93' lang='lat' dir='ltr'><strong>II,</strong></span> <span class='ocrx_word' id='word_1_255' title='bbox 1127 2923 1152 2990; x_wconf 93' lang='lat' dir='ltr'><strong>l,</strong></span> <span class='ocrx_word' id='word_1_256' title='bbox 1183 2921 1201 2977; x_wconf 83' lang='lat'><strong>3</strong></span> <span class='ocrx_word' id='word_1_257' title='bbox 1224 2921 1286 2997; x_wconf 85' lang='lat' dir='ltr'><strong>(out</strong></span> <span class='ocrx_word' id='word_1_258' title='bbox 1308 2942 1339 2977; x_wconf 84' lang='lat' dir='ltr'><strong>ue</strong></span> <span class='ocrx_word' id='word_1_259' title='bbox 1356 2937 1400 2994; x_wconf 72' lang='lat' dir='ltr'><strong>po</strong></span> 
     </span>
     <span class='ocr_line' id='line_1_29' title="bbox 326 3004 1400 3082; baseline -0.003 -20"><span class='ocrx_word' id='word_1_260' title='bbox 326 3005 485 3080; x_wconf 84' lang='lat' dir='ltr'><strong>poscisses),</strong></span> <span class='ocrx_word' id='word_1_261' title='bbox 509 3005 538 3061; x_wconf 86' lang='lat' dir='ltr'><strong>in</strong></span> <span class='ocrx_word' id='word_1_262' title='bbox 562 3008 647 3063; x_wconf 81' lang='lat' dir='ltr'><strong>Verr.</strong></span> <span class='ocrx_word' id='word_1_263' title='bbox 671 3007 735 3066; x_wconf 90' lang='lat' dir='ltr'><strong>III.</strong></span> <span class='ocrx_word' id='word_1_264' title='bbox 770 3007 828 3063; x_wconf 86' lang='grc'><strong>195</strong></span> <span class='ocrx_word' id='word_1_265' title='bbox 853 3007 897 3082; x_wconf 83' lang='lat' dir='ltr'><strong>(ne</strong></span> <span class='ocrx_word' id='word_1_266' title='bbox 919 3004 1049 3081; x_wconf 69' lang='lat' dir='ltr'><strong>musas).</strong></span> <span class='ocrx_word' id='word_1_267' title='bbox 1094 3005 1154 3065; x_wconf 87' lang='lat' dir='ltr'><strong>Sed</strong></span> <span class='ocrx_word' id='word_1_268' title='bbox 1180 3015 1273 3063; x_wconf 86' lang='lat' dir='ltr'><strong>restat</strong></span> <span class='ocrx_word' id='word_1_269' title='bbox 1299 3007 1343 3072; x_wconf 90' lang='lat' dir='ltr'><strong>id,</strong></span> <span class='ocrx_word' id='word_1_270' title='bbox 1375 3005 1400 3060; x_wconf 91' lang='lat' dir='ltr'><strong>in</strong></span> 
     </span>
     <span class='ocr_line' id='line_1_30' title="bbox 330 3089 1400 3167; baseline -0.006 -19"><span class='ocrx_word' id='word_1_271' title='bbox 330 3109 389 3166; x_wconf 91' lang='lat' dir='ltr'><strong>quo</strong></span> <span class='ocrx_word' id='word_1_272' title='bbox 411 3109 470 3148; x_wconf 88' lang='lat' dir='ltr'><strong>uno</strong></span> <span class='ocrx_word' id='word_1_273' title='bbox 493 3091 651 3149; x_wconf 89' lang='lat' dir='ltr'><strong>haeserunt</strong></span> <span class='ocrx_word' id='word_1_274' title='bbox 673 3091 809 3163; x_wconf 87' lang='lat' dir='ltr'><strong>editores,</strong></span> <span class='ocrx_word' id='word_1_275' title='bbox 832 3109 897 3147; x_wconf 93' lang='lat' dir='ltr'><strong>cum</strong></span> <span class='ocrx_word' id='word_1_276' title='bbox 921 3091 963 3148; x_wconf 91' lang='lat' dir='ltr'><strong>sic</strong></span> <span class='ocrx_word' id='word_1_277' title='bbox 985 3089 1176 3148; x_wconf 86' lang='lat' dir='ltr'><strong>scriberetur:</strong></span> <span class='ocrx_word' id='word_1_278' title='bbox 1198 3102 1227 3148; x_wconf 85' lang='lat' dir='ltr'><strong>nt</strong></span> <span class='ocrx_word' id='word_1_279' title='bbox 1248 3095 1400 3167; x_wconf 66' lang='lat' dir='ltr'><strong>volimtoton</strong></span> 
     </span>
     <span class='ocr_line' id='line_1_31' title="bbox 331 3175 1400 3253; baseline -0.002 -21"><span class='ocrx_word' id='word_1_280' title='bbox 331 3179 405 3232; x_wconf 81' lang='lat' dir='ltr'><strong>illam</strong></span> <span class='ocrx_word' id='word_1_281' title='bbox 428 3177 564 3252; x_wconf 66' lang='lat' dir='ltr'><strong>Aristippi</strong></span> <span class='ocrx_word' id='word_1_282' title='bbox 584 3187 638 3234; x_wconf 84' lang='lat' dir='ltr'><strong>etc.</strong></span> <span class='ocrx_word' id='word_1_283' title='bbox 683 3179 828 3253; x_wconf 81' lang='lat' dir='ltr'><strong>Apertum</strong></span> <span class='ocrx_word' id='word_1_284' title='bbox 852 3187 896 3233; x_wconf 88' lang='lat' dir='ltr'><strong>est</strong></span> <span class='ocrx_word' id='word_1_285' title='bbox 918 3176 1005 3246; x_wconf 89' lang='lat' dir='ltr'><strong>enim,</strong></span> <span class='ocrx_word' id='word_1_286' title='bbox 1029 3195 1086 3234; x_wconf 92' lang='lat' dir='ltr'><strong>non</strong></span> <span class='ocrx_word' id='word_1_287' title='bbox 1109 3177 1139 3233; x_wconf 92' lang='lat' dir='ltr'><strong>id</strong></span> <span class='ocrx_word' id='word_1_288' title='bbox 1162 3175 1312 3253; x_wconf 85' lang='lat' dir='ltr'><strong>postulare</strong></span> <span class='ocrx_word' id='word_1_289' title='bbox 1325 3177 1400 3235; x_wconf 89' lang='lat' dir='ltr'><strong>Cice·</strong></span> 
     </span>
     <span class='ocr_line' id='line_1_32' title="bbox 333 3261 1401 3340; baseline -0.001 -22"><span class='ocrx_word' id='word_1_290' title='bbox 333 3280 444 3333; x_wconf 89' lang='lat' dir='ltr'><strong>ronam,</strong></span> <span class='ocrx_word' id='word_1_291' title='bbox 467 3271 500 3319; x_wconf 90' lang='lat' dir='ltr'><strong>ut</strong></span> <span class='ocrx_word' id='word_1_292' title='bbox 511 3262 686 3340; x_wconf 86' lang='lat' dir='ltr'><strong>Hieronymi</strong></span> <span class='ocrx_word' id='word_1_293' title='bbox 704 3263 850 3320; x_wconf 88' lang='lat' dir='ltr'><strong>sententia</strong></span> <span class='ocrx_word' id='word_1_294' title='bbox 866 3280 931 3318; x_wconf 90' lang='lat' dir='ltr'><strong>cum</strong></span> <span class='ocrx_word' id='word_1_295' title='bbox 943 3261 1091 3338; x_wconf 85' lang='lat' dir='ltr'><strong>Aristippi</strong></span> <span class='ocrx_word' id='word_1_296' title='bbox 1114 3262 1261 3319; x_wconf 89' lang='lat' dir='ltr'><strong>contraria</strong></span> <span class='ocrx_word' id='word_1_297' title='bbox 1288 3262 1401 3319; x_wconf 89' lang='lat' dir='ltr'><strong>coniun-</strong></span> 
     </span>
     <span class='ocr_line' id='line_1_33' title="bbox 331 3347 1400 3424; baseline -0.003 -21"><span class='ocrx_word' id='word_1_298' title='bbox 331 3357 427 3424; x_wconf 83' lang='lat' dir='ltr'><strong>gatur,</strong></span> <span class='ocrx_word' id='word_1_299' title='bbox 451 3347 502 3404; x_wconf 88' lang='lat' dir='ltr'><strong>sed</strong></span> <span class='ocrx_word' id='word_1_300' title='bbox 524 3357 557 3404; x_wconf 90' lang='lat' dir='ltr'><strong>ut</strong></span> <span class='ocrx_word' id='word_1_301' title='bbox 573 3347 602 3405; x_wconf 90' lang='lat' dir='ltr'><strong>in</strong></span> <span class='ocrx_word' id='word_1_302' title='bbox 615 3349 788 3424; x_wconf 88' lang='lat' dir='ltr'><strong>Hieronymi</strong></span> <span class='ocrx_word' id='word_1_303' title='bbox 800 3357 956 3424; x_wconf 81' lang='lat' dir='ltr'><strong>perstatur.</strong></span> <span class='ocrx_word' id='word_1_304' title='bbox 989 3348 1093 3422; x_wconf 87' lang='lat' dir='ltr'><strong>Itaque</strong></span> <span class='ocrx_word' id='word_1_305' title='bbox 1106 3367 1122 3404; x_wconf 91' lang='lat' dir='ltr'><strong>e</strong></span> <span class='ocrx_word' id='word_1_306' title='bbox 1134 3348 1198 3405; x_wconf 91' lang='lat' dir='ltr'><strong>cod.</strong></span> <span class='ocrx_word' id='word_1_307' title='bbox 1211 3348 1256 3405; x_wconf 87' lang='lat' dir='ltr'><strong>El.</strong></span> <span class='ocrx_word' id='word_1_308' title='bbox 1270 3349 1287 3404; x_wconf 81' lang='grc'><strong>2</strong></span> <span class='ocrx_word' id='word_1_309' title='bbox 1300 3347 1400 3422; x_wconf 73' lang='lat' dir='ltr'><strong>(fuitne</strong></span> 
     </span>
     <span class='ocr_line' id='line_1_34' title="bbox 332 3431 1401 3510; baseline -0.002 -22"><span class='ocrx_word' id='word_1_310' title='bbox 332 3433 430 3508; x_wconf 89' lang='lat' dir='ltr'><strong>potius</strong></span> <span class='ocrx_word' id='word_1_311' title='bbox 457 3431 507 3510; x_wconf 75' lang='grc'><strong>11)</strong></span> <span class='ocrx_word' id='word_1_312' title='bbox 530 3433 671 3490; x_wconf 86' lang='lat' dir='ltr'><strong>Davisius</strong></span> <span class='ocrx_word' id='word_1_313' title='bbox 688 3445 717 3490; x_wconf 86' lang='lat' dir='ltr'><strong>et</strong></span> <span class='ocrx_word' id='word_1_314' title='bbox 728 3434 915 3497; x_wconf 88' lang='lat' dir='ltr'><strong>recentiores,</strong></span> <span class='ocrx_word' id='word_1_315' title='bbox 938 3441 1063 3508; x_wconf 86' lang='lat' dir='ltr'><strong>excepto</strong></span> <span class='ocrx_word' id='word_1_316' title='bbox 1075 3432 1240 3494; x_wconf 84' lang='lat' dir='ltr'><strong>Schuetzio.</strong></span> <span class='ocrx_word' id='word_1_317' title='bbox 1263 3433 1401 3490; x_wconf 86' lang='lat' dir='ltr'><strong>scribunt:</strong></span> 
     </span>
     <span class='ocr_line' id='line_1_35' title="bbox 332 3517 1401 3594; baseline -0.002 -20"><span class='ocrx_word' id='word_1_318' title='bbox 332 3521 492 3593; x_wconf 83' lang='lat' dir='ltr'><strong>uoluptatem</strong></span> <span class='ocrx_word' id='word_1_319' title='bbox 514 3521 600 3574; x_wconf 74' lang='lat' dir='ltr'><strong>illato.</strong></span> <span class='ocrx_word' id='word_1_320' title='bbox 636 3540 685 3575; x_wconf 80' lang='lat' dir='ltr'><strong>riou</strong></span> <span class='ocrx_word' id='word_1_321' title='bbox 709 3519 858 3594; x_wconf 72' lang='lat' dir='ltr'><strong>Aristippi,</strong></span> <span class='ocrx_word' id='word_1_322' title='bbox 889 3529 942 3575; x_wconf 88' lang='lat' dir='ltr'><strong>etc.</strong></span> <span class='ocrx_word' id='word_1_323' title='bbox 996 3517 1071 3576; x_wconf 90' lang='lat' dir='ltr'><strong>Mihi</strong></span> <span class='ocrx_word' id='word_1_324' title='bbox 1106 3519 1197 3576; x_wconf 86' lang='lat' dir='ltr'><strong>multo</strong></span> <span class='ocrx_word' id='word_1_325' title='bbox 1225 3517 1401 3594; x_wconf 86' lang='lat' dir='ltr'><strong>probabilius</strong></span> 
     </span>
     <span class='ocr_line' id='line_1_36' title="bbox 332 3603 1400 3680; baseline 0.001 -20"><span class='ocrx_word' id='word_1_326' title='bbox 332 3604 428 3661; x_wconf 88' lang='lat' dir='ltr'><strong>visum</strong></span> <span class='ocrx_word' id='word_1_327' title='bbox 451 3613 504 3672; x_wconf 90' lang='lat' dir='ltr'><strong>est,</strong></span> <span class='ocrx_word' id='word_1_328' title='bbox 529 3605 663 3680; x_wconf 78' lang='lat' dir='ltr'><strong>Aristippi</strong></span> <span class='ocrx_word' id='word_1_329' title='bbox 683 3623 853 3680; x_wconf 83' lang='lat' dir='ltr'><strong>perversum</strong></span> <span class='ocrx_word' id='word_1_330' title='bbox 876 3623 940 3661; x_wconf 87' lang='lat' dir='ltr'><strong>asse</strong></span> <span class='ocrx_word' id='word_1_331' title='bbox 963 3603 1193 3661; x_wconf 89' lang='lat' dir='ltr'><strong>additamentum</strong></span> <span class='ocrx_word' id='word_1_332' title='bbox 1205 3604 1319 3661; x_wconf 90' lang='lat' dir='ltr'><strong>librarii</strong></span> <span class='ocrx_word' id='word_1_333' title='bbox 1335 3605 1400 3660; x_wconf 72' lang='lat' dir='ltr'><strong>ilion</strong></span> 
     </span>
     <span class='ocr_line' id='line_1_37' title="bbox 333 3688 1401 3760; baseline -0.005 -13"><span class='ocrx_word' id='word_1_334' title='bbox 333 3688 443 3747; x_wconf 86' lang='lat' dir='ltr'><strong>infelici</strong></span> <span class='ocrx_word' id='word_1_335' title='bbox 472 3701 578 3748; x_wconf 87' lang='lat' dir='ltr'><strong>conatu</strong></span> <span class='ocrx_word' id='word_1_336' title='bbox 607 3691 780 3746; x_wconf 83' lang='lat' dir='ltr'><strong>definientis.</strong></span> <span class='ocrx_word' id='word_1_337' title='bbox 829 3689 975 3748; x_wconf 85' lang='lat' dir='ltr'><strong>Viderant</strong></span> <span class='ocrx_word' id='word_1_338' title='bbox 1002 3689 1079 3746; x_wconf 91' lang='lat' dir='ltr'><strong>idem</strong></span> <span class='ocrx_word' id='word_1_339' title='bbox 1108 3690 1240 3760; x_wconf 87' lang='lat' dir='ltr'><strong>Marsus,</strong></span> <span class='ocrx_word' id='word_1_340' title='bbox 1271 3689 1401 3754; x_wconf 85' lang='lat' dir='ltr'><strong>Ursinus,</strong></span> 
     </span>
     <span class='ocr_line' id='line_1_38' title="bbox 335 3773 1400 3852; baseline -0.005 -18"><span class='ocrx_word' id='word_1_341' title='bbox 335 3775 516 3834; x_wconf 85' lang='lat' dir='ltr'><strong>Schuetzius.</strong></span> <span class='ocrx_word' id='word_1_342' title='bbox 544 3777 609 3833; x_wconf 91' lang='lat' dir='ltr'><strong>Hoc</strong></span> <span class='ocrx_word' id='word_1_343' title='bbox 632 3795 721 3832; x_wconf 92' lang='lat' dir='ltr'><strong>unum</strong></span> <span class='ocrx_word' id='word_1_344' title='bbox 744 3775 918 3842; x_wconf 86' lang='lat' dir='ltr'><strong>addendum,</strong></span> <span class='ocrx_word' id='word_1_345' title='bbox 941 3793 978 3832; x_wconf 91' lang='lat' dir='ltr'><strong>ne</strong></span> <span class='ocrx_word' id='word_1_346' title='bbox 1000 3773 1111 3832; x_wconf 87' lang='lat' dir='ltr'><strong>frustra</strong></span> <span class='ocrx_word' id='word_1_347' title='bbox 1121 3775 1272 3832; x_wconf 86' lang='lat' dir='ltr'><strong>laboretur</strong></span> <span class='ocrx_word' id='word_1_348' title='bbox 1283 3785 1313 3832; x_wconf 91' lang='lat' dir='ltr'><strong>et</strong></span> <span class='ocrx_word' id='word_1_349' title='bbox 1325 3775 1400 3852; x_wconf 86' lang='lat' dir='ltr'><strong>plura</strong></span> 
     </span>
     <span class='ocr_line' id='line_1_39' title="bbox 335 3860 1400 3937; baseline 0.002 -20"><span class='ocrx_word' id='word_1_350' title='bbox 335 3860 505 3930; x_wconf 89' lang='lat' dir='ltr'><strong>turbentur,</strong></span> <span class='ocrx_word' id='word_1_351' title='bbox 540 3861 731 3937; x_wconf 84' lang='lat' dir='ltr'><strong>tautologiam</strong></span> <span class='ocrx_word' id='word_1_352' title='bbox 760 3861 840 3918; x_wconf 91' lang='lat' dir='ltr'><strong>illam</strong></span> <span class='ocrx_word' id='word_1_353' title='bbox 863 3861 937 3918; x_wconf 88' lang='lat' dir='ltr'><strong>adeo</strong></span> <span class='ocrx_word' id='word_1_354' title='bbox 959 3879 1023 3918; x_wconf 90' lang='lat' dir='ltr'><strong>esse</strong></span> <span class='ocrx_word' id='word_1_355' title='bbox 1045 3861 1164 3918; x_wconf 88' lang='lat' dir='ltr'><strong>insitam</strong></span> <span class='ocrx_word' id='word_1_356' title='bbox 1187 3871 1217 3918; x_wconf 89' lang='lat' dir='ltr'><strong>et</strong></span> <span class='ocrx_word' id='word_1_357' title='bbox 1238 3877 1400 3936; x_wconf 77' lang='lat' dir='ltr'><strong>expressam</strong></span> 
     </span>
     <span class='ocr_line' id='line_1_40' title="bbox 334 3945 1400 4024; baseline -0.001 -20"><span class='ocrx_word' id='word_1_358' title='bbox 334 3947 365 4004; x_wconf 90' lang='lat' dir='ltr'><strong>in</strong></span> <span class='ocrx_word' id='word_1_359' title='bbox 388 3947 501 4004; x_wconf 86' lang='lat' dir='ltr'><strong>verbis:</strong></span> <span class='ocrx_word' id='word_1_360' title='bbox 524 3951 565 4003; x_wconf 75' lang='lat' dir='ltr'><strong>siit</strong></span> <span class='ocrx_word' id='word_1_361' title='bbox 587 3965 645 4004; x_wconf 85' lang='lat' dir='ltr'><strong>eom</strong></span> <span class='ocrx_word' id='word_1_362' title='bbox 668 3947 758 4024; x_wconf 88' lang='lat' dir='ltr'><strong>(dixit</strong></span> <span class='ocrx_word' id='word_1_363' title='bbox 778 3947 808 4004; x_wconf 88' lang='lat' dir='ltr'><strong>in</strong></span> <span class='ocrx_word' id='word_1_364' title='bbox 831 3946 927 4022; x_wconf 89' lang='lat' dir='ltr'><strong>prima</strong></span> <span class='ocrx_word' id='word_1_365' title='bbox 943 3945 1219 4022; x_wconf 89' lang='lat' dir='ltr'><strong>commendatione),</strong></span> <span class='ocrx_word' id='word_1_366' title='bbox 1242 3966 1324 4022; x_wconf 82' lang='lat' dir='ltr'><strong>quom</strong></span> <span class='ocrx_word' id='word_1_367' title='bbox 1344 3945 1400 4003; x_wconf 74' lang='lat' dir='ltr'><strong>lus-</strong></span> 
     </span>
     <span class='ocr_line' id='line_1_41' title="bbox 335 4029 1400 4108; baseline -0.001 -20"><span class='ocrx_word' id='word_1_368' title='bbox 335 4051 460 4107; x_wconf 73' lang='lat' dir='ltr'><strong>ronymus</strong></span> <span class='ocrx_word' id='word_1_369' title='bbox 483 4041 528 4089; x_wconf 89' lang='lat' dir='ltr'><strong>et:</strong></span> <span class='ocrx_word' id='word_1_370' title='bbox 550 4035 578 4089; x_wconf 84' lang='lat' dir='ltr'><strong>in</strong></span> <span class='ocrx_word' id='word_1_371' title='bbox 595 4035 688 4108; x_wconf 84' lang='lat' dir='ltr'><strong>primo</strong></span> <span class='ocrx_word' id='word_1_372' title='bbox 710 4033 930 4090; x_wconf 67' lang='lat' dir='ltr'><strong>commmunione</strong></span> <span class='ocrx_word' id='word_1_373' title='bbox 948 4042 1072 4106; x_wconf 84' lang='lat' dir='ltr'><strong>poneret,</strong></span> <span class='ocrx_word' id='word_1_374' title='bbox 1095 4041 1129 4090; x_wconf 89' lang='lat' dir='ltr'><strong>ut</strong></span> <span class='ocrx_word' id='word_1_375' title='bbox 1150 4032 1232 4089; x_wconf 90' lang='lat' dir='ltr'><strong>nulla</strong></span> <span class='ocrx_word' id='word_1_376' title='bbox 1253 4049 1319 4089; x_wconf 85' lang='lat' dir='ltr'><strong>eam</strong></span> <span class='ocrx_word' id='word_1_377' title='bbox 1342 4029 1400 4088; x_wconf 88' lang='lat' dir='ltr'><strong>roli-</strong></span> 
     </span>
     <span class='ocr_line' id='line_1_42' title="bbox 334 4117 941 4194; baseline -0.002 -20"><span class='ocrx_word' id='word_1_378' title='bbox 334 4136 459 4192; x_wconf 92' lang='lat' dir='ltr'><strong>quorum</strong></span> <span class='ocrx_word' id='word_1_379' title='bbox 481 4117 639 4176; x_wconf 86' lang='lat' dir='ltr'><strong>verborum</strong></span> <span class='ocrx_word' id='word_1_380' title='bbox 661 4119 785 4176; x_wconf 85' lang='lat' dir='ltr'><strong>mutatio</strong></span> <span class='ocrx_word' id='word_1_381' title='bbox 807 4117 941 4194; x_wconf 84' lang='lat' dir='ltr'><strong>attingat.</strong></span> 
     </span>
    </p>

    <p class='ocr_par' dir='ltr' id='par_1_4' title="bbox 337 4199 1400 4366">
     <span class='ocr_line' id='line_1_43' title="bbox 423 4199 1400 4280; baseline -0.005 -19"><span class='ocrx_word' id='word_1_382' title='bbox 423 4203 472 4261; x_wconf 91' lang='grc'><strong>36.</strong></span> <span class='ocrx_word' id='word_1_383' title='bbox 506 4203 580 4261; x_wconf 86' lang='lat' dir='ltr'><strong>Nom</strong></span> <span class='ocrx_word' id='word_1_384' title='bbox 601 4205 676 4279; x_wconf 85' lang='lat' dir='ltr'><strong>quod</strong></span> <span class='ocrx_word' id='word_1_385' title='bbox 696 4203 748 4280; x_wconf 86' lang='lat' dir='ltr'><strong>ait)</strong></span> <span class='ocrx_word' id='word_1_386' title='bbox 770 4203 889 4262; x_wconf 85' lang='lat' dir='ltr'><strong>Novum</strong></span> <span class='ocrx_word' id='word_1_387' title='bbox 917 4201 997 4278; x_wconf 89' lang='lat' dir='ltr'><strong>capit</strong></span> <span class='ocrx_word' id='word_1_388' title='bbox 1018 4203 1143 4272; x_wconf 88' lang='lat' dir='ltr'><strong>initium,</strong></span> <span class='ocrx_word' id='word_1_389' title='bbox 1167 4221 1304 4260; x_wconf 88' lang='lat' dir='ltr'><strong>sensuum</strong></span> <span class='ocrx_word' id='word_1_390' title='bbox 1328 4199 1400 4260; x_wconf 83' lang='lat' dir='ltr'><strong>teeti·</strong></span> 
     </span>
     <span class='ocr_line' id='line_1_44' title="bbox 337 4287 1188 4366; baseline 0 -22"><span class='ocrx_word' id='word_1_391' title='bbox 337 4287 475 4358; x_wconf 88' lang='lat' dir='ltr'><strong>monium,</strong></span> <span class='ocrx_word' id='word_1_392' title='bbox 499 4307 557 4363; x_wconf 91' lang='lat' dir='ltr'><strong>quo</strong></span> <span class='ocrx_word' id='word_1_393' title='bbox 580 4289 726 4366; x_wconf 85' lang='lat' dir='ltr'><strong>Epicurus</strong></span> <span class='ocrx_word' id='word_1_394' title='bbox 748 4289 886 4347; x_wconf 82' lang='lat' dir='ltr'><strong>utebatur</strong></span> <span class='ocrx_word' id='word_1_395' title='bbox 908 4289 947 4364; x_wconf 94' lang='lat' dir='ltr'><strong>(I,</strong></span> <span class='ocrx_word' id='word_1_396' title='bbox 972 4289 1033 4362; x_wconf 83' lang='lat'><strong>30),</strong></span> <span class='ocrx_word' id='word_1_397' title='bbox 1056 4287 1188 4345; x_wconf 88' lang='lat' dir='ltr'><strong>reicians.</strong></span> 
     </span>
    </p>
   </div>
   <div class='ocr_carea' id='block_1_4' title="bbox 0 0 1479 5020">
    <p class='ocr_par' dir='ltr' id='par_1_5' title="bbox 0 0 1479 5020">
     <span class='ocr_line' id='line_1_45' title="bbox 0 0 1479 5020; baseline 0 0"><span class='ocrx_word' id='word_1_398' title='bbox 0 0 1479 5020; x_wconf 95' lang='lat' dir='ltr'><strong> </strong></span> 
     </span>
    </p>
   </div>
  </div>
 </body>
</html>
