3018 5052
409 427 453 472 ur
475 427 554 474 usa.
578 427 639 472 uns.
663 427 695 474 iv
719 427 790 473 car.
810 429 833 472 a.
1084 407 1149 472 489

84 596 209 677 scripsit
230 601 328 660 armm
350 596 534 662 rhetoricam
556 594 729 673 Cleanthes,
752 595 944 676 Chrysippus
966 594 1072 673 etiem,
1094 594 1151 659 sed

83 699 135 776 sic,
159 705 203 777 ut,
225 697 252 762 si
274 697 344 779 quis
371 698 581 763 obmutescere
608 696 811 778 concupierit,
833 697 907 762 nihil
934 696 1019 762 aliud
1046 696 1151 778 legere

83 800 203 865 debeat.
258 800 367 882 ltaque
404 800 504 879 vides,
536 800 691 881 quomodo
717 799 891 880 loquantur.
939 799 1028 864 Nova
1055 798 1151 864 verba

83 900 213 984 lingunt,
235 903 384 968 deserunt
404 903 527 967 usitata
571 905 613 966 At
634 908 751 983 quanta
773 901 937 966 conantiul
950 937 987 949 —
1001 900 1152 966 Mundum

155 1088 332 1208 zrgpr'eritli
379 1089 536 1156 concupt'etC
583 1078 983 1155 &qualequcqadloqnli
1029 1087 1152 1140 ⁴.outld

85 1169 185 1209 conatur
231 1173 250 1207 r.

85 1318 145 1373 cies
168 1315 285 1381 existat,
309 1314 390 1372 cuius
413 1314 579 1391 exemplum
602 1333 721 1390 prorsus
743 1314 838 1372 simile
860 1333 919 1372 non
940 1314 1065 1390 reperio.
1098 1313 1152 1371 Ra·

86 1405 205 1476 linquere
227 1401 329 1458 eadem
352 1401 564 1476 significatione
576 1401 694 1477 ponitur
715 1399 793 1458 iufra
804 1405 820 1471 ξ
833 1400 860 1472 9,
882 1401 908 1472 1,
924 1400 1110 1476 18,Legg.1,
1125 1401 1153 1456 6.

86 1487 195 1566 (Gzius
218 1495 248 1544 et
269 1487 340 1546 Otto
363 1495 468 1562 putant
490 1497 571 1544 totum
590 1505 674 1560 petrns
696 1486 823 1562 pendere
845 1486 970 1562 abipso
992 1486 1083 1544 verbo
1101 1504 1153 1560 po-

87 1583 200 1630 tnerunt.
245 1571 364 1632 Scilicet
385 1571 492 1629 dicitur
513 1574 631 1644 insultum,
655 1573 721 1628 nihil
736 1591 865 1648 possons3
887 1570 989 1647 quidni
1000 1571 1088 1628 etiam
1105 1571 1154 1628 loc

85 1678 169 1733 penses
191 1677 369 1734 neuportum,
392 1657 422 1714 id
444 1667 497 1728 est,
520 1666 647 1714 tractare
669 1676 728 1715 uon
749 1653 904 1734 pessumi)
926 1658 973 1714 De
995 1655 1153 1734 Chrysippi

87 1754 150 1801 arte
172 1743 318 1800 rhetorica
339 1741 391 1800 cfr.
414 1743 450 1800 de
472 1742 555 1802 Orat.
576 1743 602 1814 I,
626 1743 676 1800 to.

174 1830 211 1884 At
232 1839 334 1903 quanta
356 1839 485 1886 conantur
507 1827 575 1904 cet.)
598 1829 730 1886 Primum
752 1827 888 1884 universe
907 1826 1011 1887 Cicero
1033 1826 1154 1898 ironice,

89 1923 199 1990 quanta
221 1932 365 1988 quamque
388 1913 542 1990 magnifica
553 1913 646 1974 Stoici
666 1913 783 1972 dicendi
799 1922 971 1989 argumenta
983 1911 1153 1988 suscipiant,

89 2001 258 2058 admiratur.
301 1999 416 2057 Deinde
438 2018 526 2058 unam
549 2000 677 2075 aliquam
699 1999 865 2058 huiusmodi
887 1998 1070 2074 splendidam
1092 2016 1153 2054 ma-

90 2086 193 2143 teriam
215 2085 343 2160 exempli
370 2085 435 2142 loco
464 2087 555 2164 ponit.
605 2085 651 2142 Ee
676 2085 773 2161 posita
800 2085 926 2142 obicitur
953 2084 1051 2141 animo
1078 2101 1154 2142 unus

89 2170 195 2246 aliquis
218 2171 335 2230 Stoicus
357 2169 392 2227 de
414 2171 466 2228 tali
488 2171 612 2228 materia
632 2171 746 2241 dicens;
776 2171 875 2245 itaque
902 2169 939 2227 de
965 2169 1022 2227 hoc
1048 2167 1156 2226 dicitur

91 2258 217 2326 inscendit,
257 2257 392 2322 incendat,
421 2259 568 2330 readnqnet.
623 2257 692 2313 Nou
719 2265 797 2313 recte
825 2255 940 2312 Davisii
967 2253 1155 2328 Ernestiique

91 2341 263 2399 sententiam
290 2351 320 2398 et
341 2341 410 2398 edit.
432 2361 458 2398 a.
480 2344 563 2399 1480
591 2359 716 2416 sequeus
738 2341 866 2401 Orellius
893 2340 1011 2417 scripsit
1035 2349 1155 2411 coramr,

93 2439 122 2485 ut
144 2428 225 2486 Zeno
247 2427 441 2504 significetur,
477 2447 563 2502 quern
586 2425 690 2487 Cicero
718 2446 736 2484 a
763 2427 867 2485 ceteris
895 2445 954 2483 non
981 2424 1156 2502 segregavit.

94 2515 217 2570 Prorsus
239 2513 404 2570 necessario
426 2513 478 2570 illa
500 2513 655 2570 admiratio
677 2523 707 2570 et
729 2501 859 2587 aitque,
879 2530 955 2587 quac
977 2511 1158 2588 significatur

94 2599 236 2674 particula
257 2609 294 2666 ot,
318 2599 348 2655 in
370 2598 473 2656 iisdem
495 2599 629 2674 personis
652 2617 769 2656 manere
791 2597 886 2668 debet,
909 2597 945 2654 de
967 2615 1091 2671 quorum
1114 2596 1157 2653 di·

94 2683 174 2742 cendi
195 2683 291 2741 forma
313 2684 448 2759 proxima
469 2685 622 2759 superiora
638 2684 774 2742 dicuntur
790 2681 956 2762 (loquuntur,
972 2685 1088 2757 fingunt,
1111 2683 1157 2739 dc-

94 2769 203 2844 sernnt).
227 2769 383 2826 Transitus
404 2769 455 2827 illa
476 2770 551 2826 alter
572 2789 610 2826 ex
633 2789 667 2826 eo
689 2778 736 2826 est
756 2787 873 2846 genere,
896 2769 931 2825 de
944 2768 1103 2843 quoadII,
1117 2767 1156 2824 22

95 2855 162 2924 dixi,
180 2855 373 2928 similiterque
390 2865 457 2930 post
478 2875 530 2926 cos,
553 2859 602 2930 qui
621 2857 735 2912 andiunt
756 2854 898 2912 subicitur
919 2857 1063 2912 ardentem.
1098 2851 1158 2912 Sed

95 2939 195 2998 deinde
217 2939 404 2998 manifestum
427 2949 487 3010 est,
520 2940 551 2997 in
572 2941 706 2998 codicum
723 2941 868 3016 scriptura
889 2939 1099 2998 sententiarum
1111 2957 1158 2995 or-

95 3025 188 3082 dinem
210 3043 269 3084 uon
290 3026 554 3101 recteprocedere3
577 3027 629 3084 illa
651 3027 742 3098 enim,
771 3045 846 3100 quae
868 3026 906 3083 ad
927 3024 1158 3102 magnitudinem

95 3112 134 3168 rei
155 3111 318 3188 aagendam
335 3111 590 3187 pertinent(oides,
613 3122 742 3187 quantam
763 3131 819 3168 rem
841 3109 919 3190 cet),
948 3110 1041 3168 subici
1057 3127 1158 3166 neces·

97 3197 170 3254 sario
191 3197 300 3254 debent
321 3197 378 3272 ipsi
400 3197 443 3253 rei
466 3197 672 3255 declarationi:
695 3199 829 3254 rmtndnm
844 3231 875 3240 -
902 3207 1031 3267 nostrum,
1055 3203 1084 3252 et
1095 3203 1158 3253 tum

96 3281 207 3339 demum
230 3281 307 3352 addi,
331 3281 460 3355 quidex
483 3301 518 3340 eo
541 3283 679 3357 consequi
701 3282 850 3340 videatur:
873 3283 994 3340 Incendit
1009 3285 1090 3356 igitur
1103 3289 1158 3338 cet.

96 3367 206 3424 Deinde
228 3368 301 3424 haec
324 3367 481 3424 vehemens
502 3368 634 3444 negatio:
661 3368 752 3437 Quid!
772 3371 816 3424 ille
831 3370 972 3426 incendat?
993 3366 1159 3425 necessario

97 3452 185 3509 subici
207 3453 295 3510 debet
316 3451 513 3510 affirmationi.
557 3455 662 3528 Itaque
684 3453 951 3511 iureDavisius'et
968 3452 1158 3522 Matthiaeus,

96 3555 165 3612 quos
188 3537 281 3597 Gzius
303 3545 333 3596 et
355 3537 483 3597 Orellius
496 3549 666 3614 sequuntur,
694 3539 767 3596 haec
789 3540 895 3597 verba:
929 3540 1050 3596 Incendit
1076 3542 1160 3612 ipitur

99 3653 134 3664 -·
155 3625 269 3682 audiunt
291 3625 369 3680 inter
389 3627 520 3682 eastimet
541 3634 571 3682 et
597 3623 688 3693 Quid?
709 3627 752 3682 itte
774 3635 829 3682 cet.
851 3625 987 3700 ponenda
1008 3633 1158 3700 putarunt,

99 3709 281 3766 confirmante
293 3709 354 3780 illa,
378 3728 465 3784 quum
477 3709 601 3785 primam
613 3709 707 3786 attigi,
720 3710 833 3768 numeri
845 3711 1014 3767 mutatione.
1038 3708 1159 3788 [Itaque

100 3793 167 3850 hanc
178 3795 398 3866 correctionem,
417 3813 503 3869 quam
515 3805 603 3853 antea
613 3796 769 3871 probaram
780 3815 845 3854 cum
858 3795 1038 3853 dubitatione
1050 3796 1159 3870 aliqua,

100 3895 169 3936 nunc
190 3880 297 3950 ascivi3
330 3899 426 3954 neque
447 3880 478 3937 in
501 3881 654 3939 meliorum
677 3881 810 3939 codicum
832 3880 934 3959 (etiam
952 3881 991 3957 B)
1015 3882 1161 3956 scriptura

101 3965 195 4022 incendi
215 3966 375 4041 quidquam
386 3965 443 4024 nisi
462 3966 598 4025 mendum
621 3985 684 4024 esse
706 3965 802 4045 puto]
829 3967 1062 4038 Vitioseuutem,
1086 3976 1160 4024 tam-

101 4065 178 4121 quam
199 4051 263 4127 ipse
286 4051 361 4110 Cato
382 4053 510 4128 fingatur
530 4053 606 4108 hauc
627 4053 779 4110 materiam
802 4051 916 4110 dicendi
938 4053 1088 4129 persequi,
1117 4053 1161 4110 di·

103 4133 182 4192 citur:
204 4139 287 4208 uides,
305 4148 433 4212 quantam
444 4158 499 4194 rein
521 4157 613 4212 apae,
637 4137 698 4196 sive
712 4129 919 4212 ἀποφαντικοῖς
935 4139 991 4196 hoc
1002 4136 1159 4215 profertur,

103 4219 156 4276 sive
176 4222 395 4299 interrogative,
418 4223 566 4282 utCicero
585 4233 716 4298 quaerat,
739 4223 999 4280 animadvertatne.
1021 4224 1099 4282 Nam
1111 4223 1161 4283 Ci-

104 4321 161 4362 cero
181 4307 210 4365 in
233 4317 296 4366 toto
319 4310 374 4366 hoc
396 4310 461 4367 loco
485 4309 626 4368 Catonem
649 4329 667 4366 a
689 4309 798 4369 Stoicis
814 4318 932 4385 separat
953 4317 982 4366 et
999 4327 1111 4367 cumae
1124 4310 1160 4367 de

103 4387 133 4446 iis
153 4402 298 4468 tamqnam
322 4395 460 4453 seiunctis
477 4395 607 4470 loquitur
630 4395 676 4472 (ut
687 4396 775 4471 paulo
787 4402 869 4451 ante:
892 4396 1082 4470 Itoqneor‘der,
1094 4414 1160 4470 qno·
