2920 5012
366 441 411 487 nr
434 441 515 488 nnn.
536 441 600 488 urs.
622 441 634 486 1
656 441 729 488 cnr.
750 444 825 489 a-a.
1101 423 1141 488 37

94 608 147 672 mhi
163 609 228 674 nihil
250 627 327 674 sane
347 615 477 692 praeter
501 610 698 676 sedulitatem
725 610 909 692 probarent,
936 628 1044 676 omues
1065 611 1141 676 mihi

93 709 189 792 Epicrri
209 713 382 778 sententiae
404 713 481 778 satis
504 717 598 779 notae
620 718 708 792 sunt;
731 717 826 794 atque
849 730 917 791 eos,
939 730 1019 794 quos
1041 713 1140 778 nonn-

93 813 157 892 nri,
183 833 246 879 orm
273 815 380 881 Attico
407 821 515 881 nostro
537 813 717 897 frequenter
743 814 861 894 audivi,
884 833 954 880 cum
975 815 1142 882 miraretur

87 915 128 978 ile
153 916 265 998 quidem
297 923 481 1001 utrumque,
519 918 697 984 Phaedrum
736 923 840 983 autem
878 917 972 982 etiam
1004 923 1138 998 amaret;

88 1017 231 1100 midique
261 1018 346 1084 inter
377 1039 435 1088 nos
464 1039 515 1100 ea,
549 1037 630 1102 quae
651 1019 867 1099 audiebamus,
895 1017 1178 1100 conferebamus,5

88 1137 164 1200 noque
189 1127 256 1186 erat
281 1141 431 1204 umquam
459 1122 688 1202 controversia,
721 1123 796 1204 quid
830 1141 888 1204 ego
920 1121 1140 1205 intellegerem,

87 1221 126 1284 sed
143 1222 210 1304 quid
230 1225 407 1304 probarem

149 1325 197 1389 vl
242 1327 292 1390 17.
322 1325 404 1404 Quid
429 1327 525 1409 igitru
552 1328 621 1394 est?
648 1327 763 1410 inqtrit3
795 1325 906 1392 audire
931 1327 1014 1393 enim
1040 1326 1141 1420 oupio,

134 1536 152 1582 1,
171 1528 222 1598 [red
237 1529 363 1580 mutam
382 1531 420 1596 Α]
458 1537 481 1584 2.
500 1549 558 1596 prece
576 1531 646 1582 modo
663 1549 723 1584 nom.
742 1533 764 1582 1.
796 1530 970 1582 &Phaedram
986 1531 1140 1596 potclromll

83 1607 141 1647 m
156 1615 203 1648 orn.
220 1599 243 1648 1.
281 1605 304 1648 5.
324 1599 408 1650 carde
425 1604 487 1664 (om.
506 1611 560 1665 poe)
579 1601 601 1650 1.

79 1774 195 1848 temporis
206 1773 407 1846 acutissimus,
431 1794 518 1849 quem
532 1775 620 1833 Philo
633 1794 734 1848 eorum
747 1775 945 1851 coryphaeum
958 1776 1139 1852 appellabat,

12 1861 13 1912 3
79 1870 304 1916 commemoratur
325 1860 415 1917 etiam
437 1862 454 1919 1
475 1861 513 1918 N.
536 1863 575 1918 D.
600 1861 649 1932 93,
673 1861 761 1919 Tusc.
784 1861 843 1930 111,
868 1861 918 1918 38.

12 1929 13 1950 ¹
147 1943 213 2021 Cap.
237 1945 300 2016 v1,
327 1947 375 2002 17.
426 1949 565 2022 Principio
592 1949 618 2002 sir
641 1947 764 2022 phynicia
792 1979 833 1988 -
856 1949 976 2022 pruinam
1005 1957 1074 2004 totas
1101 1955 1142 2003 est

12 2001 14 2142 .
77 2031 172 2104 maa)
213 2029 292 2090 Cum
315 2031 457 2090 Davisius
480 2043 510 2089 et
526 2032 690 2102 Ernestins,
708 2035 884 2108 pra'ocr'pioet
895 2036 1015 2108 primm
1037 2031 1140 2090 eodem

12 2153 14 2176 t
76 2113 230 2187 rderentes,
259 2117 386 2174 alterum
409 2118 559 2175 abundare
582 2126 750 2194 putassent,
778 2136 901 2192 eamque
929 2118 1140 2175 abundantiam

12 2183 14 2274 Ι
76 2200 256 2277 Wopkeusius
279 2201 439 2260 defendere
462 2214 585 2261 conatus
607 2213 685 2261 esset
697 2204 804 2274 (Lectt.
816 2203 896 2260 Tull.
908 2223 937 2279 p.
951 2205 1037 2276 255),
1060 2213 1159 2260 reete*

75 2285 416 2346 Bremiusethlatthiaeus
428 2289 601 2361 docuerunt,
609 2293 745 2364 principio
756 2290 904 2364 pertinere
916 2291 953 2347 ad
965 2290 1140 2349 divisionem

74 2371 270 2450 phssosophiae,
294 2374 326 2430 in
350 2375 433 2432 ouius
455 2375 550 2432 tribus
572 2375 706 2451 partibus
728 2375 875 2450 Epicurus
897 2375 1140 2451 reprehendatur,

12 2517 14 2534 ,
75 2471 99 2512 ut
117 2459 177 2516 huic
199 2460 401 2535 respondeant
422 2461 475 2517 ills
487 2462 517 2518 in
530 2465 545 2532 ξ
560 2461 615 2518 22:
639 2463 699 2517 Iam
721 2464 747 2517 iu
760 2463 847 2518 altera
854 2462 1139 2538 philosophiaeparte,

12 2549 14 2560 ²
72 2549 168 2616 pinara
190 2565 227 2602 eo
249 2543 365 2616 referri,
389 2547 469 2620 quod
491 2547 662 2604 nouaclum
688 2546 870 2618 alienasint,
893 2565 970 2620 quae
992 2547 1140 2623 Epicurus

74 2627 237 2706 inphysicis
260 2631 355 2702 dicat,
378 2633 542 2690 sedetiam
573 2632 673 2690 multis
700 2632 785 2689 novis
808 2633 957 2690 erroribus
979 2632 1141 2710 implicata.

74 2713 127 2772 lloo
145 2717 273 2774 ostendit
284 2715 390 2776 Cicero
413 2719 481 2788 §18
495 2735 569 2793 sqq,
592 2735 646 2775 nec
670 2729 767 2774 tamen
784 2717 869 2792 ponit
890 2720 993 2790 ddum,
1018 2720 1069 2776 sed
1081 2718 1141 2776 alia

75 2798 150 2858 lorms
169 2803 294 2860 alteram
323 2813 437 2879 partem
461 2804 608 2880 adiungit,
643 2814 677 2861 ut
702 2802 775 2860 iacit
797 2803 969 2879 saepissime
1005 2803 1140 2883 [velutI

74 2883 103 2940 l'.
112 2887 145 2944 D.
165 2889 303 2956 43-44,
329 2891 471 2960 62-64,
494 2909 547 2966 pro
565 2890 629 2947 Mil.
654 2889 692 2946 84
706 2886 794 2966 sqq.].
823 2889 916 2966 (vid,
940 2890 964 2947 si
987 2891 1062 2947 tanti
1085 2901 1140 2961 est,
1218 2899 1222 2906 “

75 2971 101 3026 Ρ.
119 2973 226 3030 llanut.
243 2974 287 3056 pd
300 2974 395 3050 Epist.
418 2977 456 3032 ad
467 2977 550 3034 Fam.
563 2977 604 3046 11,
619 2976 636 3032 9
655 2985 685 3032 et
701 2975 773 3045 vn,
787 2975 837 3046 13,
861 2973 1022 3050 Wopkens.
1045 2977 1140 3034 Lectt.

74 3055 135 3114 Tull
160 3079 187 3135 p.
219 3059 276 3130 52,
313 3061 403 3118 Beier
425 3062 462 3118 ad
490 3059 577 3120 Offic.
606 3062 635 3132 1,
665 3063 721 3132 44,
758 3060 927 3137 Heusinger
949 3062 986 3118 ad
1009 3059 1095 3120 offic.
1124 3064 1140 3120 I

74 3145 151 3208 old,
184 3147 220 3215 93
249 3164 429 3220 quamquam
464 3148 529 3220 quis
562 3148 618 3204 hoo
645 3165 704 3204 non
738 3145 853 3223 attigit,
888 3147 975 3204 etiam
1011 3145 1137 3222 nuperi)

74 3225 162 3286 Similis
189 3231 348 3288 divisionis
375 3233 510 3308 gradatio
540 3233 585 3290 his
613 3232 716 3289 eadem
738 3251 810 3289 voce
828 3235 948 3307 primam
970 3243 1072 3290 notata
1094 3242 1140 3292 est

73 3309 136 3371 HN.
146 3317 180 3373 D.
197 3317 269 3374 142.
299 3317 347 3374 De
368 3317 491 3394 Epicuri
513 3317 644 3394 physicis
666 3337 684 3374 a
705 3318 888 3390 Democrito,
912 3319 962 3392 qui
975 3319 1138 3376 doctrinam

73 3397 213 3460 deatomis
243 3412 313 3477 post
333 3403 518 3480 Leucippum
541 3404 661 3460 uberius
683 3413 862 3478 exposuerat
890 3414 920 3460 et
941 3404 1137 3480 expoliverat,

73 3486 204 3559 muchs,
241 3505 309 3545 cum
343 3489 567 3565 Nausiphanem
595 3489 815 3546 Democriteum
844 3489 938 3546 solum
966 3490 1138 3561 audivisset,

73 3572 125 3628 setis
135 3573 301 3649 expositum
314 3584 359 3632 est
370 3576 408 3632 ah
425 3576 472 3645 iis,
495 3575 545 3649 qui
558 3574 763 3651 philosophiae
775 3574 928 3632 historiam
941 3575 1137 3652 seripserunt3

71 3653 149 3731 itaque
160 3661 223 3736 ipse
235 3659 437 3732 Metrodorus,
449 3660 525 3718 alter
536 3661 692 3735 Epicurus,
705 3660 835 3718 dixerat:
853 3653 880 3716 εἰ
889 3651 928 3736 μὴ
941 3645 1136 3738 καθηγήσατο

70 3729 243 3819 Δημόκριτος,
270 3737 324 3801 oria
342 3731 379 3801 rin
401 3743 555 3821 προῆλθεν
565 3739 743 3820 Ἐπίκουρος
766 3734 812 3804 ἐπὶ
835 3735 888 3820 τὴν
910 3740 1021 3820 σοφίαν
1044 3745 1137 3820 (Plut.

70 3824 119 3880 tit·
139 3828 233 3887 Colot.
260 3829 295 3900 3,
319 3849 348 3907 p.
375 3832 455 3888 1108
479 3831 519 3900 Ε;
552 3831 614 3890 cic.
637 3831 730 3887 Aead.
753 3831 779 3901 1,
804 3833 838 3888 6:
871 3834 897 3886 si
918 3831 1084 3906 Epicurum,
1108 3833 1138 3890 iel

70 3921 104 3968 et
123 3917 145 3968 si
163 3915 350 3973 Democritum
368 3917 538 3992 probarem).
585 3915 643 3976 Sed
666 3915 855 3974 Democritus
878 3915 989 3973 vertice
1008 3917 1136 3992 quodam

69 4001 243 4078 stratigius
267 3994 359 4078 (disp)
383 4003 550 4060 necessaria
572 4011 602 4059 et
622 4001 730 4058 ictibus
748 4001 825 4059 effici
838 4003 961 4078 putabat
970 4011 1136 4060 atomorum

68 4069 201 4158 tt'pxprotr,
225 4072 411 4162 συμπλοκήν,
432 4074 608 4156 ἐπάλλαξιν,
631 4105 724 4161 equa
737 4088 884 4145 orirentur
906 4088 1136 4147 innumerabiles

68 4169 337 4248 nmd3Epieu1-us
359 4179 470 4229 motum
494 4173 630 4230 deorsum
649 4173 712 4230 fieri
735 4173 822 4231 iussit
839 4183 877 4244 et,
901 4193 938 4230 ne
960 4175 1135 4233 necessitate

68 4254 146 4310 omnia
165 4257 287 4326 fierent,
317 4255 463 4316 libertatis
485 4259 632 4317 vindicem
656 4277 755 4316 casum
779 4259 892 4330 attulit,
927 4277 992 4316 cum
1020 4269 1135 4319 atomos

67 4345 129 4395 recta
150 4341 229 4400 linea
252 4343 390 4400 deorsum
415 4343 626 4402 descendentes
654 4345 829 4420 perpaulum
863 4345 1012 4407 declinare
1034 4346 1134 4420 itaque

67 4421 239 4488 missiones
251 4428 318 4485 fieri
341 4429 452 4488 statuit.
485 4431 533 4489 Ex
556 4431 709 4490 Ciceronis
720 4430 804 4488 libris
815 4430 873 4488 huc
884 4431 1035 4507 pertinent
1044 4433 1083 4491 N.
1095 4433 1134 4488 D.
