2944 5040
484 411 656 458 excursus
680 413 709 459 v.
1071 400 1131 464 827

81 585 142 642 actio
162 578 332 664 regatur.¹)
375 583 471 642 Multo
494 583 705 660 magistorum
728 586 1005 662 sententiarumque,
1028 588 1133 662 quibus

81 671 229 731 Stoicorum
253 669 350 727 ethica
372 669 528 744 disciplina
549 669 729 742 continetur,
753 671 939 730 cohaerentia
961 673 1134 732 obscuratur

80 757 144 833 apud
154 753 385 814 IoannemStob.
398 755 475 831 (Ecl.
492 755 560 812 Eth.
572 774 600 830 p.
614 755 654 812 90
671 750 759 836 sqq.),
772 758 849 832 apud
871 776 958 832 quem
970 757 1042 816 haec
1053 759 1134 817 dein·

80 860 135 919 ceps
156 841 351 917 explicantur,
374 859 449 914 quae
472 840 542 898 solia
565 840 731 898 nominibus
747 843 1028 902 amenotabuntnr:
1050 845 1135 903 Bona

79 927 181 986 etmala
192 925 278 1004 (90);
300 927 370 984 boni
382 925 566 984 definitiones
577 936 607 983 et
618 925 777 984 divisiones
789 925 873 1006 (96);
891 929 1015 987 virtutes
1027 927 1134 1008 (102);

78 1013 250 1084 earnmfinis,
273 1012 373 1070 vivere
395 1011 603 1069 convenienter
625 1019 746 1069 natiuae
763 1008 869 1110 (l08)3
893 1014 1033 1072 virtutum
1056 1033 1134 1074 com·

78 1099 191 1158 munitas
213 1055 323 1178 (stau
351 1095 492 1172 sapientis
513 1115 639 1195 persona
661 1095 767 1175 (120);
795 1097 900 1156 iterum
923 1101 1066 1158 bonorum
1089 1101 1134 1158 di·

77 1185 141 1242 visio
153 1181 261 1262 (124);
272 1183 349 1254 finis,
361 1183 569 1241 convenienter
580 1183 679 1240 vivere
691 1179 797 1260 (latu
808 1201 847 1238 τα
838 1172 1015 1260 ἀδιάφορα
1027 1184 1134 1262 (142);

76 1269 192 1328 officium
216 1266 322 1347 (158);
345 1268 488 1344 appetitio
499 1255 600 1347 (ορμρ
628 1262 716 1366 160)3
738 1268 1038 1347 perturbatio(166)3
1062 1271 1134 1328 ami-

76 1355 137 1413 cilia
156 1353 261 1434 (186);
284 1353 425 1450 sapientis
447 1371 592 1448 persona
594 1362 624 1410 et
646 1353 728 1410 varia
750 1365 907 1429 praecepta
929 1351 1034 1436 (188);
1064 1356 1133 1414 deti·

76 1440 140 1498 nitio
160 1428 399 1516 κατορθώματος
422 1449 451 1496 et
473 1421 690 1536 dpnprqpacoc
712 1435 817 1516 (192);
850 1450 971 1515 peccata
998 1441 1134 1516 aequalia

76 1525 165 1602 (198).
212 1527 357 1600 Apparet,
380 1525 517 1582 omissam
540 1541 604 1580 esse
637 1522 721 1580 initio
748 1524 937 1601 appetitionis
965 1534 995 1582 et
1021 1527 1133 1602 primae

75 1609 277 1670 conciliationis
299 1609 615 1679 commemorationem,
638 1608 667 1664 in
690 1609 756 1667 finis
778 1619 877 1667 autem
888 1620 918 1667 et
929 1611 1070 1668 bonorum
1083 1631 1133 1670 ex·

74 1696 221 1772 plicatione
243 1713 290 1752 res
313 1694 565 1752 coniunctissimas
588 1693 688 1750 divelli
711 1703 741 1751 et
761 1694 897 1770 bisponi.
931 1695 1069 1754 Ceterum
1086 1698 1133 1754 hic

75 1801 188 1858 quoqne
211 1791 245 1838 ut
266 1777 354 1878 apud
366 1779 537 1839 Ciceronem
566 1789 595 1836 et
617 1779 795 1856 Diogenem,
830 1779 958 1838 officinm
991 1791 1134 1842 tractatur

73 1868 196 1943 proxime
224 1877 292 1944 post
318 1854 358 1922 cd
380 1849 544 1963 ddsdpopa,
567 1865 803 1940 perturbationes
832 1863 875 1944 (in
904 1866 1011 1940 quibus
1039 1867 1133 1943 expli·

73 1953 163 2012 caudis
185 1952 338 2012 asciscitur
360 1949 549 2026 appetitionis
572 1948 676 2025 notio),
699 1959 732 2007 nt
753 1950 831 2027 apud
853 1951 1032 2028 Diogenem,
1066 1963 1134 2030 post

72 2037 199 2097 officium.

147 2125 219 2182 Alie
250 2122 364 2180 ratione
399 2120 452 2181 Cb.
480 2120 682 2190 Petersenius,
722 2120 768 2177 vir
789 2121 901 2192 doetus,
939 2121 969 2178 in
997 2122 1132 2182 Philoso-

72 2209 150 2284 phiae
186 2208 387 2286 Chrysippeae
423 2205 633 2264 Fundamentis
671 2203 850 2283 (Hamburgi
891 2203 1000 2290 1827).
1012 2227 1041 2284 p.
1071 2208 1132 2266 258

71 2313 127 2370 sqq.
148 2295 184 2352 ad
206 2313 307 2352 veram
328 2293 442 2350 ethicae
464 2291 630 2352 Stoicorum
653 2291 858 2348 divisioneme
881 2292 1052 2351 dialecticae
1069 2292 1133 2352 fon-

70 2381 141 2437 tibus
162 2387 308 2456 sumptam
331 2379 500 2454 pervenisse
522 2396 553 2435 se
575 2385 674 2452 putat3
698 2377 748 2450 qui
771 2376 838 2434 dum
861 2378 993 2453 opinioni
1009 2397 1080 2436 suae
1097 2379 1132 2437 de

71 2466 98 2522 vi
118 2466 265 2523 notionum
288 2464 469 2540 quarundam
492 2462 710 2520 dialecticarum
738 2462 817 2538 apud
845 2461 961 2522 Stoicos
988 2463 1129 2541 indulget,

71 2569 157 2626 neque
179 2551 224 2609 hia
245 2551 319 2627 ipsis
341 2549 412 2608 satis
434 2548 581 2606 subtiliter
602 2566 673 2605 usna
695 2565 759 2605 esse
781 2567 876 2622 neque
892 2549 1130 2608 notionumethi·

71 2654 161 2693 carum
184 2637 394 2712 proprietatem
406 2635 605 2692 considerasse
617 2651 711 2707 neque
723 2633 891 2691 testimonia
902 2645 1033 2692 veterum
1046 2646 1130 2692 caute

70 2722 245 2780 examinasse
268 2721 392 2779 videtur.
425 2719 618 2778 Proficiscens
640 2718 717 2776 enim
740 2737 758 2776 a
780 2718 910 2778 Senecae
921 2720 1048 2794 quodam
1064 2721 1130 2778 loco

70 2805 365 2883 inEpin.89,14²).
388 2805 471 2863 cuius
488 2814 585 2862 tamen
596 2803 660 2879 ipse
682 2803 813 2862 ordinem
825 2804 955 2876 invertit,
978 2814 1084 2863 etcum
1096 2825 1131 2863 eo

68 2892 241 2970 coniungens
264 2891 511 2950 enumerationem
534 2889 615 2947 illam
626 2889 764 2964 partium,
786 2908 861 2964 quae
877 2848 956 2967 apud
968 2891 1131 2968 Diogenem

66 2977 189 3052 ponitur,
212 2979 350 3038 sedeam
373 2994 489 3052 quoque
511 2983 662 3045 mutatam,
685 2975 760 3032 hanc
782 2974 863 3071 ponit
886 2975 1035 3033 doctrinae
1058 2977 1132 3034 ethi-

67 3081 118 3120 cae
122 3063 375 3162 descriptionem.
407 3063 432 3120 I.
459 3063 473 3118 1
502 3050 568 3134 napi
597 3050 697 3162 ὁρμῆς.
742 3061 760 3116 2
788 3049 853 3134 περὶ
885 3058 1003 3118 παθῶν.
1046 3061 1088 3120 ΙΙ.
1115 3064 1128 3118 1

67 3135 130 3222 aspi
152 3140 276 3243 ἀγαθῶν
296 3135 345 3204 ani
370 3141 473 3203 nands
500 3137 630 3243 insui
654 3136 769 3238 ἀρετῆς.
816 3144 874 3203 III.
901 3125 1004 3240 Ιιιερὶ
1027 3139 1130 3210 τέλους

67 3225 134 3308 περί
155 3251 186 3290 τε
212 3218 330 3309 πρώτης
350 3221 439 3328 ἀξίας
460 3219 508 3287 καὶ
529 3225 588 3286 τῶν
612 3217 754 3305 πράξεων.
800 3230 817 3285 2
845 3218 910 3306 περὶ
938 3215 1131 3305 καθηκόντων

67 3315 237 3394 προτροπῶν
259 3336 290 3374 τε
310 3305 358 3374 καὶ
381 3305 567 3390 ἀποτροπῶν.
601 3315 696 3372 Locos
718 3315 791 3372 duos
813 3315 926 3390 priores
947 3314 979 3370 in
1001 3314 1131 3389 corpori-

67 3399 120 3458 bus
140 3400 227 3480 (quee
251 3401 349 3462 Stoice
371 3398 556 3477 dicebantur)
580 3400 692 3458 sersari
714 3410 812 3475 putat,
841 3400 959 3457 tertium
981 3399 1012 3457 in
1034 3400 1130 3456 incor-

95 3673 114 3732 ¹t
131 3673 196 3723 Illud
215 3689 314 3739 qnoque
332 3689 471 3736 commuue,
491 3677 558 3740 quod
578 3677 635 3724 boni
655 3676 737 3734 notio,
757 3680 787 3724 de
805 3691 855 3739 qua
874 3677 906 3724 ad
925 3677 939 3738 ξ
958 3679 990 3722 83
1009 3675 1129 3732 diximus,

131 3744 203 3792 etiam
222 3745 290 3807 apud
309 3743 449 3806 Diogenem
468 3745 545 3808 paulo
563 3744 686 3808 posteriue
704 3746 858 3808 explicatur
887 3759 961 3808 quam
980 3744 1129 3808 expectaba-

131 3826 192 3870 mus,
210 3827 370 3892 quamquam
387 3827 438 3861 non
457 3821 507 3862 tam
526 3815 631 3877 abrupte
649 3813 776 3862 inducitur
793 3827 867 3878 qnam
887 3815 955 3877 apud
974 3812 1128 3862 Ciceronem.

93 3880 111 3941 ²)
134 3881 191 3945 Ergo
208 3898 259 3930 cum
277 3881 394 3945 tripertita
411 3881 442 3930 sit
462 3881 624 3961 philosophia,
647 3881 758 3931 rnoralem
781 3879 830 3930 eiua
844 3890 937 3946 partem
954 3884 1055 3944 primum
1072 3879 1130 3928 inci-

127 3949 219 4029 piamus
237 3948 375 4014 disponerer
392 3967 462 4014 ριιαηι
480 3950 504 3999 in
522 3951 570 4000 tria
587 3967 669 4000 rursus
687 3949 765 3999 diuidi
777 3949 875 4014 placed,
893 3950 1003 4014 ιιιρηιιια
1021 3957 1080 3998 esset
1094 3949 1129 3997 in·

129 4019 214 4082 spectio
231 4035 298 4068 suum
316 4019 398 4082 cuique
416 4018 556 4068 distribuens
574 4028 595 4068 at
613 4019 747 4076 aestimans,
767 4029 855 4082 quanto
874 4019 975 4096 quidque
988 4017 1081 4082 digitum
1091 4017 1129 4076 sit,

128 4086 228 4138 maxime
245 4085 308 4136 ude
332 4087 400 4151 (qudi
421 4087 480 4136 caint
498 4097 532 4138 est
550 4097 598 4137 tam
616 4087 772 4137 necessariam
791 4105 862 4152 quam
877 4089 957 4151 pretia
973 4086 1066 4137 rebus
1056 4103 1129 4152 carpo·

129 4160 216 4222 ησύ),
235 4155 339 4205 secunda
358 4155 387 4206 de
404 4154 496 4220 impetu,
513 4157 584 4206 tertia
602 4156 631 4206 de
648 4155 786 4206 actionibus.
818 4155 926 4206 Primum
950 4157 1009 4206 enirn
1028 4165 1074 4210 est,
1097 4164 1129 4214 nt,

128 4225 213 4288 quanti
229 4223 330 4290 quidque
346 4224 386 4279 ait,
405 4224 506 4284 iudt'ces,
524 4225 663 4284 securrdam,
683 4233 707 4274 ut
726 4225 832 4290 impetum
850 4225 885 4274 cd
901 4224 944 4274 illu
961 4225 1047 4289 capias
1066 4223 1129 4273 ordi·

127 4303 207 4342 rictam
224 4301 430 4358 teruperutamquc,
449 4294 554 4354 tertiam,
573 4303 598 4343 ut
615 4296 675 4344 inter
692 4294 798 4358 turpatum
817 4303 879 4343 trram
897 4294 1055 4357 actionemque
1074 4310 1130 4342 corr·

126 4367 214 4413 omia.
232 4371 257 4411 ut
274 4363 298 4410 in
316 4363 419 4412 omarltua
438 4361 489 4412 ιἰτίι
506 4363 549 4412 cti
565 4362 612 4428 tirsi
627 4364 768 4412 consecutus.
