2938 5020
316 367 379 432 216
711 386 755 430 nn
778 383 909 432 sturnus
932 385 1003 430 nos.

315 553 459 635 protulit,
482 571 576 634 quem
599 562 632 616 ut
655 553 774 627 Stoicis,
797 553 980 634 quibuscum
1002 552 1115 616 beilum
1137 553 1274 633 gerebat
1296 572 1395 634 oppo-

316 665 419 732 neret;
440 655 473 718 id
495 663 598 719 autem
621 655 773 718 eiusmodi
794 663 851 732 est,
873 663 908 718 ut
930 654 1068 718 additum
1091 655 1132 718 ad
1155 654 1299 718 virtutem
1321 673 1393 716 aruc-

317 757 475 821 toritatem
497 757 639 821 videatur
661 757 837 820 babitunmr
859 766 892 821 et
913 756 1108 837 expleturum
1131 756 1285 820 cumulate
1300 756 1393 818 uitam

318 859 450 936 beatam,
472 859 512 923 de
534 877 596 940 quo
619 858 718 922 omnis
740 857 816 922 haec
838 859 978 940 quaestio
1002 865 1058 920 est.
1093 857 1173 920 Nam
1196 857 1249 938 qui
1270 858 1309 920 ad
1332 857 1394 920 cir·

280 963 416 1026 5tutem
438 960 612 1041 arliuugunt
634 960 682 1024 vel
704 959 905 1040 voluptatem,
927 977 1020 1040 quam
1042 977 1137 1022 unam
1159 959 1259 1023 uirtus
1279 958 1393 1022 minimi

317 1061 401 1140 iacit,
422 1060 471 1127 vel
482 1062 668 1126 vacuitatem
680 1061 805 1139 doloris,
828 1079 917 1142 quae,
940 1060 1061 1125 etiamsi
1074 1061 1154 1125 malo
1177 1069 1270 1134 caret
1293 1071 1393 1124 tanren

318 1182 379 1228 non
407 1171 456 1228 est
483 1182 634 1227 summum
662 1163 790 1241 bonum,
818 1163 994 1227 accessione
1022 1171 1153 1226 utuntur
1175 1163 1300 1226 nonita
1322 1181 1393 1243 pro-

318 1264 423 1342 babili,
452 1283 509 1329 nee
530 1267 641 1342 tamen,
664 1283 720 1328 cur
738 1265 769 1328 id
786 1271 850 1328 tam
862 1281 956 1344 parce
973 1273 1098 1345 tamque
1116 1263 1258 1328 restricte
1274 1263 1396 1337 iaciant,

317 1366 470 1447 intellego.
516 1367 612 1444 Quasi
641 1367 722 1430 enim
749 1366 912 1430 emendum
941 1366 985 1429 eis
1014 1367 1067 1435 sit,
1100 1367 1184 1448 quod
1212 1367 1328 1430 addant
1355 1365 1395 1427 ad

260 1474 302 1538 10
319 1469 477 1546 virtutem,
511 1467 645 1549 primum
673 1467 838 1531 vilissimas
875 1485 926 1530 res
953 1468 1086 1541 addunt,
1120 1467 1232 1532 deinde
1260 1467 1395 1548 singrdas

318 1569 431 1650 potius
454 1587 547 1649 quam
568 1569 689 1646 omnia,
712 1587 793 1649 quae
815 1569 916 1650 prima
938 1576 1050 1633 natura
1072 1569 1325 1650 approbetisset.
1359 1587 1393 1630 ea

318 1689 387 1734 cum
419 1671 582 1736 honestate
615 1670 844 1751 cornungerent.
893 1673 944 1735 43.
973 1671 1061 1748 Qurae
1088 1672 1173 1752 quod
1200 1671 1337 1735 Aristoni
1365 1679 1395 1733 et

389 1913 410 1958 1.
429 1917 583 1973 opponeretur
601 1909 623 1958 R
640 1909 823 1974 opponermtE
876 1914 899 1960 3.
918 1907 1065 1958 acmoniae
1083 1911 1102 1956 c
1154 1907 1326 1958 cumulaturi<
1372 1913 1393 1955 9.

318 1977 449 2043 intelliquut
467 1993 519 2028 cum
536 1977 597 2026 enim
616 1977 720 2026 dandum
739 1978 809 2027 emb]
845 1977 936 2026 addunt
955 1979 973 2026 Ε
1021 1983 1058 2027 10.
1081 1975 1144 2044 [dein
1162 1976 1196 2045 A]
1239 1983 1275 2028 11.
1298 1995 1329 2026 ea
1346 1994 1397 2026 cram

318 2045 436 2112 voluptate
453 2046 511 2096 coni.
531 2046 607 2096 Pub
624 2061 673 2096 om.
692 2045 737 2099 Or.
798 2052 835 2095 12.
854 2063 905 2096 com
924 2046 1063 2110 (proquod)
1081 2061 1176 2106 omncs,
1196 2049 1236 2095 Or.

404 2307 434 2342 ea
458 2320 499 2328 -
521 2285 720 2364 coniuuqererrt)
743 2288 890 2364 Expectat
917 2287 1025 2362 aliquis
1052 2291 1220 2360 coubrnqont.
1265 2287 1323 2346 Sed
1347 2287 1395 2343 illa

319 2372 403 2428 verbi
424 2372 520 2429 forma
543 2373 586 2439 id‚
621 2373 700 2446 quod
729 2373 792 2430 iieri
820 2373 969 2443 debuerit,
1004 2373 1033 2428 in
1063 2373 1144 2429 alind
1167 2382 1282 2449 ternpus
1304 2373 1394 2435 reicit,

319 2475 378 2531 qua
400 2457 494 2534 figura
516 2458 658 2515 orationis
681 2457 855 2516 Ciceronem
877 2458 965 2515 etiam
989 2459 1043 2524 lv,
1058 2458 1096 2514 39
1121 2476 1205 2515 usum
1225 2477 1298 2528 esse,¹
1322 2457 1396 2533 opti-

319 2561 433 2600 morum
456 2542 589 2600 codicum
613 2561 773 2601 consensus
795 2544 934 2600 declaret.
980 2543 1224 2602 obversabantur
1246 2542 1395 2602 Ciceronis

318 2628 427 2698 animo,
439 2637 472 2684 ut
483 2628 571 2685 etiarn
583 2629 638 2698 IV,
653 2629 702 2693 20,
720 2629 883 2686 sententiae
895 2629 953 2686 iem
965 2629 1078 2704 pridem
1091 2629 1276 2686 constitutae.
1299 2630 1396 2702 Atque

320 2731 356 2769 ex
369 2714 425 2769 hoe
436 2712 609 2788 imperfecto
619 2714 729 2788 pendet
739 2724 854 2790 tempus
866 2723 895 2772 et
906 2713 1011 2772 modus
1024 2714 1105 2770 verbi
1121 2715 1333 2789 approbavisset,
1346 2731 1398 2788 pro

320 2817 378 2872 quo
390 2798 476 2854 aliter
493 2799 659 2856 necessario
676 2799 862 2856 scribendum
881 2809 944 2856 erat
960 2799 1128 2874 approbarit.
1164 2799 1213 2858 Sic
1236 2809 1348 2856 eutem.
1365 2805 1395 2853 ut

320 2883 398 2940 edidi
410 2881 482 2960 (curn
495 2885 652 2960 honestate),
671 2885 811 2960 scriptum
825 2895 889 2942 erat
900 2885 988 2942 etiam
1005 2885 1035 2940 in
1048 2883 1113 2940 Pal.
1126 2885 1154 2953 3,
1178 2884 1307 2958 quinque
1320 2883 1396 2942 Oxx.

320 2969 360 3044 (ψ
383 2969 442 3025 elia
464 2987 552 3025 manu
575 2968 732 3044 voluptate),
756 2969 823 3028 Gaii
841 2989 900 3026 uno
918 2969 1108 3046 praeterErl.
1141 2969 1260 3043 Reliqui
1283 2968 1395 3026 codices

319 3052 409 3131 (Pall.
433 3053 580 3112 Gruterus
602 3055 742 3129 appellat,
766 3055 860 3113 Gaius
883 3053 975 3130 Spin.)
998 3063 1028 3111 et
1050 3054 1207 3112 editiones:
1230 3075 1289 3110 cum
1306 3056 1396 3127 antiq>-

320 3149 381 3198 tote.
404 3139 540 3208 absurde,
564 3139 702 3213 quoniam
726 3140 761 3196 de
784 3140 820 3197 iis
843 3141 949 3215 egitur,
973 3158 1049 3214 quae
1071 3140 1109 3196 ed
1132 3140 1270 3196 virtutem
1287 3139 1395 3195 addan-

320 3235 376 3282 tnr.
420 3226 525 3298 Itaque
549 3225 680 3294 Marsus,
716 3235 777 3282 tum
800 3225 962 3284 Lambinus
991 3234 1131 3298 quattuor
1157 3225 1248 3281 verba
1270 3224 1395 3288 srrstulit,

319 3310 367 3366 hic
389 3311 426 3365 ab
450 3329 503 3367 suo
526 3309 626 3366 codice
649 3311 735 3386 longe
759 3311 871 3385 optimo
893 3311 998 3367 abesse
1021 3319 1147 3377 testans,
1172 3310 1207 3366 de
1230 3329 1288 3383 quo
1312 3309 1394 3366 valde

320 3395 432 3464 dubito,
456 3405 614 3470 postianm,
638 3395 802 3466 aDevisi0‚
826 3395 972 3464 Ernesti0‚
997 3395 1115 3452 Brerrrio
1133 3396 1281 3464 damnare,
1294 3393 1395 3452 Gzius.

321 3479 378 3553 Qui
403 3480 481 3554 quod
504 3483 664 3552 corrumpunt
686 3479 872 3537 scribendum
896 3478 987 3537 fuisse
1007 3490 1121 3555 putent.
1144 3480 1275 3556 graviter
1288 3488 1393 3536 errant.

319 3565 396 3622 Nam
421 3565 470 3638 qni
493 3565 535 3621 sic
558 3565 697 3638 loquitur.
720 3565 745 3622 is
768 3565 934 3641 hocpotius
957 3564 1129 3640 quemillnd
1143 3565 1296 3629 nomenei,
1321 3563 1395 3640 qnod

320 3651 379 3720 fiat,
403 3650 560 3706 convenire
585 3649 665 3716 dicit,
689 3669 746 3706 non
769 3651 825 3708 hoc
847 3651 920 3718 fieri,
944 3651 1067 3707 alterum
1091 3669 1149 3707 non
1171 3650 1244 3706 tiari.
1283 3649 1396 3708 Deinde

319 3736 365 3792 his
388 3735 504 3792 omissis
526 3735 638 3792 formae
661 3735 744 3792 verbi
766 3737 969 3810 approbavisset
980 3737 1055 3792 cutio
1068 3735 1149 3792 reddi
1161 3735 1273 3810 nequit.
1296 3733 1397 3812 [Nune

320 3831 435 3878 constat
457 3840 522 3876 cum
545 3820 606 3877 Eri.
630 3823 659 3878 Α
683 3831 712 3876 et
734 3821 775 3890 B,
805 3821 860 3878 hoc
883 3833 941 3890 est,
965 3821 1027 3877 sine
1051 3821 1140 3877 dnbio
1164 3819 1251 3896 Spin,
1275 3821 1305 3877 in
1330 3837 1397 3876 vere

320 3906 466 3982 scriptura
488 3903 678 3983 consentire]

406 3992 455 4048 43.
483 3991 559 4060 eroe
581 3992 669 4066 quod)
692 3989 742 4050 Sic
764 3991 932 4047 necessario
946 3991 1132 4047 scribendum
1144 3990 1216 4057 fuit;
1239 4009 1306 4046 nam
1322 3988 1396 4065 quod

258 4121 260 4126 .
320 4077 349 4132 in
374 4076 523 4134 codicibus
556 4077 664 4152 legitur
697 4076 865 4149 editumque
894 4077 931 4132 ab
960 4077 1094 4133 omnibus
1123 4087 1181 4142 est,
1216 4076 1289 4133 nibil
1319 4074 1396 4132 aliud

320 4171 416 4236 potest
440 4162 604 4238 significare
627 4161 699 4219 nisi:
722 4181 775 4234 quo
798 4171 912 4234 tempore
934 4171 998 4217 aut:
1021 4165 1141 4236 qrrotiene
1159 4165 1216 4218 uiso
1232 4172 1303 4230 curu,
1328 4180 1396 4236 quo·

315 4265 383 4302 snm
408 4256 564 4320 utrumque
586 4247 800 4322 ineptissimum
825 4256 878 4302 est.
922 4247 1028 4320 Itaque
1051 4247 1205 4304 Ernestins
1228 4251 1281 4302 sint
1308 4245 1397 4304 corri-

320 4331 416 4407 gebat.
441 4331 512 4389 Otto
535 4336 670 4406 quonium,
693 4341 817 4404 uterque
840 4330 972 4389 incidens
989 4332 1018 4388 in
1043 4333 1189 4390 causalem
1213 4333 1394 4394 sententiam,
