3000 5044
351 404 416 468 510
744 423 787 468 us
809 423 940 470 rrurnns
963 423 1033 468 sos.

352 588 422 654 finis
438 589 465 654 is
477 599 568 666 esset,
590 609 680 672 quam
694 601 805 656 natura
816 591 948 656 maxime
969 599 1142 674 quaereret,
1164 592 1246 656 idem
1262 592 1357 656 statui
1366 591 1412 656 de·

353 692 426 756 bere
442 693 481 756 de
492 692 587 756 totins
602 701 670 758 arto
682 693 772 772 uitae,
795 714 835 758 an
847 695 940 776 quod,
963 713 1032 758 cum
1044 711 1080 758 ex
1097 694 1199 758 ammo
1211 701 1413 758 constaremus

417 885 444 946 l.
468 897 526 962 quid
552 896 662 948 LPttor.
691 898 803 962 quidnam
831 914 876 964 pro
900 899 958 963 qnid
973 909 1063 948 notura
1086 899 1106 949 C
1176 897 1202 948 t'd
1223 909 1259 948 est
1283 899 1358 948 mutui
1377 897 1413 948 LC

352 971 376 1018 2.
395 965 563 1030 quodomb
599 985 627 1016 ac
645 983 693 1016 om.
712 966 845 1018 LPCROr.

353 1141 558 1216 interrogatur,
582 1141 747 1198 necessario
764 1143 923 1216 repetenda
941 1151 985 1198 est
1002 1141 1128 1199 causalis
1145 1141 1290 1216 particula
1308 1143 1414 1216 (quodne
1483 1141 1484 1212 ζ

353 1259 392 1268 ·-
415 1247 450 1282 an
473 1229 547 1300 quod
568 1260 608 1267 —
631 1247 666 1282 nu
689 1229 769 1301 qood.
793 1247 852 1283 cum
874 1231 1006 1284 arouimo
1028 1227 1107 1302 cet).
1141 1227 1267 1294 Deinde,
1284 1226 1412 1301 qnoniam

351 1313 381 1369 iu
404 1312 527 1388 singulis
549 1312 688 1370 membris
711 1313 828 1370 auditur
850 1331 887 1370 ex
910 1314 1006 1388 primo
1029 1315 1146 1370 dicerint
1168 1311 1231 1388 (on,
1255 1315 1330 1386 quod
1350 1330 1413 1368 ornnc

350 1401 453 1456 occinunt
473 1401 561 1474 speum
583 1399 634 1454 stoi
643 1401 851 1456 commendatum
864 1401 982 1456 dicerint
993 1397 1073 1474 cet),
1096 1399 1151 1456 hoc
1169 1399 1232 1456 fieri
1243 1398 1327 1456 nullo
1338 1407 1414 1474 pacto

351 1491 463 1558 potest,
487 1483 545 1540 nisi
567 1483 629 1540 aius
659 1484 796 1540 audiendi
824 1484 912 1541 index
940 1495 1067 1560 ponatur
1094 1486 1175 1559 quod.
1219 1484 1319 1540 Aliter
1345 1483 1412 1540 enim

350 1569 522 1626 adhaerebit
542 1569 579 1625 ad
601 1589 645 1628 on.
669 1569 750 1625 nulla
771 1570 925 1627 sententia.
974 1571 1143 1639 Postremo,
1177 1570 1248 1643 qnid
1276 1569 1333 1625 hoc
1358 1569 1414 1625 loco

351 1655 536 1710 scribendum
564 1664 654 1724 esset,
690 1653 1141 1725 manifestissima·ostendebat,
1175 1655 1254 1728 quod
1282 1654 1414 1729 seqnitur.

350 1749 486 1814 quartum
510 1741 685 1796 membrum:
707 1761 742 1796 an
765 1742 847 1814 qnod,
870 1761 929 1798 cunr
954 1774 990 1784 —
1015 1751 1205 1810 constaremus,
1229 1751 1253 1796 ct
1275 1742 1340 1798 naec
1360 1743 1412 1815 ipsu

351 1836 375 1882 et
397 1845 485 1882 eorum
503 1828 611 1882 mrtrttes
628 1845 681 1901 per
702 1847 730 1882 se
746 1847 803 1882 esse
825 1829 968 1884 srcnceudas
981 1823 1148 1906 (dixerint).
1176 1827 1281 1900 Itaque
1304 1843 1414 1900 prorsus

351 1911 450 1980 miror,
473 1911 546 1968 adeo
569 1911 710 1968 orationis
733 1909 856 1968 formam
880 1912 1007 1969 editores
1029 1911 1180 1982 fefellisse,
1203 1921 1236 1968 ut
1258 1912 1413 1968 eametism

351 1996 380 2052 in
404 2007 536 2053 extremo
559 1997 690 2054 membro
713 2005 880 2072 corruptum
909 1998 999 2067 irent,
1034 1997 1185 2054 Victorius
1212 2007 1242 2054 et
1270 1995 1414 2053 Ernestins

351 2084 425 2156 quood
448 2083 593 2148 tollentes,
617 2082 811 2158 Hottingerns
833 2103 901 2139 curm.
943 2082 1059 2158 (Gaius,
1072 2083 1243 2145 suisimilis.
1267 2083 1340 2156 quood
1352 2092 1413 2136 ante
1483 2099 1484 2102 ¹

351 2187 410 2222 cutm
433 2167 582 2224 abundare
605 2177 699 2243 putat,
722 2177 755 2224 ut
776 2167 806 2224 in
829 2171 904 2242 quod
924 2172 956 2225 si.
1002 2169 1051 2227 Sic
1073 2172 1147 2244 quod
1169 2169 1238 2243 poni
1262 2168 1291 2224 in
1309 2164 1413 2242 periodi

351 2253 435 2310 initio
465 2252 502 2310 ad
531 2271 595 2309 eam
624 2254 768 2328 superiori
780 2254 1023 2330 coniungendam,
1051 2254 1229 2331 ignorabat)
1279 2253 1354 2321 Quod
1376 2271 1414 2307 rc·

350 2337 528 2395 stituendum
541 2357 614 2408 esse,
627 2349 759 2396 senserat
770 2339 857 2396 etiam
870 2339 1011 2396 Davisius
1022 2339 1326 2414 necWesanbergium
1336 2337 1413 2412 fugit.

350 2423 528 2499 Saepissime
551 2425 580 2481 iu
603 2425 656 2480 tali
667 2443 812 2481 concursu
824 2425 1070 2494 coniunctionum,
1094 2425 1265 2500 praesertim
1279 2424 1413 2499 scriptum

352 2509 501 2578 similium,
525 2529 589 2566 cum
613 2529 671 2567 non
694 2529 814 2586 prorsus
837 2511 1023 2587 perspicuum
1046 2521 1133 2580 esset,
1156 2529 1215 2585 quo
1231 2521 1354 2584 utraque
1376 2527 1414 2564 rc·

350 2593 486 2661 ferretur,
509 2596 603 2652 altera
625 2605 691 2652 utra
713 2595 837 2662 excidit,
861 2605 893 2653 nt
915 2597 1049 2672 proxime
1072 2597 1101 2653 in
1124 2597 1157 2654 L.
1202 2595 1280 2670 (cfr.
1303 2597 1342 2654 11.
1364 2595 1413 2650 82:

351 2679 380 2736 in
403 2681 428 2750 I,
453 2681 491 2737 37
515 2681 576 2738 Erl.
598 2701 656 2738 cum
680 2699 733 2757 pro
756 2685 879 2754 quoniam
902 2681 985 2760 cum.)

430 2767 497 2838 finis
515 2770 542 2822 is
564 2777 641 2831 assat,
663 2766 755 2841 qutun)
778 2767 873 2824 Panlo
895 2768 1014 2825 brevius
1036 2786 1090 2824 nec
1113 2777 1209 2824 tamen
1233 2766 1354 2823 obscure
1365 2764 1414 2819 hou

350 2851 472 2919 dicitur,
501 2851 557 2908 hac
584 2852 744 2910 sententia:
777 2853 843 2908 finis
870 2853 977 2910 artium
1006 2853 1119 2928 positus
1147 2861 1192 2909 est
1213 2853 1244 2908 in
1265 2851 1304 2908 iis
1325 2851 1412 2906 rebus.

350 2955 424 3010 quas
445 2946 550 2994 natura
573 2939 696 3012 quaerit.
740 2938 817 2994 Nam
846 2939 964 3014 proprie
992 2939 1078 2994 finem
1106 2939 1213 2994 artium
1235 2945 1342 2994 natura
1362 2953 1412 2990 non

350 3022 481 3096 quaerit;
510 3024 562 3080 sed
583 3023 649 3080 linis
671 3023 778 3080 artium
802 3032 899 3080 atres
921 3043 940 3080 a
961 3033 1066 3080 natura
1088 3023 1255 3098 quaesitae,
1279 3041 1295 3078 e
1318 3021 1413 3096 quibus

349 3107 399 3164 ille
422 3107 488 3166 finis
510 3109 707 3180 constituitur,
730 3109 886 3184 cogitando
910 3108 1143 3175 confunduntnr3
1171 3119 1250 3165 artes
1272 3103 1412 3165 autemid

349 3191 465 3250 efficere
488 3195 605 3264 debent,
628 3195 706 3268 qnod
728 3204 834 3252 natura
856 3195 985 3268 quaerit;
1009 3213 1076 3251 nam
1098 3195 1212 3250 adeam
1224 3192 1411 3250 adiuvandam
1481 3249 1482 3260 ,

349 3279 650 3360 requisissemus&
677 3279 739 3354 16).
783 3279 832 3338 Sic
855 3289 952 3336 autem
975 3280 1116 3354 scripturn
1144 3278 1235 3336 fuisse
1262 3279 1293 3334 iu
1322 3277 1412 3334 melio·
1481 3281 1482 3310 u

348 3365 430 3422 ribus
442 3364 592 3422 codicibus
604 3366 749 3436 omnibus,
772 3365 859 3422 fidem
870 3365 984 3422 faciunt
995 3365 1058 3422 cod.
1076 3365 1162 3435 Mor,
1184 3364 1231 3421 El.
1243 3365 1327 3431 alter,
1351 3361 1412 3419 nrt..

348 3467 435 3524 quam
458 3469 522 3506 cum
547 3449 640 3508 Gzius
662 3451 692 3508 in
715 3451 850 3508 manibus
872 3451 1002 3522 haberet,
1026 3451 1145 3526 scripsit
1166 3459 1263 3506 tamen
1275 3450 1362 3506 homo
1373 3465 1412 3503 so·

348 3553 428 3592 cors:
464 3535 593 3612 „Scripti
621 3536 750 3610 editique
774 3545 845 3593 vett
867 3536 955 3612 plene
977 3536 1006 3592 in
1030 3537 1152 3612 vulgata
1173 3543 1337 3610 perstant“.
1378 3529 1411 3611 [B

348 3629 381 3676 ut
403 3619 480 3698 Ert]
529 3623 565 3678 In
598 3622 691 3678 altera
719 3621 865 3697 scriptura
897 3630 997 3696 aperte
1030 3621 1214 3678 desideratur
1245 3619 1412 3677 infinitivus:

341 3708 408 3779 finis
430 3710 454 3762 is
472 3707 738 3783 essctinvestigare,
762 3709 829 3781 quid
840 3717 939 3764 notcrro
950 3717 1098 3781 quaereret.
1126 3706 1233 3764 Audiri
1251 3707 1328 3764 enim
1340 3702 1412 3760 nullo

349 3791 434 3848 modo
457 3801 562 3868 potest.
590 3794 695 3866 Itaque
708 3793 853 3862 Bremius,
876 3793 1005 3849 Ernestii
1028 3793 1153 3868 vestigia
1175 3810 1310 3866 sequens,
1333 3787 1411 3846 scribi
1480 3837 1481 3868 ,

349 3877 489 3934 malebat:
516 3881 583 3951 finis
605 3881 635 3934 id
656 3889 738 3945 essct,
773 3881 847 3952 qood
868 3887 922 3934 eet.
946 3877 1064 3946 eadem,
1088 3897 1146 3952 qua
1168 3897 1237 3946 nos,
1261 3875 1412 3934 sententia:
1480 3889 1481 3910 ³

348 3981 406 4018 non
440 3964 693 4020 animadvertebat
724 3964 771 4020 vir
798 3965 940 4038 optimus,
974 3963 1090 4021 codices
1123 3963 1276 4038 ignorans,
1315 3960 1412 4018 Iotina

347 4049 523 4106 attractione
544 4049 613 4106 hine
635 4050 715 4126 gigni
738 4049 865 4124 primum
880 4051 947 4122 finis
968 4052 992 4105 is
1014 4059 1095 4117 essct,
1129 4048 1234 4106 deinde
1262 4048 1299 4104 ad
1321 4047 1350 4104 id
1371 4061 1412 4100 sc-

348 4135 529 4191 commodari
551 4135 658 4192 debere
680 4155 774 4209 quemn,
803 4133 833 4190 id
856 4144 915 4204 est,
948 4133 1097 4209 idipsum
1120 4133 1220 4202 nasci,
1243 4133 1322 4208 quod
1343 4145 1412 4187 nnnc

348 4221 591 4294 praestantissimi
600 4221 715 4278 codices
727 4220 878 4277 dederunt.
902 4219 973 4288 (tr,
986 4219 1109 4294 quaeda
1122 4219 1303 4294 pronominis
1314 4227 1413 4274 attrac-

349 4305 427 4362 tione
450 4306 487 4362 ad
509 4307 551 4372 Π,
578 4308 615 4362 19
639 4307 711 4376 dixi,
734 4307 772 4364 ad
794 4307 848 4374 lv,
873 4307 913 4362 43
936 4306 1041 4362 dicam.

433 4409 466 4446 ec
486 4395 575 4448 animo
590 4393 782 4464 cantaremus)
805 4391 1060 4466 Praepositionam
1072 4391 1134 4448 Erl.
1156 4389 1251 4458 dedit;
1273 4387 1413 4446 dedissent
1479 4381 1480 4410 ³
