2928 5012
342 369 413 434 LlV
778 388 973 434 belesario.

341 558 373 622 in
395 558 453 622 hos
475 558 712 622 commentarios
735 557 853 636 rettuli,
887 577 968 640 quae
995 559 1035 622 ad
1058 557 1216 622 Ciceronis
1244 557 1426 622 aliorumve

341 665 529 746 scriptorum
551 665 635 730 locos
657 665 868 731 emendandos
890 666 1128 746 explicandosve
1157 665 1363 746 pertinerent,
1387 665 1425 728 in

341 774 472 838 dicendo
494 773 691 852 brevitatem,
725 779 875 855 quantum
902 773 1005 854 potui,
1039 779 1172 840 secutus.
1218 773 1425 838 Alibrorum

341 881 560 962 bominumque
593 883 767 947 nominibus
804 880 957 946 iactandis
1001 891 1114 947 natura
1148 899 1218 946 mea
1254 881 1425 958 abhorrot3

340 989 518 1056 testimonia
540 990 739 1072 rationesque
761 1007 823 1054 non
846 989 957 1070 opinor
979 990 1190 1055 desideratum
1212 989 1260 1054 iri.

427 1098 525 1163 Multo
553 1099 624 1180 plus
651 1099 724 1177 loci,
759 1117 852 1180 quam
880 1097 1004 1176 vellem,
1032 1099 1063 1162 in
1087 1097 1315 1162 commentariis
1339 1099 1426 1163 meis

340 1214 473 1288 occupat
505 1206 635 1271 aliorum
666 1205 811 1271 refutatio
845 1213 939 1288 atque
967 1207 1061 1272 etiam
1089 1204 1299 1286 reprehensio.
1356 1207 1427 1271 Sed

341 1315 502 1379 scribimus
524 1333 626 1397 neque
647 1313 758 1395 peritis
780 1314 855 1379 solis
878 1333 979 1395 neque
1001 1313 1047 1393 iis,
1071 1314 1124 1394 qui
1145 1313 1278 1378 libenter
1294 1323 1326 1379 et
1343 1314 1426 1378 sim-

339 1421 460 1504 pliciter
482 1423 644 1487 veritatem
667 1423 846 1501 admittant,
880 1423 1046 1504 potiusque
1074 1422 1162 1486 multi
1186 1421 1299 1504 effugia
1320 1441 1426 1502 quae-

340 1537 415 1596 runt
435 1538 621 1612 veteresque
643 1549 767 1595 errores
789 1531 879 1612 quasi
907 1549 988 1595 nova
1015 1531 1141 1596 inventa
1163 1529 1311 1594 referrmt.
1357 1533 1426 1594 Ac·

340 1638 434 1704 cessit
456 1639 623 1719 singularis
645 1640 799 1719 quaedam
821 1657 916 1702 eausa
938 1657 975 1702 ac
998 1639 1174 1702 necessitas.
1220 1637 1314 1703 Dedit
1335 1639 1426 1704 enim

340 1745 415 1810 mihi
442 1744 583 1824 fortrma,
616 1746 679 1824 cui,
712 1746 739 1809 si
767 1765 887 1810 summa
919 1765 971 1811 res
999 1753 1176 1828 spectatur,
1209 1747 1427 1824 succederem,

340 1853 554 1932 Goerenzium,
577 1873 668 1935 quem
690 1873 757 1935 ego,
779 1873 817 1919 ex
839 1873 900 1936 quo
923 1853 1057 1934 primum
1075 1853 1232 1920 Ciceronis
1254 1855 1294 1918 de
1315 1852 1427 1935 philo-

340 1961 452 2043 sophia
473 1961 569 2026 libros
591 1962 702 2026 studiis
724 1962 801 2026 meis
823 1963 926 2046 attigi,
949 1963 1052 2028 nescio
1080 1969 1184 2026 utrum
1206 1962 1337 2026 miratus
1360 1963 1426 2026 sim

340 2070 439 2152 magis
466 2088 507 2134 an
534 2069 713 2151 indignatus
746 2069 850 2150 aliquo
877 2070 958 2134 inter
990 2069 1164 2153 philologos
1186 2070 1254 2134 loco
1276 2070 1426 2134 habitum

339 2197 410 2242 esse
431 2185 463 2242 et
484 2195 566 2242 nunc
587 2196 711 2259 quoque
738 2197 757 2241 a
780 2177 935 2241 nonnullis
962 2177 1084 2257 haberi;
1117 2180 1196 2242 adeo
1230 2178 1304 2242 mibi
1332 2185 1427 2244 totus

340 2305 377 2350 ex
401 2286 594 2368 neglegentia
622 2293 654 2350 et
681 2284 871 2364 oonbrsione,
905 2305 943 2350 ex
975 2286 1077 2350 latini
1111 2286 1263 2350 sermonis
1296 2305 1428 2352 summa

339 2393 516 2474 ignorantia
537 2401 569 2457 et
591 2392 768 2458 foedissima
789 2394 943 2472 barbaria
967 2413 1004 2459 ex
1026 2395 1140 2476 ingenii
1151 2403 1280 2474 torpore
1295 2393 1427 2458 iudicii-

339 2519 401 2583 que
431 2501 637 2582 perversitate
664 2520 734 2566 cum
766 2501 936 2566 incredibili
964 2503 1099 2584 quadam
1129 2501 1282 2566 oblivione
1309 2504 1428 2582 (quarn

340 2609 453 2674 Graeci
475 2605 638 2686 μετεωρίαν
660 2600 708 2666 καὶ
732 2603 880 2688 ἀμλεψίαν
902 2610 1090 2691 appellant),
1113 2609 1247 2691 denique
1268 2627 1305 2674 ex
1329 2629 1428 2674 arro-

339 2717 445 2798 gantia
467 2717 582 2780 mixtus
598 2715 770 2780 videbatur.
799 2718 875 2797 [Sed
892 2719 1039 2798 quoniam
1056 2719 1127 2799 plus
1143 2718 1205 2782 iam
1223 2717 1274 2782 ille
1295 2719 1326 2782 in
1351 2737 1428 2784 meo

259 2899 264 2918 ι
339 2825 417 2890 libro
440 2824 557 2889 obtinet
577 2824 646 2902 loci,
668 2843 761 2906 quam
778 2823 896 2905 vellem,
919 2826 1058 2890 omittam
1077 2845 1167 2904 nunc,
1190 2843 1272 2907 quae
1294 2827 1368 2890 olim
1382 2829 1430 2892 de

339 2939 407 2996 tota
428 2931 494 2996 eius
517 2950 614 3012 opera
630 2933 774 2996 universe
787 2934 1091 3015 comprehenderam,
1114 2935 1302 3016 quamquam
1315 2935 1428 3000 omnia

339 3059 414 3105 vera
436 3047 536 3119 erant,
559 3047 785 3120 contentusque
807 3059 861 3105 ero
884 3049 1010 3122 praeter
1030 3061 1081 3120 ea,
1104 3041 1239 3122 quaein
1262 3059 1426 3105 commen-

339 3148 419 3212 tario
442 3147 584 3228 plurimis
613 3147 688 3212 locis
716 3148 821 3212 notavi
847 3167 948 3229 paene
976 3149 1168 3214 incredibilia
1195 3157 1337 3230 peccata,
1371 3150 1427 3230 tie,

339 3267 420 3337 quae
433 3274 530 3336 supra
542 3257 586 3336 (p.
599 3255 769 3338 Xleqq.·)
792 3256 831 3320 de
854 3275 1040 3338 unogenere
1062 3256 1275 3339 neglegentiae
1292 3265 1323 3322 et
1346 3277 1427 3338 per-

339 3363 498 3428 versitatis
520 3363 660 3444 exempla
682 3363 796 3446 posui]
839 3363 917 3429 Post
938 3364 1144 3430 Goerenzium
1167 3365 1303 3430 Orellins
1325 3385 1428 3446 prae-

338 3471 420 3535 stitit
441 3469 515 3549 fere,
538 3489 619 3553 quae
641 3471 799 3552 expectari
827 3471 857 3536 in
881 3472 1032 3536 eiusmodi
1054 3491 1131 3537 cura
1153 3479 1185 3537 et
1208 3473 1321 3538 talibus
1344 3476 1427 3539 sub-

338 3578 425 3644 sidiis
447 3587 606 3660 poterant,
640 3595 697 3642 neo
724 3596 840 3659 paucos
863 3579 1026 3644 Goerenzii
1052 3589 1148 3662 atque
1169 3580 1263 3646 etiem
1285 3581 1427 3648 aliorum

338 3705 463 3752 errores
486 3687 596 3751 vitavit
617 3687 788 3768 prudenter
810 3693 841 3751 et
857 3688 1013 3766 correxit,
1040 3689 1195 3768 quaedam
1218 3707 1300 3753 nova
1322 3701 1378 3754 aut
1405 3713 1428 3758 a

340 3793 490 3860 lambino
513 3793 791 3876 aliisqueinventa„
814 3795 869 3859 sed
881 3803 992 3876 postes
1001 3796 1143 3876 neglecta
1155 3797 1289 3875 addidit;
1312 3817 1427 3864 remur

339 3901 518 3967 aCicerone
540 3909 744 3966 tractatarum
767 3903 909 3969 subtilem
922 3921 939 3967 e
952 3902 1081 3968 Graecis
1109 3903 1245 3968 lontibus
1268 3906 1426 3986 cognitio-

340 4027 410 4073 nem
432 4009 471 4074 ab
494 4029 531 4074 eo
554 4029 615 4074 non
637 4009 705 4073 iure
725 4010 875 4090 postules,
898 4010 951 4092 qui
969 4011 1158 4092 singularem
1180 4011 1212 4075 in
1235 4012 1293 4076 hoc
1303 4033 1427 4094 genere

341 4115 527 4197 scriptorum
550 4117 708 4182 Ciceronis
741 4135 869 4196 operam
901 4137 1018 4198 ponere
1051 4137 1112 4182 non
1140 4119 1347 4198 decrevissem
1381 4123 1427 4188 de

341 4223 482 4287 oratione
505 4225 617 4289 Latine
639 4234 672 4290 et
694 4225 787 4288 rebus
809 4225 1020 4306 grammaticis
1041 4227 1136 4307 paulo
1148 4227 1334 4308 prudentius
1347 4245 1426 4293 con-

341 4330 539 4412 stantiusque
573 4332 719 4396 iudicium
753 4331 818 4410 hic,
841 4341 875 4396 ut
897 4333 983 4410 alibi,
1007 4353 1068 4398 non
1090 4334 1245 4400 immerito
1267 4335 1426 4416 requiras.
