3034 5030
468 390 511 435 nr
535 389 747 436 ultumum
770 389 842 436 cur.
864 393 903 437 ιι.
1168 373 1232 437 401

149 557 466 634 occultanobissunt
490 558 644 639 quomodo
666 565 851 622 moveantur
873 557 1047 639 quibusque
1069 558 1232 623 decausis

150 677 191 722 ea
213 667 378 723 versentur
399 659 430 722 in
452 659 559 723 caelo?
582 659 659 736 Quis
681 667 785 723 antem
808 665 871 722 tum
894 659 1069 739 agrestibus
1080 658 1232 724 institutis

150 759 229 824 sivit
249 768 306 824 aut
326 760 396 842 quis
419 769 527 824 contre
549 761 653 825 studio
676 770 805 825 naturus
827 767 892 824 tom
914 759 1110 825 vehementer
1133 760 1230 825 obdu·

149 861 225 938 ruit,
247 869 282 924 ut
304 861 434 926 erebus
456 861 628 942 cognitione
650 861 752 942 dignis
776 861 944 926 obhorreat
965 879 1080 942 easque
1097 861 1230 926 sinevo·

148 961 275 1042 luptate
297 969 352 1026 sut
372 962 505 1026 utilitate
527 962 631 1044 ulique
653 981 714 1027 non
732 962 874 1043 requirat
892 969 924 1027 et
939 980 998 1042 pro
1015 962 1110 1026 nihilo
1121 965 1231 1043 putet?
1249 965 1271 1029 5

146 1070 207 1126 aut
229 1063 299 1143 quis
322 1071 379 1140 est,
401 1063 454 1144 quii
473 1063 633 1142 maiorum,
656 1072 712 1128 eut
722 1063 940 1128 Africanorum
962 1069 1017 1128 eut
1039 1063 1115 1142 eius,
1138 1083 1231 1145 quem

224 1270 243 1315 l.
263 1265 378 1329 quomodo
395 1277 533 1316 moueantur
554 1283 603 1317 om.
628 1269 646 1316 E
666 1285 711 1332 quo
729 1277 867 1316 moueantur
884 1266 1005 1316 LPMCB
1057 1271 1080 1316 9.
1104 1275 1231 1318 vorsantur

151 1333 302 1400 [AJLPnlc
354 1340 375 1384 8.
397 1335 626 1406 obduravitomncs
679 1344 702 1382 4.
721 1336 812 1400 coynitu
832 1337 850 1384 C
905 1340 918 1382 5
946 1343 989 1384 out
1002 1351 1048 1398 pro
1066 1334 1138 1384 nubilo
1159 1337 1176 1384 ll
1323 1337 1326 1344 ’

238 1525 288 1579 37.
311 1527 442 1598 quornodo
454 1521 620 1604 moueantur)
635 1525 685 1584 Sic
697 1525 772 1582 Pell.
784 1522 981 1602 (omnesnei),
1000 1525 1069 1581 Per.
1082 1525 1110 1595 2,
1128 1519 1226 1602 Εξχψ,

148 1607 230 1678 Gzii,
254 1619 379 1683 excepto
403 1609 481 1666 Gud.
505 1610 539 1679 2,
563 1629 681 1680 omnes,
705 1619 733 1666 et
756 1610 798 1666 sic
821 1609 878 1666 iarn
902 1609 971 1665 edit.
989 1629 1015 1666 a.
1042 1611 1131 1666 1480.
1170 1609 1229 1677 Quo

148 1693 231 1750 vicu
254 1703 283 1749 et
306 1693 424 1767 quidam
448 1695 513 1764 ulii3
537 1695 595 1751 vid.
618 1695 654 1750 sd
677 1696 719 1765 II,
744 1695 793 1751 53.
827 1695 893 1750 Hoc
906 1694 1034 1751 studium
1052 1713 1151 1751 rernm
1163 1713 1229 1751 cse-

146 1777 268 1834 leuium
281 1780 549 1854 cognoscendarum
561 1780 591 1836 in
603 1780 659 1835 huc
671 1800 702 1836 re
714 1780 790 1837 solet
800 1779 1038 1848 commemoreri;
1057 1779 1110 1836 cfr.
1122 1781 1164 1851 Π,
1178 1781 1228 1836 46.

148 1863 210 1918 Sed
232 1873 266 1918 ut
288 1881 365 1918 nunc
387 1863 534 1935 scribitur,
557 1865 603 1920 his
626 1865 738 1922 verbis:
771 1866 832 1935 itta,
856 1883 926 1938 quae
947 1866 1049 1920 occulto
1071 1865 1145 1920 uobis
1166 1875 1229 1922 suut

146 1945 347 2024 (increentur),
371 1967 496 2024 corporo
518 1950 657 2006 caelestia
679 1949 900 2017 describuntur;
934 1949 1015 2022 atqui
1038 1949 1090 2005 ille
1112 1949 1228 2006 occultu

148 2032 270 2089 minime
288 2042 365 2089 sunt.
393 2034 459 2090 Hoc
471 2044 537 2109 post
549 2036 626 2091 Dav.
638 2035 786 2091 intellexit
797 2033 942 2102 Bromius,
955 2033 1005 2107 qui
1018 2033 1149 2109 scripsit:
1161 2053 1227 2107 quo·

147 2119 227 2174 modo
243 2129 398 2174 moueantur
409 2116 524 2196 [ostr‹1].
553 2119 653 2178 Sensit
665 2119 755 2195 igitur
765 2119 854 2175 illud:
876 2122 945 2174 scire
955 2121 1076 2193 cupimus
1088 2121 1144 2189 11111,
1157 2137 1228 2192 quae

148 2235 191 2244 -—
213 2213 285 2273 sunt,
313 2204 490 2278 generaliter
512 2205 584 2275 dici,
614 2215 675 2262 tum
705 2204 833 2280 exempli
855 2203 920 2260 loco
943 2203 1068 2260 alterum
1090 2201 1226 2279 adiungii

146 2287 200 2344 sed
213 2289 358 2345 correctio
380 2289 491 2346 nullam
513 2289 751 2364 probabilitatem
775 2290 872 2345 hebet.
907 2289 1067 2345 Praeterea
1082 2289 1159 2345 Dav.
1181 2288 1226 2345 in·

146 2373 275 2442 tellexit,
298 2393 357 2429 non
370 2392 476 2430 vacare
488 2375 668 2451 tautologiae
681 2374 801 2432 criuiine
814 2375 900 2431 haec:
923 2375 1055 2447 quomodo
1071 2383 1226 2430 moueantur

143 2459 299 2532 probusque
321 2461 354 2514 cle
376 2463 466 2516 causis
489 2471 633 2519 uersentur.
657 2479 732 2534 quae
755 2459 892 2516 Bremius
913 2476 972 2516 non
996 2459 1070 2514 bene
1093 2467 1224 2516 excuset.

146 2541 242 2601 Codd.
266 2543 342 2599 Pali.
354 2563 466 2613 omnes,
490 2545 575 2616 Dav„
599 2545 679 2604 Oxx.
692 2545 764 2622 nux
775 2554 925 2601 versantur.
960 2542 1001 2621 [B
1013 2561 1079 2600 cum
1092 2543 1225 2600 11111111-

146 2625 265 2705 sentim]
294 2628 421 2686 Videtur
443 2629 548 2687 Cicero
571 2631 738 2706 scripsisse:
761 2631 892 2704 quomodo
910 2639 1065 2684 rnoueoutur
1076 2630 1226 2703 quibusque

147 2715 347 2783 (1111111141,
371 2734 441 2788 pisce
463 2726 605 2772 versamur
626 2719 653 2772 iu
676 2718 748 2772 coelo
770 2713 815 2792 (id
837 2724 890 2784 est,
915 2731 1039 2789 corpore
1061 2711 1225 2792 caelestia).

146 2798 208 2855 Pro
230 2810 386 2855 moveantur
407 2799 471 2856 cod.
495 2800 572 2858 Scel.
595 2809 625 2857 et
647 2801 692 2858 El.
719 2804 732 2856 1
758 2810 898 2856 uovuutur.

232 2885 370 2958 obduruit)
394 2883 613 2942 Corrcctionem
631 2886 707 2942 benc
719 2886 829 2942 hebent
840 2885 904 2941 cod.
917 2883 963 2940 El.
975 2882 1034 2961 (1),
1046 2879 1099 2954 Εξ,
1118 2883 1225 2940 secuti·

144 2987 203 3041 qne
226 2979 294 3025 sunt
311 2967 373 3025 fere
386 2969 513 3028 editores
525 2971 593 3027 inde
605 2989 623 3026 u
635 2971 715 3029 Crat.
738 2980 856 3045 praetor
868 2969 945 3028 vict.
959 2979 989 3026 et
1001 2968 1088 3026 Grut.
1112 2967 1184 3046 (ium
1197 2987 1223 3024 u.

149 3054 245 3124 1480;
264 3055 406 3110 obduravit
418 3074 475 3130 mg.
487 3055 582 3134 Cret.)
621 3056 744 3112 Totiens
757 3055 862 3114 Cicero
879 3073 914 3110 eu
931 3053 1036 3126 formu,
1049 3072 1124 3127 quae
1137 3053 1224 3110 huius

143 3137 370 3214 significationis
392 3141 513 3215 proprie
536 3151 588 3198 est.
612 3160 682 3198 usus
705 3150 764 3209 est,
788 3140 862 3196 adeo
886 3139 967 3196 nulla
988 3157 1025 3194 ne
1048 3138 1127 3213 apud
1149 3138 1224 3195 ulios
1305 3135 1310 3142 ’

143 3223 263 3297 quidem
286 3224 501 3282 inconstantiae
524 3227 650 3302 vestigia
672 3235 740 3283 sunt
761 3223 832 3306 (nisi
855 3223 1224 3299 quisimperativoobdura

142 3308 280 3366 absolute
303 3328 321 3365 s
342 3311 438 3384 poetis
461 3311 558 3386 posito
580 3312 693 3386 aliquid
714 3310 902 3367 tribuendum
915 3307 1023 3385 putet),
1046 3308 1223 3364 1111111111-

141 3393 233 3450 bituri
260 3394 368 3469 possit,
402 3396 473 3469 quin
507 3397 593 3454 unius
620 3396 737 3454 litterae
766 3395 900 3452 mendum
930 3394 1024 3451 codex
1046 3393 1224 3469 archetypus

140 3478 289 3536 hebuerit.
323 3480 400 3536 Turn
423 3485 526 3554 copititu
549 3483 587 3538 ad
608 3481 785 3539 Lambinurn
808 3489 838 3536 et
849 3479 1011 3538 Gruterum
1027 3487 1223 3554 propagatum

141 3574 215 3626 eret,
239 3574 343 3621 contre
365 3565 448 3622 codd.
472 3567 574 3644 (Dae,
597 3567 686 3639 01111,
711 3566 801 3640 Gzii).

228 3653 368 3719 maiorum,
391 3661 439 3708 aut
461 3653 652 3726 Africanorum
675 3663 723 3709 aut
744 3655 800 3708 eiius
823 3651 892 3725 cet.)
926 3650 1017 3706 Recte
1045 3657 1075 3704 et
1097 3647 1223 3704 maiores

141 3735 338 3791 communiter
360 3737 548 3811 appellentur
570 3747 600 3794 et
621 3737 748 3812 primurn
771 3737 867 3793 locum
891 3743 992 3791 tenent
1013 3731 1164 3801 Africani3
1192 3732 1223 3789 id

139 3818 252 3896 ambigi
276 3829 382 3895 potest,
405 3821 436 3877 in
459 3823 602 3898 exemplis
625 3823 725 3899 generi
749 3821 960 3896 subiungendis
982 3829 1100 3876 rectene
1122 3817 1224 3874 siccut

140 3935 184 3945 -—
195 3915 243 3960 anit
255 3914 391 3979 ponatur,
404 3907 488 3980 quasi
500 3908 607 3965 divisio
619 3909 665 3965 sit.
690 3906 883 3966 Scribendurn
901 3905 1031 3961 videtur:
1054 3913 1088 3960 ut
1111 3903 1222 3976 AJir'cu-

139 4008 250 4060 mrum,
285 3991 364 4064 quod
392 3991 448 4048 iarn
479 3993 555 4051 Gzio
583 3993 613 4051 in
643 4003 769 4049 mentem
798 3991 888 4047 venit.
939 3992 1077 4046 Prouuum
1099 3986 1222 4046 Catonis

139 4075 308 4132 censorium
331 4075 415 4132 illum
437 4096 506 4148 non,
530 4087 561 4135 ut
584 4078 736 4135 Manutius
759 4086 788 4133 et
810 4076 946 4133 Bremius
970 4083 1088 4150 putant,
1123 4071 1221 4128 minus

138 4160 270 4235 proprie,
294 4160 345 4217 sed
368 4171 447 4219 recte
470 4163 629 4239 appellari,
653 4161 835 4238 intellegitur
857 4179 895 4218 ex
917 4160 970 4230 iis,
1005 4177 1080 4234 quse
1103 4155 1221 4215 Gellius

137 4245 231 4314 ΧΙΠ,
258 4245 295 4302 19
320 4243 391 4320 (20)
414 4248 511 4305 tradit.
