2956 5028
304 393 367 458 232
697 409 742 454 ns
764 407 895 456 nmmos
918 407 990 454 sou.

303 578 338 642 in
362 576 504 642 omnibus
525 574 616 641 facus
638 595 686 654 re,
708 595 770 640 non
793 583 873 640 teste
894 593 1083 641 moveamur.
1127 575 1179 640 53.
1201 575 1280 640 Sunt
1301 576 1388 640 enim

303 679 386 744 levia
407 685 439 742 et
459 676 648 758 perinfirma,
670 696 751 758 quae
773 677 956 743 dioebantur
977 696 997 743 a
1019 683 1059 755 te,
1082 676 1176 741 animi
1195 677 1387 742 oonsoientia

303 779 462 862 improbos
483 779 663 858 excruciari,
685 785 752 844 ann
774 779 877 844 etiam·
888 795 1009 860 poenae
1030 778 1151 856 umore,
1173 795 1236 861 qua
1257 784 1313 843 aut
1334 777 1385 843 ai-

303 880 448 947 fioiantur
474 888 531 946 aut
552 898 676 962 semper
698 879 814 945 sintin
835 887 921 944 metu
942 899 983 945 ne
1004 877 1181 944 afficientem
1205 879 1386 960 aliquando.

265 989 286 1051 5
304 983 374 1047 Non
397 987 522 1064 oportet
543 982 686 1046 timidum
713 987 769 1048 aut
789 980 941 1046 imbecillo
963 981 1066 1046 animo
1087 980 1163 1061 fingi
1184 999 1246 1045 non
1268 982 1387 1046 bonum

303 1082 389 1148 illum
407 1083 517 1162 virum,
539 1083 602 1164 qni,
625 1082 777 1164 quidquid
798 1080 915 1162 feeerit,
936 1083 1006 1164 ipse
1027 1100 1063 1147 se
1084 1082 1201 1147 emuet
1218 1083 1388 1164 omniaque

304 1181 462 1262 formidet,
490 1185 547 1250 sed
569 1184 673 1248 omnia
695 1184 805 1250 callide
832 1182 1017 1249 referentem
1040 1185 1080 1248 sd
1102 1183 1280 1261 utilitatem,
1308 1201 1386 1248 acu-

304 1293 386 1364 tum,
407 1291 584 1365 versutum,
614 1293 837 1364 veteratorem,
864 1285 956 1350 facile
978 1291 1013 1350 ut
1034 1285 1199 1366 excogitet,
1228 1285 1387 1364 quomodo

373 1487 959 1540 a.cumaosnieom.mcucnmeom.1.
1012 1487 1227 1537 mummii
1273 1486 1332 1555 [qun
1361 1496 1388 1537 ut

303 1554 351 1623 A']
393 1556 535 1621 efficiuntur
553 1555 673 1606 Leues
717 1555 1018 1606 t.sonrnt³s1}tsuc
1060 1561 1081 1602 b.
1102 1571 1188 1604 munau
1207 1565 1264 1620 (pro
1282 1565 1387 1620 oportet)

305 1625 327 1673 li
363 1623 474 1674 imbecilli
489 1625 511 1673 li
547 1629 569 1672 t.
589 1623 721 1688 quidquam
737 1625 754 1672 li
791 1629 814 1675 8.
833 1625 994 1674 υινιαιιιιιιΕ
1037 1624 1211 1688 acapnum
1259 1641 1305 1688 quo
1323 1627 1388 1689 (pro

304 1691 428 1756 quomodo)
447 1689 611 1743 LPMCROr.

304 1881 343 1939 ad
370 1881 433 1954 111,
463 1883 513 1939 77.
569 1881 663 1939 Paulo
698 1889 766 1939 anta
787 1891 836 1939 aut
863 1884 934 1940 uncle
956 1881 1130 1940 confirmant
1163 1899 1220 1957 mg.
1250 1879 1331 1940 crat.
1355 1891 1390 1940 et

304 1967 368 2025 nod.
391 1967 469 2023 Viet
514 1967 592 2024 Nam
615 1966 757 2024 edebatur
784 1975 862 2038 tum,
893 1977 926 2024 ut
948 1977 994 2024 est
1015 1967 1045 2023 in
1068 1965 1264 2024 deterioribus
1286 1963 1387 2044 (Oxx.

304 2063 361 2127 χψ,
387 2050 456 2111 Gzii
478 2051 707 2120 recentioribus;
730 2052 756 2108 E
777 2071 814 2108 on
836 2071 897 2122 non,
920 2047 937 2121 ξ
958 2072 994 2108 au
1015 2071 1068 2108 uon
1089 2050 1203 2126 vm).

392 2137 441 2193 53.
463 2139 547 2193 animi
556 2135 729 2214 conciones)
751 2136 808 2208 Ita,
826 2146 859 2194 ut
870 2136 964 2196 Gaius
976 2135 1077 2206 edidit,
1089 2136 1178 2193 etiam
1190 2134 1235 2214 [A
1246 2134 1290 2212 et]
1304 2135 1387 2211 Spir.

305 2217 361 2297 [B]
373 2232 404 2277 et
415 2221 483 2278 Bae.
496 2231 526 2278 et
537 2221 582 2278 ed.
595 2219 676 2280 Crat.
699 2221 749 2280 Sic
761 2231 859 2278 tamen
871 2221 934 2279 fere
946 2231 1007 2278 tum
1019 2221 1178 2296 loquimur,
1201 2239 1265 2278 eum
1279 2221 1309 2277 in
1321 2221 1387 2297 pri·

305 2322 357 2362 ore
368 2306 499 2363 membro
511 2305 641 2364 nondum
653 2306 740 2364 simul
752 2307 874 2364 alterius
891 2307 1059 2382 expectatio
1072 2306 1278 2382 praesumitur,
1303 2307 1388 2380 quod

305 2389 354 2448 hio
381 2409 474 2466 paene
502 2391 565 2448 lieri
594 2390 730 2453 debuisse
757 2391 888 2464 videtur,
923 2391 1062 2466 quoniam
1089 2409 1202 2466 poenae
1224 2391 1314 2448 timor
1335 2392 1388 2449 vel

304 2475 496 2552 praecipuum
520 2485 700 2534 momentum
721 2475 865 2546 faciebam
895 2495 948 2534 neo
970 2477 1105 2548 memini,
1129 2487 1184 2532 tum
1206 2477 1248 2533 sie
1269 2477 1388 2551 posito,

305 2579 365 2618 non
387 2561 581 2636 praecedente
604 2581 672 2632 cum,
695 2561 764 2618 addi
787 2566 874 2619 edam.
919 2561 966 2620 Da
987 2581 1020 2618 re
1048 2561 1107 2618 vid.
1129 2561 1155 2632 I,
1179 2561 1219 2618 50
1242 2571 1272 2618 et
1295 2562 1347 2618 51.

390 2648 547 2720 afficiantur
567 2679 609 2688 —
632 2644 699 2725 unt)
732 2646 960 2705 Coniunctivum
994 2647 1023 2702 in
1056 2645 1206 2704 reddenda
1238 2647 1390 2720 Torquati

305 2731 452 2787 sententia
472 2731 671 2788 necessarium
693 2732 868 2789 confirmant
889 2731 977 2789 etiam
1001 2731 1100 2789 Pall
1126 2741 1155 2789 et
1177 2731 1256 2806 Spin.
1286 2731 1390 2788 Resti-

304 2813 362 2871 tuit
382 2815 546 2873 Ernestiue.
763 2803 772 2814 ⁸

384 2902 456 2973 stirpi
476 2921 527 2957 nort
545 2902 640 2958 bonum
657 2903 732 2958 illum
749 2896 850 2982 uirum)
873 2901 1055 2959 Pravissime
1077 2902 1167 2978 vulgo
1187 2899 1389 2976 distinguunt:

299 2985 383 3058 fiuqi,
417 3004 468 3042 nou
491 2987 585 3042 bonum
608 2988 683 3042 illum
704 2989 800 3043 mrum.
854 2986 960 3061 Itaque
990 2987 1136 3058 ,haerebat
1159 2986 1320 3044 Lambinus
1354 2987 1388 3042 in

305 3070 479 3144 pronomine
501 3073 589 3142 illurn,
622 3079 702 3128 reete
725 3071 867 3129 haetenus
894 3071 1063 3147 requirens:
1096 3092 1147 3128 non
1175 3073 1270 3128 bonum
1299 3073 1388 3127 tuum

305 3154 390 3230 (fingi
423 3151 563 3234 oportet).
607 3155 702 3229 Atqui
735 3156 856 3214 timidus
889 3155 960 3232 tingi
992 3165 1110 3232 poterat
1136 3157 1303 3232 improbus,
1338 3157 1390 3214 vir

305 3239 400 3296 bonus
422 3241 493 3316 fingi
516 3259 573 3298 non
597 3249 722 3316 poterat.
766 3241 833 3298 Hoc
855 3241 976 3299 dieitur:
999 3241 1060 3312 ille,
1083 3242 1120 3298 de
1143 3261 1201 3316 quo
1223 3239 1387 3316 loquimur,

305 3323 352 3380 vir
374 3343 432 3382 non
456 3325 550 3382 bonus
573 3322 756 3405 (improbus)
779 3345 838 3383 non
861 3327 949 3384 debet
970 3327 1040 3403 fingi
1064 3327 1192 3384 timidus.
1311 3353 1312 3358 ¹

390 3411 522 3484 quomodo
543 3411 655 3484 occulo)
693 3411 752 3478 Quo
781 3411 871 3468 etiam
903 3411 1028 3470 aliorum
1056 3412 1184 3487 aliquot,
1219 3410 1300 3468 velut
1327 3421 1387 3486 χψ,

304 3491 384 3552 Gud.
412 3505 550 3569 uterque,
585 3497 653 3553 Bae.
687 3493 732 3572 (et
758 3497 821 3554 eine
849 3497 938 3555 dubio
966 3497 1093 3572 plures);
1127 3505 1289 3554 correctum
1323 3495 1388 3554 iam

304 3579 401 3636 estin
424 3589 495 3637 vett.
513 3580 590 3651 edd,
613 3589 646 3638 ut
667 3581 697 3637 in
720 3581 823 3652 Marsi,
847 3582 927 3641 Crat.
971 3583 1007 3640 Id
1029 3582 1155 3658 arripuit
1173 3580 1279 3650 Gaiusr
1299 3580 1388 3656 igno-

304 3682 374 3721 rans
397 3675 494 3722 ortum
517 3684 580 3722 esse
603 3685 642 3723 ex
664 3667 838 3742 compendio
861 3668 937 3724 male
959 3667 1125 3733 intellecto,
1148 3668 1180 3724 in
1202 3685 1261 3742 quo
1283 3667 1314 3723 in
1337 3667 1388 3724 his

304 3747 388 3806 libris
401 3768 489 3825 saepe
501 3761 654 3826 peceatum
666 3761 727 3820 eet3
751 3752 819 3824 vid,
831 3761 950 3827 praeter
961 3752 1048 3810 huius
1058 3753 1127 3810 libri
1140 3757 1154 3823 5
1169 3753 1208 3809 60
1220 3753 1308 3824 etet,
1320 3771 1387 3809 var.

305 3833 405 3910 script.
428 3845 458 3890 et
479 3845 591 3894 annott.
614 3837 652 3893 ad
674 3837 733 3908 III,
757 3838 796 3894 67
821 3837 886 3914 (ubi
908 3837 1042 3913 plerique
1060 3839 1134 3913 quod
1151 3837 1270 3908 habent,
1293 3837 1386 3894 etiam

305 3917 385 3977 Oxx.
408 3915 538 3995 Εΰξψ),
571 3922 632 3992 IV,
658 3922 713 3992 26,
738 3922 793 3992 33,
824 3924 884 3993 50,
914 3923 964 3980 73.
1014 3923 1082 3980 Non
1105 3922 1258 3996 quaeritur
1279 3922 1316 3979 de
1338 3922 1386 3980 in-

305 4013 468 4062 strumento
491 4006 605 4062 occulte
627 4006 760 4088 fallendi,
778 4007 830 4064 sed
846 4007 882 4064 de
906 4008 992 4065 modo
1009 4017 1039 4064 et
1055 4008 1178 4065 ratione.
1213 4007 1306 4066 Gaius
1329 4027 1386 4064 suo

304 4107 385 4146 more
418 4102 572 4166 comparat
602 4093 702 4150 neseio
735 4109 822 4166 quem
851 4093 946 4159 locum
971 4111 1007 4150 ex
1030 4092 1166 4168 epistulis
1188 4093 1225 4149 ad
1247 4093 1385 4151 Atticum

304 4173 386 4249 (nam
419 4174 449 4230 in
483 4193 606 4234 numero
639 4186 768 4234 erratum
801 4167 874 4256 e'st),
908 4177 959 4234 ubi
993 4179 1121 4254 legatur:
1151 4181 1284 4252 areopitu.
1320 4197 1386 4254 quo

305 4261 391 4314 recti
397 4279 433 4316 ua
466 4263 519 4316 rata
550 4272 685 4319 orerentur.
741 4262 818 4319 Nam
849 4263 928 4336 quod
956 4264 1075 4337 qnidam
1098 4283 1152 4338 quo
1173 4281 1227 4340 pro
1250 4266 1387 4338 qreoruodo

304 4341 362 4399 dini
385 4353 505 4418 putant,
533 4355 635 4404 eontra
663 4365 779 4404 omnem
807 4348 971 4423 analogiam
996 4357 1026 4406 et
1048 4367 1132 4405 usum
1155 4348 1288 4405 nituntur
1311 4348 1385 4406 duo-
