3034 5030
444 415 486 460 eu
511 415 590 460 nnn.
609 415 670 460 uua
688 415 724 460 111
747 414 819 462 ene.
841 417 864 462 v.
1125 397 1187 464 387

118 583 175 646 iam
195 582 294 663 posui,
316 581 545 663 consequentia
575 581 652 647 Cum
674 583 755 648 enim
778 583 836 648 boc
858 583 1082 648 sitextramum
1105 587 1191 662 (sen-

117 684 154 748 tis
174 684 263 762 euim,
285 685 388 760 credo,
412 703 461 748 me
482 685 542 748 iam
565 684 633 762 diu,
666 687 750 766 quod
772 682 857 752 τέλος
881 685 994 750 Graeci
1016 687 1136 764 dicunt,
1158 687 1191 750 id

14 821 15 824 π
117 787 215 852 dicare
236 795 302 850 tum
325 795 511 864 emremum,
533 797 600 851 tium
622 785 776 864 ultinmm,
805 795 870 850 tvun
893 805 1060 866 svunmum;
1087 787 1192 853 licebit

14 973 15 976 Ἴ
116 889 203 952 etiam
224 888 317 952 finem
339 907 399 969 pro
421 895 558 953 extremo
570 887 743 954 autultimo
755 889 874 970 dicere)
888 925 927 934 -*
940 888 1116 970 cumigitur
1132 887 1191 954 hoc

14 981 15 1000 ³
117 990 154 1054 sit
173 999 360 1063 extremum,
393 997 600 1070 congruenter
622 996 753 1054 naturae
775 991 1056 1072 convenienterque
1079 991 1231 1070 viverat)

117 1092 288 1158 necessario
311 1091 461 1172 sequitur,
484 1109 591 1156 omnes
615 1092 772 1172 sapientes
795 1111 919 1174 semper
935 1091 1075 1172 feliciter,
1098 1094 1190 1158 abso·

115 1194 183 1267 lnte,
204 1193 364 1258 fortunate
393 1192 510 1269 vivere,
545 1193 629 1258 nula
658 1213 691 1257 re
717 1193 877 1275 impediri,
910 1193 995 1259 nulla
1022 1195 1191 1276 prohiberi,

115 1295 197 1360 nulla
218 1313 321 1377 egere.
367 1295 459 1371 Quod
481 1295 745 1360 autemcontinet
766 1314 827 1360 uon
850 1297 950 1378 magia
972 1315 1042 1360 eam
1053 1297 1190 1379 discipli-

115 1416 196 1475 nam
229 1399 270 1461 de
292 1415 356 1478 qua
376 1396 502 1477 loquor,
535 1415 628 1479 quam
650 1399 746 1462 vitam
768 1397 973 1479 fortunasque
995 1405 1137 1478 nostras,
1158 1401 1192 1465 id

114 1507 172 1578 est,
206 1505 255 1574 ut,
289 1499 373 1579 quod
407 1497 571 1562 honestum
599 1500 654 1576 sit,
688 1499 720 1563 id
748 1499 847 1564 solum
875 1500 988 1564 bonum
1011 1500 1190 1580 iudicemus,
1211 1503 1252 1566 10

14 1665 15 1698 ἶ
115 1607 214 1680 potest
246 1601 281 1665 id
307 1601 432 1682 quidem
464 1599 533 1664 fisse
565 1607 597 1666 et
624 1599 749 1682 copiose
776 1609 809 1666 et
835 1602 977 1668 omnibus
999 1602 1192 1667 electissimis

181 1861 202 1906 l.
220 1857 294 1905 som}
313 1857 373 1904 enim
393 1883 423 1892 -
442 1856 484 1905 boc
502 1857 534 1905 sit
552 1865 679 1906 extremum
697 1871 746 1907 om.
766 1857 819 1906 MR
855 1862 878 1909 2.
901 1854 968 1924 [telos
980 1855 1012 1923 Α]
1028 1857 1192 1921 preciteler

14 1913 15 1934 ¹
113 1933 166 1988 (pro
180 1923 258 1988 τέλος
275 1925 385 1989 spatium
406 1925 437 1988 C)
510 1923 701 1976 Graecos-dicut
720 1924 782 1976 cPc
852 1930 874 1973 3.
898 1933 945 1974 tum
969 1943 1081 1974 mmmom
1103 1942 1155 1992 oni.
1175 1929 1192 1975 l.

14 2031 16 2052 ‚
113 2001 134 2041 4.
152 2009 207 2056 ayn
225 1996 284 2057 (pro
303 1991 380 2056 &duri
400 1993 420 2041 P
438 1993 497 2042 enim
518 1993 560 2042 LO
627 2001 752 2042 enremom
770 1993 813 2043 boc
830 1993 861 2042 sit
881 1995 898 2042 Ε
953 1997 975 2042 b.
997 1993 1140 2059 [remoraris
1160 2023 1188 2032 ·-

14 2107 15 2118 ,
104 2063 230 2124 sortem
249 2061 328 2112 rivere
345 2077 386 2112 om
416 2061 444 2128 Α]
497 2060 604 2125 :equita
620 2077 669 2112 om.
689 2061 709 2110 P
764 2067 787 2112 θ.
807 2063 881 2127 [speri
899 2061 948 2128 Eb]
968 2079 993 2111 re
1012 2079 1077 2127 spere
1097 2065 1114 2112 l.
1167 2068 1190 2114 ⁹.

113 2127 236 2194 basma

14 2353 15 2392 p
113 2339 185 2394 quae
208 2321 278 2377 huie
301 2320 544 2378 demonstrationi
567 2329 763 2378 annectuntur
788 2319 936 2396 particula
957 2323 1040 2390 enim,
1068 2329 1139 2378 noto
1162 2330 1193 2379 et

14 2397 15 2402 ἵ
113 2405 259 2480 frequenti
282 2423 348 2475 usu,
371 2423 458 2480 quem
482 2415 549 2481 poet
571 2405 721 2463 Handium
746 2403 849 2485 (Tura.
877 2406 910 2463 II
938 2426 966 2481 p.
991 2405 1066 2480 379)
1094 2407 1193 2465 uberi·

14 2485 15 2522 ³
114 2511 162 2548 ore
185 2491 390 2566 exemplorum
414 2492 500 2566 copia
522 2491 670 2548 declaravi
698 2492 727 2548 in
756 2489 880 2566 praefat.
908 2491 946 2548 ad
964 2490 1028 2550 Cat.
1057 2500 1088 2548 et
1109 2493 1191 2550 Lael.

14 2593 15 2626 1
115 2574 239 2674 [quse.
262 2577 358 2676 Aead.
381 2577 413 2634 11
436 2596 464 2651 p.
489 2575 575 2654 286].
610 2576 723 2634 Eodem
736 2577 823 2633 modo
836 2575 960 2634 Graeci:
983 2562 1066 2633 acide·
1095 2567 1193 2652 ἐπειδὴ

14 2707 15 2782 Ῑ
114 2679 166 2736 γαρ
190 2679 418 2822 “liddeeddicuno
442 2746 492 2806 Sic
506 2745 573 2824 [B,]
592 2765 647 2823 mg.
661 2746 751 2818 Crat,
774 2741 818 2815 Εξ
841 2745 931 2825 (Mor.
958 2746 1059 2804 Graeci
1068 2743 1192 2826 dicant);

113 2830 242 2888 restituit
258 2840 327 2906 post
343 2832 423 2889 Mau.
436 2831 539 2903 Gzios,
564 2833 614 2907 qui
637 2852 675 2889 ex
698 2833 759 2890 suis
781 2850 870 2889 unum
890 2831 969 2890 Gud.
988 2832 1005 2888 2
1029 2832 1059 2889 id
1084 2832 1193 2889 babere

14 2903 15 2954 l
114 2915 193 2986 dicit,
217 2916 298 2990 quod
317 2925 385 2973 anta
410 2917 566 2975 edebatur:
594 2918 716 2975 Graecus
739 2920 821 2975 dicat.
849 2917 922 2974 Mox
945 2920 1027 2990 lpitor
1049 2917 1143 2976 Gaius
1155 2936 1193 2974 ex

113 2996 303 3080 omnibus(?)
321 3003 382 3059 suis
404 3011 523 3078 praeter
544 3003 624 3062 Gud.
638 3004 665 3074 2,
689 3003 739 3078 qui
761 3003 835 3060 haee
857 3002 1026 3072 omittebat;
1049 3011 1196 3060 anteerat

113 3105 190 3160 erpo;
214 3085 294 3145 Oxx.
317 3105 419 3144 omnes
441 3093 518 3144 enim.
552 3087 645 3166 [Tum
668 3099 735 3146 ectr.
761 3091 808 3145 boc
830 3091 865 3146 sit
887 3087 975 3146 etiam
998 3085 1050 3164 Β.]

192 3175 321 3246 feliciter,
344 3173 473 3232 obsolute.
491 3173 646 3250 fortunate)
670 3173 782 3234 Similis
794 3173 981 3230 coacervatio
993 3175 1021 3230 V
1034 3173 1123 3230 Tuae.
1139 3173 1194 3230 53:

115 3275 177 3330 erpo
198 3261 288 3314 omnio
304 3261 480 3333 profluenter,
504 3260 632 3329 obsolute,
652 3279 800 3334 prospere‚·
822 3262 904 3332 ipitor
926 3261 1008 3316 beate.

192 3353 283 3418 potest
304 3345 335 3400 id
356 3342 480 3422 quidem)
514 3345 593 3402 Hine
620 3344 763 3420 spodosin
786 3344 933 3420 incipere,
962 3343 1098 3420 superius
1120 3342 1195 3400 illud

113 3429 141 3483 td
162 3439 215 3497 eet,
239 3439 269 3484 ut
290 3428 412 3505 adiungi
435 3447 500 3486 cum
523 3430 722 3505 explicatione
744 3431 782 3487 ad
805 3429 893 3487 illud:
921 3432 995 3505 qood
1022 3439 1111 3486 autem
1133 3447 1194 3485 con·

113 3515 175 3570 &cet
197 3523 263 3584 eet,
289 3514 406 3570 dixerat
429 3515 585 3586 Davisius,
620 3517 690 3590 quia
712 3526 840 3573 erratum
868 3516 1003 3584 videbat;
1037 3523 1067 3571 et
1095 3523 1195 3571 tamen

112 3598 263 3656 aberravit
285 3597 389 3666 Gzioa,
412 3601 449 3656 de
472 3609 583 3676 puncto
605 3602 715 3658 maiore
738 3611 769 3657 at
791 3601 904 3658 minore
927 3619 1049 3677 nugaris.

199 3695 224 3741 et
246 3686 368 3741 amitibus
391 3687 554 3743 electissimis
576 3688 675 3760 omlis)
703 3687 738 3743 ln
761 3705 819 3763 mg.
842 3687 1050 3762 repetitionum
1076 3685 1195 3742 Lambi-

112 3769 267 3827 nianarum
280 3778 448 3842 annotatur,
470 3771 544 3829 alios
557 3773 704 3828 lectissimis
717 3772 854 3844 scribere,
873 3773 952 3846 quod
965 3771 1195 3829 communiorem

14 3905 15 3926 ἶ
117 3855 318 3928 praestantiae
341 3855 458 3912 laudem
481 3857 584 3927 habet;
608 3857 707 3932 itaque
725 3856 829 3916 Cicero
853 3877 969 3933 semper
991 3861 1070 3913 lectos
1092 3864 1123 3912 et
1145 3859 1195 3912 lec-

113 3943 229 3998 tissimos
251 3941 342 4012 viros,
366 3939 501 4013 feminas,
525 3943 729 4000 adulescentes
752 3943 899 4015 nominat,
922 3961 981 4000 non
1005 3944 1099 3998 electos
1122 3941 1195 4017 (vid.

113 4024 268 4103 Zumptins
280 4025 318 4082 ad
330 4027 416 4083 Verr.
428 4028 470 4098 11,
490 4029 540 4098 49,
565 4029 648 4086 cuius
659 4037 747 4085 notae
760 4029 992 4104 Wesenbergius
1004 4026 1086 4083 addit
1097 4026 1133 4082 de
1145 4027 1196 4083 ln-

112 4121 189 4168 vent
207 4113 232 4182 1,
247 4111 304 4180 523
327 4111 380 4169 cfr.
393 4113 438 4169 IV
456 4114 487 4169 in
499 4113 564 4172 Cat.
582 4113 643 4190 13).
683 4115 769 4170 Verbo
788 4133 905 4189 quoque
928 4115 1071 4170 lectissima
1093 4112 1195 4188 appel-

111 4195 211 4254 lantur
233 4197 323 4254 Orat.
358 4198 419 4254 227
448 4198 515 4256 loco
542 4200 611 4257 huic
634 4199 723 4256 simili
751 4197 871 4274 (optimis
893 4201 1029 4256 sententiis
1056 4199 1196 4272 verbisque

113 4283 259 4340 lectissimis
272 4282 382 4357 dicere),
407 4293 437 4340 et
458 4285 507 4342 Ill
530 4285 566 4341 de
589 4284 671 4344 Orat.
700 4285 759 4341 150
782 4285 894 4342 editur:
927 4296 956 4340 ot
983 4285 1087 4340 obiecto
1115 4294 1196 4358 atque

113 4366 358 4444 assolutamente)
375 4371 478 4443 sopiat,
508 4373 581 4427 lectis
609 4379 692 4444 alque
720 4372 870 4427 illustribus
893 4381 1000 4440 etatum
1035 4369 1085 4427 sed
1108 4371 1196 4426 electis

936 4485 986 4540 25*
