2944 5040
289 437 353 502 856

290 627 411 699 Deinde,
445 627 497 684 ubi
519 637 659 704 expectes
682 629 804 704 denique,

289 799 431 856 Delectari
449 799 484 856 ob
506 801 597 872 aliquo
621 799 670 870 32,
694 802 721 856 io
744 800 793 856 82.

289 885 460 942 Demetrius
483 884 648 942 Phalereus
671 885 742 942 700.

289 969 479 1028 Democritus
499 971 547 1038 37,
572 973 622 1040 46,
648 971 718 1037 642,
732 971 803 1042 761,

289 1141 504 1219 Demosthenis,
522 1140 560 1197 ad
587 1141 693 1200 fluctus
721 1161 804 1199 exer-

334 1227 436 1284 citatio
461 1227 532 1284 612.

290 1313 415 1388 Denique
440 1314 487 1370 10.

289 1399 441 1474 Depellere‚
466 1399 591 1474 repellere
614 1399 663 1455 72.

289 1486 499 1561 Deprelmdere
522 1486 571 1542 62.

289 1572 448 1646 Deprimere
470 1570 660 1646 neglegenter
674 1569 803 1645 positum

333 1656 369 1712 de
392 1674 424 1713 ra
447 1656 582 1732 graviore
606 1655 678 1713 773.

290 1743 424 1818 Dempere
447 1751 476 1798 et
498 1733 602 1798 demire
626 1743 675 1798 90.

290 1827 437 1884 Desceusio
451 1827 603 1898 Tiberina,
626 1846 686 1884 non
708 1829 803 1885 decur-

333 1916 380 1984 εἰο,
405 1913 476 1969 729.

290 1999 485 2056 Detrimentum
509 1999 608 2057 Stoice
632 2000 703 2055 461.

289 2084 419 2142 Devotio
443 2086 513 2142 247.

289 2169 456 2227 Dialectica
479 2170 572 2228 virtus
594 2168 674 2245 apud
686 2169 803 2229 Stoicos

289 2340 456 2398 Dialectica
478 2351 507 2398 et
528 2340 676 2398 rhetorice
702 2341 770 2398 169.

290 2407 492 2500 Διαλογισμός
516 2427 586 2484 306.

291 2509 389 2568 Dicere
405 2510 525 2568 auditur
547 2531 583 2568 ex
607 2530 704 2584 crepare
729 2512 787 2568 187
796 2531 803 2582 ;

333 2597 404 2654 durs
422 2597 653 2662 omissum127;
676 2597 806 2654 breviter

334 2681 462 2756 positum
490 2683 558 2751 158,
578 2683 649 2740 454.

291 2767 412 2842 Differre
434 2787 500 2825 oum
512 2768 613 2826 dativo
626 2769 656 2826 in
668 2769 804 2845 antiquo·

333 2871 397 2910 rum
421 2873 509 2929 prosa
531 2855 665 2914 oratione
680 2874 741 2913 nou
751 2876 804 2932 po-

333 2938 413 2995 nitur
442 2942 518 3010 681;
558 2943 663 3016 differt,
691 2942 722 3000 id
750 2951 803 3012 est,

335 3025 477 3082 discrimen
499 3036 539 3082 est
561 3027 633 3084 431.

289 3109 413 3182 Digitum
431 3115 571 3186 porrigere
594 3115 665 3170 441.

290 3195 421 3269 Drpnitas
445 3197 515 3253 342.

291 3281 494 3339 Dinomachus
521 3284 589 3342 171.

290 3366 440 3425 Diodorus
463 3368 680 3444 Peripateticus
706 3369 774 3426 171.

289 3452 440 3530 Diogenes
452 3454 636 3531 Babylonius
657 3456 726 3528 184,
740 3455 800 3512 425

333 3557 387 3612 ες,
412 3539 474 3596 830
497 3558 540 3614 sq.

290 3623 453 3700 Dionysius
477 3613 493 3680 ὁ
515 3617 720 3700 μεταθέμενος
732 3626 803 3683 777.

289 3709 444 3768 Discidium
466 3709 619 3780 Latinum,
642 3728 701 3767 nou
724 3713 805 3768 disei-

334 3797 418 3868 dr'urn,
443 3795 504 3853 799
528 3814 591 3870 sqq.

292 3879 387 3938 Distat
409 3884 478 3939 iuter
500 3882 648 3957 poeticum
672 3883 742 3940 586.

290 3966 374 4024 Dieti
397 3967 466 4024 152.

290 4051 439 4122 Dubitare3
458 4072 509 4110 uon
522 4053 648 4111 dubitans
660 4057 721 4112 dico
734 4055 804 4112 650.

290 4137 398 4196 Ducere
409 4149 521 4196 oetatem
533 4141 559 4196 iu
576 4141 672 4215 oliqero
681 4161 710 4198 re
733 4141 803 4199 696.

290 4222 446 4281 Dumtnrnt
473 4225 540 4283 177.

291 4307 388 4366 Durus
411 4311 497 4369 dolor
521 4312 569 4369 90.

291 4383 514 4470 Δυσχρήστημα
535 4397 604 4453 463.

567 455 672 502 INDEX
695 455 811 502 Rasum
828 456 873 502 ΕΤ
897 455 1083 504 VERBORUM.

858 629 888 686 Ε
909 639 938 686 et
962 631 982 686 I
1003 630 1034 687 in
1061 629 1267 687 adverbiorum
1293 647 1356 703 qno·

899 715 1022 772 rnndam
1056 715 1260 772 terminatione
1289 715 1355 782 754;

900 801 929 857 in
953 803 1138 870 Merendae,
1158 802 1266 858 Dor-eus
1286 799 1356 860 simi·

899 887 1035 961 libusque
1049 888 1127 956 700,
1150 886 1180 943 in
1196 887 1355 944 Carneadem

900 983 929 1030 et
951 972 1097 1030 similibus
1122 973 1192 1029 629.

857 1059 887 1114 Ε
908 1061 1020 1128 virtute,
1049 1069 1184 1115 enatura
1214 1058 1286 1126 649;
1314 1076 1344 1131 pe

899 1153 953 1202 tere
974 1164 1008 1202 ee
1031 1143 1109 1209 553;
1143 1164 1176 1200 es
1198 1145 1313 1202 electione
1331 1149 1356 1197 et

899 1251 932 1288 ee
954 1228 1010 1306 (ec)
1029 1231 1166 1287 selectione
1186 1228 1248 1286 iere
1265 1229 1354 1286 eodem

899 1316 986 1373 modo
1009 1316 1231 1391 pronuntiatum
1254 1315 1318 1372 549.

856 1404 904 1459 Eo
925 1421 969 1459 res
990 1411 1091 1475 agetur
1117 1403 1185 1459 141.

856 1489 930 1545 Ecce
952 1506 1017 1544 cnm
1040 1487 1210 1544 accusativo
1238 1505 1293 1543 non
1313 1483 1355 1542 Ci-

898 1573 1087 1630 ceronianum
1113 1574 1183 1630 306.

855 1661 1021 1717 Echecrates
1045 1659 1115 1716 760.

855 1747 1043 1820 Ecquandone
1066 1745 1137 1802 715.

855 1833 942 1888 Edim
968 1831 1036 1887 178.

855 1919 965 1990 Efficio,
989 1935 1021 1973 ue
1044 1916 1115 1972 494.

855 1991 1354 2076 KissiefestaapndEpieureosssli.
1463 1991 1464 1994 ’

856 2087 927 2144 Eius
950 2088 986 2144 de
1009 2085 1198 2144 feminarum
1211 2083 1354 2160 participio

899 2173 1061 2230 masculino
1073 2173 1152 2247 apud
1165 2171 1280 2228 Terent
1296 2168 1353 2226 113.

855 2259 1001 2316 Eiusmodi
1022 2277 1087 2316 cum
1110 2257 1246 2332 apposito
1269 2254 1332 2312 500.

856 2345 1010 2402 Elaborore
1033 2353 1062 2401 et
1085 2344 1210 2400 laborare
1233 2343 1279 2400 27.

856 2432 969 2488 Electus
991 2439 1021 2488 et
1043 2433 1125 2488 lectio
1149 2429 1222 2486 387.

855 2515 978 2593 Ellipsis
1002 2516 1084 2574 verbi
1108 2515 1163 2586 23,
1191 2515 1266 2582 167,
1294 2511 1354 2570 518.

899 2602 960 2661 Cfr.
991 2603 1112 2658 Verbum.

855 2687 1062 2764 Emancipatio
1086 2686 1136 2744 53.

856 2776 1071 2832 Emolumentum
1095 2771 1194 2832 Stoice
1219 2771 1285 2828 461.

855 2863 940 2918 Enim
962 2861 1087 2918 relatum
1111 2858 1147 2914 ad
1171 2860 1215 2914 ille
1237 2856 1309 2922 387;
1328 2853 1354 2909 in

848 3015 886 3084 ‘E
898 2944 1105 3086 resporglepdo
1128 2943 1178 3000 55.

886 3047 969 3085 rroeu
1016 3035 1032 3090 7
1059 3071 1065 3085 .

854 3107 1032 3190 ’Erssie'xeru
1056 3115 1127 3172 496.

855 3198 1001 3274 Epicurus
1023 3201 1156 3278 ingratus
1173 3199 1203 3256 in
1215 3193 1357 3256 Democri·

897 3293 958 3340 tum
973 3287 1027 3354 48;
1051 3285 1215 3342 ineruditus
1227 3285 1280 3350 58;
1302 3281 1358 3337 eins

897 3371 993 3429 oratio
1018 3373 1074 3442 33;
1097 3390 1116 3428 a
1137 3367 1287 3445 discipulis
1303 3366 1358 3423 lau·
1464 3379 1465 3434 1

898 3456 1046 3514 delusio.
1091 3455 1220 3532 Physica
1235 3453 1297 3510 eius
1310 3451 1358 3518 31;

898 3541 1082 3600 dialecticam
1110 3538 1282 3616 contempsit
1309 3537 1358 3604 48;

900 3627 1038 3704 physicae
1056 3627 1219 3685 doctrinam
1232 3625 1264 3682 de
1276 3623 1357 3680 erite·

899 3713 944 3770 rio
950 3714 1097 3788 quomodo
1104 3710 1278 3780 adiunxerit,
1291 3709 1357 3776 1183

899 3799 1080 3876 dephysioae
1092 3797 1220 3855 utilitate
1236 3796 1305 3864 120;
1326 3793 1357 3850 de

899 3884 1034 3943 sensibus
1056 3884 1198 3941 iudicium
1224 3882 1293 3951 1213
1315 3897 1357 3936 ca·

899 3989 958 4027 non
980 3972 1054 4041 120;
1078 3967 1241 4028 sententiae
1253 3966 1357 4023 ethicae

901 4056 951 4128 70,
975 4058 1026 4129 79,
1051 4057 1102 4130 85,
1116 4057 1166 4126 86,
1180 4055 1230 4128 89,
1243 4053 1289 4122 93,
1312 4050 1356 4120 97,

901 4142 951 4214 98,
968 4145 1115 4215 100,104,
1127 4144 1196 4213 106,
1213 4136 1356 4208 107,116,

904 4229 972 4298 117,
1000 4230 1067 4300 122,
1095 4229 1170 4298 147,
1195 4227 1269 4296 292,
1293 4223 1356 4280 294.

900 4313 1069 4388 Sapientem
1083 4333 1113 4372 se
1126 4311 1286 4390 appellarit
1296 4308 1356 4366 148.

901 4400 1039 4475 Epicurei
1061 4419 1113 4458 cur
1135 4399 1229 4458 multi.
1253 4397 1300 4456 57.
