2944 5040
448 417 621 466 morsus
638 417 682 464 m.
1040 401 1101 466 807

89 589 247 667 [Praeceperat
256 589 498 660 emendationem,
521 591 552 647 in
573 609 633 648 una
654 591 759 648 vocula
775 591 925 662 aberrans,
947 591 1102 662 Davisius3

86 675 243 732 confirmarunt
263 675 293 731 in
315 675 409 732 altera
430 683 514 751 parte
537 677 648 752 (doleat,
671 677 791 734 sideletu
802 677 850 756 sit)
872 676 977 754 optimi
988 677 1102 734 codices

83 769 136 837 post
151 757 247 837 eolat]

147 847 177 904 lt
203 846 231 903 ln
252 844 346 904 Caelii
368 846 495 922 epistula
517 847 564 902 sd·
576 845 748 905 Ciceronem
770 845 822 925 (ad
833 847 1016 925 samum)
1040 848 1101 918 &2

79 933 138 990 baec
154 949 213 989 nunc
231 930 379 1008 leguntur:
402 933 443 988 M.
456 932 585 989 Seruilius
602 943 757 1008 postquam,
780 942 810 990 ut
832 943 962 1008 crepent,
984 934 1103 990 munibus

77 1021 98 1074 r'n
117 1019 177 1074 rebe
199 1017 320 1088 turbarat,
342 1035 398 1088 nec,
420 1019 495 1092 qnod
515 1020 710 1090 consciderat,
732 1019 882 1093 quitquam
908 1019 1103 1095 reliquerat‚¹)

74 1107 210 1177 nummoque
227 1103 298 1159 nobb
319 1105 436 1160 eadum
457 1114 515 1160 erat
536 1101 686 1181 inmiiicst)
708 1123 793 1178 neque
813 1105 970 1161 Laterensis
981 1115 1103 1180 praem,

67 1189 349 1264 permundandum,
372 1189 587 1264 componens,
614 1187 697 1257 QUO
718 1191 776 1246 EA
797 1188 983 1246 PEOUNIA
1005 1190 1103 1247 PER·

77 1273 251 1345 lOENISSEZ
273 1276 501 1349 resperserint,
523 1275 598 1348 quod
618 1275 717 1344 Pilius,
740 1278 905 1332 necessarias
915 1274 1001 1333 Attici
1008 1279 1102 1346 ποεῖν-ι’,

67 1362 96 1417 de
115 1361 241 1434 repetundis
262 1379 321 1416 eam
338 1361 494 1435 postulavit.
538 1359 695 1435 Accipitur
716 1379 814 1436 neque,
843 1361 961 1436 opinor,
996 1379 1049 1436 pro
1072 1381 1104 1418 ne

65 1446 207 1520 *quites
228 1445 305 1502 ntab
318 1463 353 1501 ee
374 1444 512 1520 epodosis
534 1445 670 1521 incipint3
693 1446 745 1502 sed
756 1445 827 1520 quid
848 1445 897 1502 hic
918 1455 987 1522 agat
1008 1465 1040 1502 ne
1062 1479 1102 1488 -

61 1533 162 1605 quedem,
181 1547 256 1586 nemo
278 1529 448 1607 intellegere
470 1539 576 1606 potest,
599 1531 750 1606 multoque
761 1531 866 1602 minus,
890 1549 942 1588 eur
962 1550 999 1588 ne
1015 1532 1103 1588 Late·

58 1617 141 1673 reneis
160 1615 264 1690 quidem
286 1633 392 1673 nomen
414 1616 457 1673 rei
478 1617 609 1692 recipere
631 1616 767 1688 voluerit,
791 1617 868 1691 quod
880 1616 975 1674 Pilius
997 1616 1104 1674 dealia

56 1721 85 1758 re
102 1720 159 1758 eum
170 1700 330 1776 postularet
358 1701 496 1758 Debebat
506 1702 610 1760 saltem
623 1702 682 1760 dici
695 1705 860 1778 postularat,
883 1703 939 1760 etsi
950 1721 997 1760 res
1009 1702 1102 1760 nihilo

53 1787 148 1844 melior
156 1787 238 1843 fieret.
255 1785 402 1844 Nimirum
414 1789 538 1862 qncdest
548 1785 582 1856 Q.
594 1786 757 1864 [codMed.
769 1786 821 1865 q’]‚
833 1797 953 1862 totaque
964 1787 1102 1864 periodus

52 1873 93 1930 sic
112 1872 248 1930 cohaeret:
271 1871 401 1928 Serulius
419 1883 564 1948 postquam
589 1905 626 1916 --
650 1871 724 1947 nobes
747 1875 863 1931 trarb'tus
886 1883 945 1930 erat
956 1907 1006 1946 -,
1019 1891 1102 1948 sasque

49 1959 193 2015 Laterense
212 1991 253 1998 -
274 1961 390 2032 recepere
411 1960 500 2030 coluit,
529 1957 561 2027 Q.
585 1959 674 2016 Pilius
691 1978 801 2016 -enm
819 1961 975 2034 postolavit.
1008 1959 1101 2033 Erep-

46 2053 104 2101 tum
131 2042 278 2102 Servilium
305 2043 474 2101 Laterensis
507 2044 624 2101 decreto
657 2064 695 2102 ex
721 2063 781 2100 una
808 2045 978 2119 quaestione
1006 2043 1101 2102 Pilius

41 2131 79 2186 nd
100 2129 214 2186 alteram
234 2128 340 2203 rapuit
383 2129 579 2204 Temporibus
603 2130 758 2187 verborum
780 2129 942 2205 particulae
954 2141 1102 2206 postquam

39 2215 228 2274 subiectorum
239 2213 388 2271 variandis
400 2213 518 2272 Caelius
540 2225 608 2290 apte
631 2215 790 2292 superioris
813 2223 905 2272 status
917 2233 1100 2274 communem

37 2299 256 2374 descriptionem
279 2294 420 2377 (turbarat
443 2331 479 2342 -
504 2303 650 2375 reb'qnerct
670 2303 847 2359 -traditus
868 2302 940 2378 erat)
963 2301 1101 2358 etunius

34 2385 76 2442 rei
98 2385 229 2461 proxime
249 2402 439 2461 praegressae
460 2386 641 2444 notationem
664 2386 826 2462 distingvit,
849 2396 878 2444 et
900 2387 929 2443 in
951 2387 1007 2444 hac
1028 2386 1100 2463 legi·

34 2473 104 2528 timo
125 2468 255 2546 perfecto
277 2470 371 2527 utitur
392 2467 553 2548 (postquam
576 2503 615 2514 -
638 2469 784 2550 noluit).³)

113 2557 170 2614 XI.
193 2555 284 2630 Apud
293 2557 459 2614 Varronem
466 2557 502 2614 de
513 2557 592 2614 [tlt
604 2558 628 2628 Ι,
642 2558 692 2628 45,
706 2558 723 2613 2
736 2574 814 2614 nunc
831 2557 940 2614 editur:
970 2558 1099 2616 Veneram

34 2647 95 2700 *nim
114 2644 203 2716 pelam
225 2642 364 2699 radicibus
386 2643 486 2700 tenellis
507 2643 557 2699 sub
579 2653 653 2700 terro
674 2653 699 2700 et
720 2646 950 2718 mprcviryultis,
973 2661 1100 2717 quaenec

35 2731 113 2785 odem
136 2737 253 2802 tecrpcre
274 2745 358 2800 oeque
379 2738 513 2798 crescam,
547 2727 597 2785 ubi
624 2747 671 2786 nec
698 2728 786 2786 debet
812 2747 890 2786 esse:
923 2729 992 2784 ancl
1016 2729 1098 2798 nicht,

34 2831 205 2888 tnamqnam
227 2811 266 2868 ed
287 2823 417 2882 crescunt,
440 2831 498 2871 non
520 2813 558 2870 ad
569 2817 658 2871 eodem
670 2824 784 2890 tempore
795 2823 857 2871 tum
868 2813 1005 2890 pertinet.
1040 2811 1098 2872 Sed

36 2918 116 2973 eque
139 2905 259 2954 veteres
271 2897 423 2968 editiones,
446 2898 477 2956 in
489 2899 594 2973 quibus
605 2917 696 2975 prave
708 2899 846 2957 scribitur
856 2901 981 2973 cirquites,
1005 2917 1099 2973 neque

34 2983 228 3052 frementium
257 2982 336 3057 apud
358 3001 445 3057 quem
466 2993 545 3041 recte
567 2987 698 3059 virqultis,
721 2984 831 3042 habent
848 3003 925 3059 qnae.
954 2984 999 3042 Eo
1010 2984 1101 3061 igitur

34 3070 150 3140 ublato,
171 3087 220 3126 nec
242 3085 350 3124 novam
371 3069 545 3126 sententiam
568 3069 712 3146 superiori
734 3066 918 3150 adiungit⁴)

34 3343 53 3402 Ι)
75 3339 124 3390 Sic
145 3347 220 3389 recte
239 3341 390 3402 Lambinne3
416 3343 505 3404 vulgo:
534 3341 597 3404 qnod
618 3358 663 3390 non
686 3340 795 3390 eosdm
815 3340 935 3404 cuiqnam,
962 3338 1098 3402 reliquerat.

73 3408 178 3457 Latine
200 3411 308 3460 dicitnrr
335 3411 394 3460 nuc
411 3409 501 3474 relapsi,
520 3409 584 3474 qnod
600 3409 784 3468 nonvomderem
803 3409 899 3472 (elicui,
917 3407 976 3458 hnic
993 3409 1033 3458 vel
1051 3407 1097 3468 illi,

71 3477 102 3526 id
123 3485 176 3536 eet,
198 3478 327 3544 calpon„
345 3481 470 3544 quoquam
487 3493 517 3528 eo
535 3479 592 3528 loco
610 3478 669 3543 peni
688 3493 790 3543 prorsus
808 3479 900 3541 nequit.

39 3551 47 3607 l
70 3545 120 3595 Sic
142 3545 301 3606 Manutius3
325 3563 405 3612 neque
428 3548 521 3598 dicitur
544 3547 644 3596 Latine:
668 3547 772 3596 badim
794 3545 887 3610 aliquid
908 3545 966 3594 muti
985 3543 1097 3604 ebcidt'cre,

67 3623 102 3664 nt
122 3615 245 3664 dieitur:
269 3625 304 3665 eet
320 3617 378 3666 moiri
392 3615 504 3676 moadiae,
523 3631 603 3681 neque
620 3617 656 3665 M.
675 3615 797 3666 Servilius
806 3615 894 3666 Caelio
908 3615 1018 3664 invidiae
1036 3623 1098 3674 erat,

65 3683 118 3733 sed
146 3684 210 3749 ipse
236 3686 342 3736 ardebat
363 3686 470 3744 invidia,
499 3686 570 3735 cuins
593 3685 737 3734 incendium
761 3683 863 3735 Caelius
886 3684 1031 3746 extingrere
1055 3685 1098 3732 de-

63 3753 161 3802 bebat.

34 3833 37 3876 t
62 3821 161 3870 Beieri
186 3837 312 3881 errorem,
331 3823 357 3870 iu
375 3821 414 3871 hie
432 3823 513 3872 verbis
531 3824 572 3885 (de
583 3821 632 3872 Off.
639 3823 660 3884 Ι,
679 3826 733 3881 159,
753 3823 798 3870 etsi
817 3828 884 3870 recte
901 3821 975 3869 aliter
992 3820 1098 3881 editur):

59 3888 149 3939 Haec
163 3889 248 3954 ipim
265 3907 310 3939 non
319 3890 429 3955 susceptet
447 3891 483 3940 rei
494 3890 606 3956 publicae
623 3907 707 3950 maen,
724 3887 1101 3954 neorespnbliceprcsesuset'pt'

56 3958 134 4008 volet
162 3959 228 4008 eine
249 3959 303 4008 ulla
320 3959 424 4008 minime
442 3975 519 4010 causa
537 3976 579 4010 neo
596 3975 642 4025 pro
661 3977 689 4009 ne
709 3985 735 3994 -
749 3957 840 4022 quidem
858 3957 1017 4022 accipientis,
1036 3957 1098 4007 satis

54 4037 104 4076 est
130 4027 183 4078 hio
205 4027 238 4076 in
256 4029 368 4091 margine
386 4044 605 4088 commemorassem
629 4027 687 4078 Gnii
710 4035 846 4092 stuporem,
864 4042 937 4089 nepae
954 4041 1001 4090 pro
1018 4043 1046 4074 ne
1065 4051 1097 4062 -

52 4095 171 4160 quidem
183 4095 305 4160 positum
316 4098 429 4161 putantis
447 4099 478 4147 de
493 4097 550 4150 rin.
560 4098 581 4156 1,
592 4101 624 4145 23
644 4100 726 4160 (neque
736 4113 786 4145 enm
800 4094 958 4159 Torquatum)
976 4101 1001 4144 et
1014 4094 1048 4154 ll,
1067 4097 1097 4142 te

51 4167 126 4228 (nors
149 4163 255 4214 dicim
279 4164 371 4216 loetslr'cs
388 4183 429 4216 nec
444 4165 558 4232 paediam
576 4166 600 4215 in
617 4165 727 4230 corpore)
745 4173 770 4214 et
788 4164 821 4224 ΙΙ,
839 4167 867 4213 71
897 4160 975 4228 (Nom
998 4180 1040 4212 nec
1061 4161 1099 4211 vir

47 4235 143 4283 bonus
173 4237 258 4297 cet),
286 4250 317 4284 ne
335 4235 376 4284 hic
394 4236 494 4299 quidem
512 4235 672 4298 attingerem,
700 4233 748 4282 nisi
767 4235 798 4282 ab
816 4233 873 4283 eliis
891 4247 948 4281 enm
965 4232 1040 4282 buius
1062 4231 1097 4281 rei

44 4311 216 4353 auctorem
239 4305 311 4353 citeri
328 4305 444 4355 riderem.

45 4370 99 4438 [In
125 4371 266 4422 libroIX
285 4375 316 4422 de
334 4373 362 4422 L.
379 4373 408 4423 L.
427 4389 452 4438 p.
470 4378 516 4422 tet
535 4374 592 4438 Bip.
611 4372 796 4437 apertissimum
819 4378 857 4422 est
874 4369 1046 4422 anacoluthon
1065 4369 1096 4434 (si
