2928 5012
493 393 688 440 susannam.
1050 377 1129 442 XIII

66 567 146 630 nodo
168 565 330 646 patiantur
352 581 404 640 ea,
433 581 512 644 quae
535 562 749 643 proferuntur,
783 582 914 644 prorsus
936 564 1038 630 omnia
1060 583 1129 630 omn

67 671 167 737 nifinds
194 671 351 737 codicibus
378 671 596 753 conspirantia.
646 671 692 736 Eo
720 690 789 736 cum
811 673 945 752 accedat
968 680 1004 737 ut
1024 673 1146 738 exhoc·

67 782 159 846 {odire
180 781 277 844 multo
300 771 463 860 pauciores
486 779 659 860 scripturae
687 798 779 860 quam
806 799 844 844 ex
865 780 927 844 ullo
949 781 1010 846 alio
1032 799 1129 846 anno-

66 897 170 967 tantur,
192 895 225 953 et
245 897 282 952 ut
303 889 343 953 de
365 906 401 952 eo
424 906 482 967 per
503 895 585 950 totas
607 887 738 970 paginas
761 888 914 953 silentium
937 889 986 968 sit,
1008 889 1038 952 in
1061 891 1129 970 qui-

65 998 117 1061 bus
148 997 240 1077 plane
272 995 451 1060 incredibile
484 1003 532 1059 est
565 1014 634 1059 eum
662 997 857 1061 consensisse
889 1015 958 1062 cum
985 1003 1131 1063 contextu

66 1106 169 1170 iibveti
192 1105 330 1186 undique
351 1103 483 1168 conflato
506 1103 656 1183 (velutin
678 1103 785 1168 libroI
806 1104 877 1169 inde
899 1106 938 1170 ab
960 1104 1083 1184 afferrat
1098 1107 1129 1170 in

66 1215 142 1294 §55
162 1216 203 1280 ad
225 1211 386 1276 mmaetrosi
407 1211 546 1292 inpii),
569 1204 709 1292 apparet
731 1212 805 1293 qiud
827 1213 872 1278 rei
895 1213 943 1278 sit.
978 1215 1038 1279 Sed
1049 1215 1131 1280 idem

65 1322 168 1386 accidit
189 1321 219 1386 in
244 1337 279 1399 ψ,
302 1341 320 1386 e
342 1320 497 1401 quoinde
519 1320 558 1384 ab
575 1320 599 1398 i,
612 1321 653 1384 52
676 1317 810 1401 (inperio
832 1321 1025 1404 protegenti)
1048 1322 1132 1386 nulla

65 1429 216 1510 proicitur
238 1430 396 1511 scriptura
417 1447 517 1510 usque
538 1428 578 1492 ad
601 1429 642 1492 62
664 1428 835 1509 (migrarec
856 1449 914 1510 pro
930 1429 1063 1512 migrare
1073 1429 1132 1509 da),

64 1558 159 1620 neque
180 1547 285 1602 tamen
308 1537 371 1601 ulla
393 1534 506 1600 codicis
527 1535 638 1600 lamma
659 1543 834 1600 annotatur.
879 1539 988 1618 Itaque
1011 1537 1132 1602 silentio

63 1647 197 1711 codicum
220 1646 441 1710 oxoniensium
468 1662 527 1724 pro
555 1643 729 1708 testImonio
759 1645 813 1722 uti,
847 1644 905 1709 nisi
938 1645 990 1708 ubi
1017 1647 1132 1726 aliquid

63 1756 184 1820 aliunde
206 1752 448 1818 confirmationis
469 1755 604 1832 accedat,
627 1752 943 1832 imprudentissimum
958 1763 1013 1818 est.
1037 1754 1133 1836 [Olim

64 1881 135 1926 usus
155 1881 242 1927 eram
264 1861 296 1926 in
318 1861 368 1925 his
390 1859 503 1924 nulllus
526 1860 719 1924 auctoritatis
738 1859 893 1925 codIcibus
916 1861 1056 1942 exemplo
1067 1861 1132 1926 Ha·

63 1971 136 2034 lensi
155 1990 185 2034 a.
202 1972 294 2048 lsai,
317 1986 398 2033 nunc
420 1969 490 2048 ipsa
511 1986 586 2032 usus
610 1986 678 2031 smn
699 1969 833 2033 editione
855 1969 1047 2052 oxoniensi]

142 2079 182 2142 ia
223 2075 367 2162 (Codices
397 2075 577 2156 emanat.)
627 2077 671 2140 Io.
689 2078 768 2156 Aug.
798 2075 989 2142 Goerenzius
1018 2078 1132 2164 (1813)

64 2205 134 2250 usus
154 2196 206 2252 est
227 2186 334 2250 codice
344 2181 539 2264 Erlangensi,
562 2202 651 2265 quem
664 2185 732 2264 ipse
745 2185 882 2263 contulit,
905 2187 944 2250 de
956 2205 1017 2266 quo
1030 2187 1133 2252 codice

63 2307 130 2374 post
139 2294 252 2371 dicam
270 2291 521 2374 Guelferbytanis
538 2291 667 2370 duobus,
690 2312 822 2374 quorum
834 2293 1038 2358 Gudianuml
1060 2295 1133 2359 dicit

64 2403 172 2466 saeculi
201 2401 301 2482 quinti
328 2399 439 2465 decimi
468 2398 577 2478 fuisse,
616 2399 792 2464 Gudianum
816 2402 835 2464 2
858 2401 1046 2482 Heusinger,
1080 2403 1132 2483 qui

64 2509 157 2574 Guelt
183 2511 201 2572 1
226 2509 375 2590 appellat,
398 2509 429 2572 in
453 2507 644 2588 praefatione
672 2507 815 2572 editionis
843 2507 991 2573 librorum
1013 2511 1052 2574 de
1075 2510 1133 2575 bii.

64 2619 138 2680 circa
159 2637 188 2681 a
205 2619 291 2681 1300
312 2618 462 2697 scriptun
484 2616 571 2692 dicit3
595 2615 745 2694 Bromius,
768 2616 820 2697 qui
834 2616 1005 2697 scripturas
1028 2619 1094 2683 eius
1116 2639 1135 2682 a

65 2725 106 2788 Fr.
119 2731 157 2789 A.
174 2723 293 2788 Wolfio
315 2731 459 2805 acceptas
481 2724 530 2787 bic
551 2724 612 2788 illle
633 2722 766 2804 profert,
800 2725 831 2788 in
853 2724 939 2789 libris
961 2727 1000 2790 de
1022 2725 1134 2790 finibus

64 2851 80 2894 a
98 2831 279 2914 neglegenti
301 2833 467 2896 admodum
488 2831 614 2896 librario
637 2832 786 2912 scriptum
797 2833 853 2910 ait;
876 2843 1040 2914 praeterea
1052 2833 1134 2898 Goe-

65 2942 181 3004 renzius
201 2940 315 3003 habuit
336 2942 507 3020 scripturas
529 2939 660 3004 duorum
683 2941 831 3019 codicum,
854 2941 1009 3022 Spirensis
1032 2942 1136 3006 etBa-

65 3048 209 3122 -aieensis
222 3067 243 3111 a
254 3047 394 3128 chelio
406 3043 540 3128 quodam
551 3046 693 3112 Basileae
704 3067 731 3111 a.
746 3049 827 3112 1698
839 3049 938 3128 plene,
961 3057 996 3114 ut
1006 3049 1137 3126 videtur,

65 3169 87 3218 et
114 3157 288 3238 diligenter
316 3163 478 3235 excerptas
511 3161 543 3219 et
573 3155 604 3218 in
638 3155 776 3236 margine
809 3157 939 3237 exempli
966 3157 1137 3222 Manutiani

64 3286 84 3326 a
107 3265 194 3352 i565
231 3269 415 3340 annotatas;
430 3265 450 3344 ι)
489 3269 647 3342 postremo
685 3263 716 3327 in
749 3264 836 3328 libris
869 3265 990 3329 duobus
1022 3264 1137 3329 ultimis

64 3373 166 3436 aderat
177 3372 361 3452 scripturae
372 3371 508 3435 varietas
532 3371 665 3435 ecodice
676 3371 856 3436 Monacensi
872 3392 901 3435 n.
914 3373 976 3436 328
1000 3371 1137 3450 (saeculi,

65 3495 89 3542 ni
109 3482 186 3546 mihi
213 3480 369 3560 scriptum
392 3485 453 3556 est,
475 3479 548 3558 XV)
571 3497 591 3542 a
612 3478 662 3542 Fr.
679 3479 717 3543 X.
735 3478 876 3545 Werfero
899 3485 1032 3545 enotata
1077 3479 1138 3544 Sed

65 3587 326 3668 quenadmodum
357 3585 547 3651 Goerenzius
580 3587 610 3651 in
644 3593 709 3650 toto
743 3587 800 3651 hoc
833 3589 955 3668 negotio
983 3588 1138 3653 codicibus

64 3698 156 3762 uendi
180 3699 339 3760 versatus
362 3693 411 3771 sit,
435 3695 459 3758 si
471 3695 579 3776 paucis
591 3695 706 3770 dixero,
729 3713 847 3772 vereor,
870 3705 906 3759 ut
915 3696 1138 3777 turpitudinem

64 3801 154 3886 bentii
180 3803 268 3870 satis
287 3803 507 3879 demonstrem,
531 3803 578 3866 sin
600 3811 703 3867 autem
715 3803 854 3884 pluribus
872 3804 975 3869 dicere
985 3805 1139 3884 incepem,

64 3931 91 3975 'a
111 3928 389 3996 supervacaneam
413 3929 539 3990 operam
562 3911 733 3991 smnpsisse
750 3911 865 3976 videar.
905 3913 1013 3976 Dicam
1028 3919 1139 3989 tamen,

3 4229 4 4260 4
85 4194 88 4211 ¹
116 4193 189 4242 lione
213 4189 330 4241 librum.
351 4199 402 4246 quo
421 4185 577 4235 Goerenzius
598 4188 673 4235 ctiam
694 4189 719 4234 in
740 4187 901 4235 Academicis
921 4199 983 4236 nsua
1003 4193 1054 4244 est,
1075 4199 1138 4236 nus-

3 4265 4 4312 Ῡ
114 4291 192 4340 uum
216 4275 298 4328 dicit,
320 4269 389 4319 unde
410 4270 535 4320 lmimcrlt.
572 4272 625 4334 ligo
643 4271 789 4334 quaerendo
809 4285 853 4334 per
871 4271 967 4320 litteras
983 4272 1047 4321 nibil
1067 4285 1139 4320 com·

114 4369 175 4426 peri.
198 4364 256 4412 nisi
280 4368 370 4420 neque
389 4355 490 4419 Lipsiae
510 4370 593 4419 neque
612 4356 760 4406 Zriccaviae
779 4369 844 4406 esse.
