2948 5024
364 392 406 438 nr
430 372 509 438 ndu.
533 391 595 438 ure.
613 393 635 438 r
657 391 730 438 cnr.
757 395 863 440 n-rs.
1091 376 1153 442 679

83 577 140 624 nec
162 560 304 640 cognosci
326 569 444 642 potest3
466 561 737 642 progredientibus
758 568 862 627 eutem
874 562 1027 628 aetatibus
1038 563 1154 628 sensim

84 663 212 726 tardeve
244 662 348 744 potius
382 662 471 743 quasi
503 671 624 728 nosmet
655 662 742 744 ipsos
770 664 991 746 cognoscimus.
1044 666 1153 747 Itaque

82 765 184 845 prime
204 764 257 828 illa
278 764 512 848 commendatio,
535 783 615 846 quae
627 782 646 828 a
658 775 771 829 natum
792 765 891 830 nostri
903 764 985 831 lacta
996 768 1152 844 estnobis,

82 866 201 931 incerta
222 874 254 931 et
276 866 408 931 obscura
429 872 491 945 est,
512 866 694 949 primusque
715 867 874 949 appetitus
896 868 947 933 ille
968 867 1062 933 enimi
1084 877 1152 934 tsn-

81 979 150 1032 tnm
169 968 242 1050 egit,
264 978 300 1033 ut
321 968 397 1033 salvi
418 977 513 1051 etque
535 967 647 1050 integri
669 986 739 1032 esse
760 968 931 1050 possimus;
965 979 1151 1036 tumentem
1170 975 1192 1038 5

81 1071 234 1152 dispicere
256 1070 413 1152 coepimus
435 1078 468 1136 et
488 1069 618 1148 sentire,
653 1071 729 1153 quid
755 1071 852 1136 simus
875 1079 906 1136 et
927 1071 1003 1154 quid
1024 1073 1063 1136 ab
1085 1072 1152 1138 oni-

150 1297 175 1345 3.
193 1291 237 1342 itta
250 1292 330 1358 primo
349 1291 484 1345 urceos.
525 1298 547 1343 t.
567 1293 668 1342 obscuro
686 1301 708 1342 et
725 1291 815 1342 mcerta
835 1293 877 1344 LO
917 1292 955 1344 ills
973 1295 1090 1359 oppdum
1108 1295 1153 1344 LR

80 1369 171 1410 lantum
189 1377 238 1411 om.
259 1362 281 1411 R
339 1366 360 1412 d.
380 1360 499 1426 despicere
518 1359 627 1428 [uultu
679 1361 821 1425 coeperimus
840 1361 876 1422 [Pl
895 1362 1023 1428 ceperimus
1044 1361 1152 1432 [Eh](2R

79 1429 139 1492 qaid
157 1431 248 1490 (altero
266 1431 331 1480 loeot
351 1431 436 1480 omi.
471 1430 502 1480 ob
519 1445 567 1479 orn⁴
587 1445 681 1490 omues,
700 1429 743 1480 Or.

77 1620 117 1676 ed
139 1621 166 1690 1,
179 1620 228 1678 30.
273 1617 382 1702 [Paulo
404 1631 472 1697 post
489 1623 581 1696 primo
603 1623 650 1678 illu
673 1621 761 1678 etiarn
784 1619 835 1699 Β.]
869 1621 984 1679 Deinde
1007 1625 1108 1679 incerto
1129 1631 1154 1679 et

77 1707 193 1764 obscura
215 1707 303 1764 etiarn
316 1705 384 1765 Gaii
396 1706 490 1780 codd,
508 1704 599 1765 Crat..
622 1706 711 1776 Vict,
735 1707 811 1764 Dav.
825 1707 923 1777 tacite,
947 1705 1055 1778 Gaiusr
1078 1707 1164 1765 ulter

76 1791 152 1849 ordo
174 1810 212 1848 ex
235 1791 259 1852 Ο
281 1791 319 1848 ad
341 1793 421 1850 Man.
450 1803 479 1849 el
507 1803 620 1850 eeteros
647 1803 827 1868 propagatus
855 1801 927 1850 eret.
952 1793 1067 1874 ,neers
1093 1793 1151 1850 iarn

76 1876 159 1935 Crat.
188 1879 261 1934 noto
287 1877 436 1953 prioribus
465 1877 655 1946 adiunxerat3
688 1877 870 1955 significatur
891 1877 985 1935 enirn:
1015 1895 1078 1956 ¹quo
1099 1887 1152 1936 nos

75 1962 225 2019 nobismet
246 1962 319 2038 ipsis
341 1963 536 2020 commendati
559 1981 672 2033 sumus3
695 1962 843 2039 plerique:
859 1965 940 2037 sacto
956 1973 1003 2028 est,
1026 1965 1108 2021 nobis.

164 2058 265 2104 tonmm
288 2047 358 2128 opit)
380 2048 435 2105 hoo
458 2058 512 2119 est,
535 2047 610 2106 nihil
631 2047 697 2124 plus
719 2049 1052 2124 necmaiusquidqucrn
1069 2067 1153 2125 spec·

75 2143 136 2202 tat3
159 2133 499 2209 quomodossepissime
522 2133 580 2191 dici
603 2143 715 2205 tontum,
737 2143 840 2192 utnon
852 2134 988 2210 augendi,
1011 2135 1062 2192 sed
1080 2135 1151 2192 certi

75 2218 157 2276 rnodi
180 2229 210 2276 et
231 2219 297 2276 finis
320 2219 562 2296 significationem
584 2220 706 2290 habeut,
735 2229 836 2277 notum
860 2229 905 2278 est
927 2220 1151 2296 expositumque

74 2304 149 2361 olim
171 2323 190 2362 a
212 2304 541 2382 Manutioadepist.ed
563 2305 645 2362 Fam.
664 2305 690 2377 1,
703 2306 732 2377 7,
745 2307 774 2376 4,
798 2323 892 2382 nuper
913 2303 1092 2364 eBeneclrio
1114 2305 1152 2362 ad

74 2398 152 2446 oret
176 2390 212 2446 de
234 2390 304 2466 imp.
322 2390 426 2466 Pomp.
455 2393 507 2460 14;
530 2386 598 2471 [cir.
621 2408 711 2466 supra
731 2391 774 2462 11,
787 2387 851 2471 38].
885 2391 959 2462 Illis,
983 2391 1035 2466 qui
1058 2391 1152 2450 nostri

74 2474 222 2533 sermonis
244 2494 325 2533 rnore
341 2474 493 2547 falluntur,
516 2475 687 2534 adverbium
710 2486 813 2534 mutum
831 2475 981 2534 minuendi
1003 2495 1093 2534 eausa
1114 2477 1152 2534 ad

74 2561 357 2618 demonstrationem
379 2562 424 2619 rei
445 2561 611 2619 addendum
628 2561 746 2619 videtur
767 2561 868 2632 fuisse,
892 2572 925 2620 ut
944 2562 1076 2620 hocloco
1094 2562 1149 2620 Th.

74 2646 215 2704 Bentleio
227 2656 255 2704 et
267 2647 386 2704 Bromio
399 2647 585 2704 scribendum
597 2647 692 2704 visum
710 2657 769 2704 est:
792 2657 894 2704 mutum
921 2649 952 2704 r'd
977 2651 1048 2722 opit,
1072 2647 1152 2722 quod

74 2749 223 2806 nusquam
245 2750 296 2790 eos
313 2732 420 2808 legisse
441 2732 570 2790 arbitror
596 2730 666 2810 (etsi
695 2733 814 2790 memini
837 2743 940 2790 tontum
962 2735 1031 2790 illud
1051 2753 1151 2804 vereor,

72 2817 137 2874 elis
157 2816 248 2893 paulo
271 2817 444 2893 sententia);
468 2837 569 2874 verum
592 2818 695 2876 eodem
719 2819 805 2876 modo
828 2823 843 2889 ς
863 2819 903 2876 90
925 2818 1033 2876 dieitur
1050 2829 1150 2876 tontrrrn

72 2905 169 2977 refert,
194 2921 251 2960 non
274 2913 377 2960 tanturn
398 2905 429 2960 id
449 2906 540 2978 refert,
563 2921 600 2960 ne
623 2903 745 2980 vulgare
763 2904 837 2961 illud
850 2913 952 2961 tuntum
963 2905 1023 2962 dico
1033 2923 1150 2980 ponam.

1 2998 7 3008 “
72 2989 141 3046 Nec
163 2988 329 3046 necessario
351 2987 419 3046 huic
441 2989 532 3047 verbo
554 3007 605 3063 opo
627 2989 682 3046 hec
703 2989 916 3067 significatione
933 2989 1152 3066 pronomenil·

72 3073 128 3131 lud
150 3072 234 3144 addi,
257 3074 399 3144 ostendit,
434 3074 514 3149 quod
535 3074 630 3132 Aced.
647 3075 689 3144 11,
709 3076 726 3131 7
750 3075 902 3132 scribitur:
935 3094 1020 3149 nsque
1046 3085 1153 3132 cosmae

73 3161 273 3234 disputationes
295 3161 443 3235 quidquam
472 3161 550 3217 aliod
564 3170 657 3234 opust
687 3162 740 3216 nisi
760 3169 866 3218 otest.
911 3159 998 3234 Quod
1020 3159 1152 3220 Orellius

71 3245 142 3302 vult
163 3248 219 3318 opit
241 3263 305 3302 ease
326 3248 427 3316 indict,
450 3264 545 3321 neque
567 3245 752 3302 accusativus
775 3245 872 3304 omitti
894 3255 1010 3322 poteret
1032 3263 1086 3303 neo
1108 3245 1151 3302 di·

71 3331 155 3388 citur
176 3330 297 3388 usitate:
319 3350 363 3388 res
385 3351 425 3388 nrt
446 3334 510 3406 opit,
533 3341 562 3388 ul
579 3333 694 3406 sociam.

161 3435 222 3473 cum
243 3426 330 3473 auton
352 3417 482 3492 dispr'oere
502 3411 648 3497 commeo)
672 3415 721 3475 Sic
732 3415 887 3474 Ernestius
898 3423 937 3488 et,
954 3413 1031 3475 Gzio
1047 3434 1154 3494 repug-

71 3511 176 3572 nante,
190 3499 319 3560 Orellius
331 3521 347 3558 e
360 3501 509 3560 codicibus
520 3502 619 3580 regiis,
632 3520 706 3576 quos
718 3501 927 3560 Lellemendus
944 3519 1153 3560 commemora·

69 3595 137 3657 rat;
149 3585 1019 3668 praestantiorestanotoritescodMorelieni;[narndeErl.,
1027 3605 1151 3662 quocum

70 3673 225 3730 consentit
235 3673 271 3743 B,
294 3671 387 3730 falsus
398 3669 501 3754 erum}
535 3672 595 3733 Sed
606 3691 694 3749 quem
706 3691 764 3731 non
777 3673 900 3730 firmiter
911 3673 1010 3731 animo
1022 3691 1154 3749 compro·

69 3757 243 3828 benderint,
265 3757 307 3816 sio
329 3759 494 3817 necessario
506 3759 692 3817 scribendum
704 3777 779 3830 esse,
802 3758 938 3828 ostendit,
962 3758 1040 3834 quod
1051 3758 1153 3835 paucis

70 3843 212 3902 versibus
241 3851 308 3919 post
336 3843 532 3918 reliquerunt:
560 3863 619 3902 cum
641 3854 729 3902 auten
746 3847 861 3920 paulum
876 3845 1018 3918 firmitatis
1035 3863 1152 3901 accesse-

69 3933 129 3993 rit,
157 3939 183 3986 et
204 3933 292 3986 animo
319 3939 444 3998 utuntur,
468 3930 518 3988 ubi
541 3949 596 4006 ego
618 3949 656 3988 ex
679 3929 740 3987 Erl.
763 3927 809 4008 [et
830 3927 871 4007 B]
900 3929 1005 4006 scripsi
1031 3932 1151 3986 occessit.

68 4013 186 4092 (Gzins
208 4014 270 4072 Erl.
305 4018 417 4073 occessit
446 4023 606 4092 ,peccare“
637 4009 760 4092 narret)
815 4013 942 4074 Causam
970 4013 1094 4090 exposui
1122 4015 1150 4072 in

68 4099 261 4178 praefatione
290 4099 412 4160 Catonis
440 4111 470 4158 et
491 4101 586 4158 Laelii
614 4119 632 4158 a
654 4119 700 4157 me
723 4100 867 4158 editorum
891 4119 919 4176 p.
942 4101 1006 4158 XX
1028 4095 1151 4180 [Opuso.

68 4185 173 4244 Aced.
191 4186 222 4243 Π
239 4204 267 4262 p.
288 4187 347 4244 281
367 4185 455 4265 sqq.].
497 4187 557 4247 Ubi
586 4187 663 4245 enim
692 4185 804 4260 aliquid
832 4195 913 4244 certo
936 4194 1067 4261 ternpore
1089 4185 1154 4243 fieri

68 4272 174 4330 solere
197 4271 392 4348 significauit,
425 4272 514 4346 idque
538 4281 653 4349 tempus
676 4271 801 4329 actionis
823 4289 1013 4348 praegressae
1035 4271 1153 4329 ebsolu·

66 4359 159 4418 tione
181 4367 300 4415 notetur
322 4355 369 4438 (in
381 4376 439 4433 quo
451 4357 560 4430 Latini,
583 4357 765 4432 antiquiores
777 4357 959 4434 praesertim,
982 4356 1152 4434 diligentius
