2948 5024
335 395 399 460 700
720 415 764 459 ns
787 413 918 461 rmmus
941 413 1012 460 som

334 582 400 647 Nos
423 589 526 646 autem
549 601 611 647 uon
633 582 731 648 solum
753 582 863 648 heatae
879 581 961 646 vitae
982 581 1073 646 istam
1090 600 1160 648 esse
1171 581 1390 646 oblectationem

334 684 488 762 videmus,
516 685 572 749 scd
593 685 686 749 eham
707 685 913 749 levamentum
941 683 1148 762 miseriarum
1180 683 1286 766 itaque
1305 684 1391 754 mtdt't

335 803 405 851 cum
425 787 457 850 in
480 793 635 869 potestate
656 793 761 852 essent
783 787 917 852 hostium
939 793 994 851 aut
1014 792 1232 868 tyrannorum,
1259 786 1343 850 multi
1366 787 1390 848 in

334 889 490 969 custodia,
523 888 610 953 multi
639 889 671 953 in
700 887 788 954 exilio
822 889 959 954 dolorem
993 908 1082 954 suum
1109 889 1280 954 doctrinae¹
1295 889 1392 953 studiis

295 990 485 1058 hlevanmt
529 993 580 1056 54.
601 991 752 1072 Princeps
773 990 865 1056 huius
888 991 1020 1056 cidmhs
1037 991 1208 1055 Phalereus
1219 991 1392 1066 Demetrius,
1457 1059 1458 1078 ,

334 1110 403 1157 cum
431 1093 534 1174 patria
559 1093 670 1174 pulsus
697 1099 782 1158 esset
802 1092 929 1172 iniuria
951 1093 991 1157 ad
1012 1093 1223 1158 Ptolemaeum
1245 1111 1279 1158 se
1299 1111 1392 1173 regem
1457 1079 1458 1088 '

333 1193 561 1260 Alexandream
588 1195 725 1261 conhdit
777 1195 837 1273 Qui
864 1213 933 1260 cum
960 1195 992 1260 in
1019 1196 1078 1260 hac
1104 1196 1175 1277 ipss
1201 1193 1392 1277 philosophia

405 1404 423 1448 l.
446 1417 496 1450 esse
514 1415 562 1450 om.
584 1399 669 1450 LPCR
688 1417 739 1450 esse
756 1399 929 1450 oblectationem
947 1416 998 1450 esse
1014 1399 1158 1450 mitemusE
1195 1404 1217 1449 2.
1240 1399 1392 1466 [immane

335 1467 384 1548 Eh]
427 1467 499 1518 siah]
535 1476 558 1519 t.
578 1469 611 1535 [th
630 1484 680 1520 om.
699 1467 749 1536 Eh]
797 1468 916 1518 studioR
956 1474 978 1517 h.
997 1467 1133 1546 lamnam
1151 1468 1284 1548 arceor.
1326 1467 1393 1535 [Pla-

334 1535 406 1587 lernts
424 1535 475 1604 lah]
523 1541 546 1588 6.
569 1535 740 1604 [Phtclomeum
759 1537 808 1604 Eh]
847 1542 868 1585 ἵ.
888 1535 1061 1588 Alexandnnn
1079 1536 1213 1588 LPclsOr.
1250 1535 1392 1602 pacomii

333 1737 402 1804 post
423 1728 571 1786 Nizolium
594 1727 744 1804 profertur
764 1729 847 1786 locus
870 1747 907 1785 ex
919 1728 1034 1786 Timaei
1046 1728 1131 1785 initio
1152 1726 1287 1806 (priunum
1298 1729 1392 1804 quidm

334 1823 438 1889 tempus
459 1815 678 1883 salutationibus,
702 1817 832 1890 reliquum
850 1819 1047 1890 percontatione
1069 1814 1309 1890 cormnmpsimns),
1336 1832 1390 1870 eum

333 1899 420 1956 aliter
442 1918 460 1956 a
481 1899 625 1959 Cicerone
650 1901 790 1975 scriptum
813 1899 920 1970 fuisse,
954 1908 984 1956 et
1011 1899 1126 1957 codices
1154 1900 1201 1977 (ut
1222 1919 1323 1958 omnes
1343 1909 1392 1956 tres

334 1983 454 2064 Orellii)
477 1995 507 2042 et
528 2004 576 2043 res
598 1986 739 2043 ostendit:
762 1987 885 2042 Primum
909 1995 1010 2060 tempus
1032 1987 1201 2042 salutationis
1222 1988 1250 2042 in
1262 1995 1391 2062 peremto

332 2073 400 2128 norm
422 2073 632 2147 consumpsimus
659 2069 772 2150 (nescio
801 2089 925 2146 quarum
947 2089 1062 2140 rerum;
1096 2070 1200 2127 deinde
1227 2071 1266 2128 ad
1293 2072 1392 2129 litteras

333 2174 430 2214 sermo
452 2175 611 2214 conversus
633 2155 700 2232 est).
745 2154 810 2238 [Sic
831 2173 909 2214 nunc
931 2155 995 2213 cod.
1019 2156 1101 2213 Leid.
1124 2153 1176 2236 4.]
1221 2157 1316 2215 Paulo
1336 2163 1391 2232 post
1459 2211 1460 2242 ᾖ

332 2261 390 2298 esse
419 2241 500 2318 (aute
526 2239 745 2320 oblocutionem),
773 2242 852 2316 quod
879 2261 895 2298 e
918 2241 1113 2299 deterioribus
1147 2242 1231 2300 codd
1255 2242 1391 2300 exciderat

333 2325 400 2404 (cfr.
418 2331 433 2397 ξ
451 2325 516 2405 49),
540 2328 642 2384 Lamb.
665 2327 763 2400 tacite,
787 2347 824 2384 ex
847 2327 908 2384 lirl.
931 2337 961 2384 et
982 2326 1060 2403 Spir.
1084 2325 1177 2386 Gaius
1199 2328 1321 2386 addidit
1359 2322 1391 2406 [B

332 2419 366 2470 ut
387 2413 449 2470 Erl.

419 2407 468 2555 54].
491 2499 531 2556 ad
551 2499 733 2576 Ptolenmeum
761 2517 789 2555 se
810 2517 897 2572 nepem
918 2499 1119 2555 Alemandream
1140 2496 1263 2577 contidit)
1297 2497 1391 2556 Pulsus

332 2581 461 2641 Athenis
483 2603 502 2640 a
522 2584 675 2641 Demetrio
698 2583 867 2641 Poliorcetes
896 2584 1072 2660 olympiadis
1093 2585 1151 2641 118
1174 2603 1252 2641 anno
1277 2583 1391 2642 secundo

332 2667 477 2746 (Clintoni
499 2669 579 2727 Fast.
594 2669 673 2726 Hell.
696 2688 725 2744 p.
746 2671 805 2726 184
827 2668 896 2726 edit.
919 2666 999 2747 Lat.)
1027 2669 1153 2744 primum
1175 2670 1296 2727 Thebas
1321 2667 1391 2733 abiit

332 2755 437 2811 deinde
459 2755 490 2811 in
511 2755 682 2831 Aegyptum
710 2755 748 2812 ad
770 2754 972 2812 Ptolemaeum
1002 2755 1075 2830 Lagi
1104 2755 1196 2813 filium
1220 2756 1322 2832 (Diod.
1343 2753 1391 2812 Sic
1460 2761 1461 2766 ’

331 2841 405 2910 XX,
418 2837 483 2917 tt).
526 2839 708 2916 Hermippus
730 2840 809 2916 apud
832 2840 919 2916 Diog.
933 2841 1030 2898 Latrt.
1047 2842 1086 2912 V,
1101 2841 1140 2897 78
1164 2839 1330 2900 Cassandro
1350 2839 1391 2894 de·

333 2944 411 2983 mum
434 2933 550 2982 mortuo
573 2924 757 3004 (01.120,3)
779 2925 809 2982 in
831 2926 1000 3002 Aegyptum
1023 2924 1187 3001 profectum
1211 2945 1276 2984 esse
1294 2923 1391 2986 scribit

332 3011 385 3068 sed
406 3010 618 3068 dubitationem
642 3009 728 3068 affert
749 3011 850 3068 addita
871 3012 949 3087 apud
960 3011 1156 3087 Hermippum
1167 3012 1314 3088 Antigoni
1324 3027 1392 3067 men·

330 3096 373 3154 tio
396 3096 469 3174 (vid.
492 3098 588 3155 Wess.
612 3097 649 3154 cd
672 3097 760 3154 Diod.
782 3097 801 3153 l.
815 3095 863 3172 a).
892 3097 959 3154 Nou
983 3097 1082 3155 stahm
1104 3095 1391 3173 eoproleetumesse,

332 3201 370 3239 ex
399 3201 435 3240 eo
464 3182 552 3240 etism
580 3182 778 3251 concluditur,
812 3183 890 3257 qnod
912 3182 1090 3240 Plutarchus
1113 3183 1260 3258 (Demetr.
1282 3182 1345 3240 Pol.
1365 3179 1392 3252 9)

331 3276 445 3325 tantum
469 3268 588 3326 Thebas
610 3267 750 3326 nominat.
779 3267 862 3341 Quae
879 3277 1032 3342 praeterea
1053 3269 1089 3325 de
1112 3287 1147 3325 eo
1170 3269 1261 3326 exilio
1283 3283 1392 3325 nanan-

271 3397 276 3408 .
331 3363 388 3424 tur,
412 3352 450 3410 ad
471 3352 644 3413 Ciceronem
666 3372 724 3411 non
752 3353 915 3429 pertinent;
948 3353 1039 3411 libros
1067 3353 1129 3411 aius
1156 3353 1199 3411 ibi
1227 3352 1392 3430 compositos

331 3457 405 3510 esse,
428 3457 524 3508 nemo,
547 3439 627 3513 quod
648 3439 749 3510 sciam,
772 3439 870 3496 tradit.
920 3439 1119 3496 Alexandream
1146 3439 1252 3515 scripsi
1280 3451 1392 3513 sequens

330 3523 393 3581 Eri.
416 3532 446 3580 et
468 3523 546 3599 Spir.
566 3520 629 3604 [B],
652 3523 824 3583 Ciceronem
847 3533 877 3582 et
899 3533 1011 3582 ceteros
1033 3524 1224 3599 antiquiores,
1247 3535 1280 3582 nt
1296 3523 1392 3582 Laeuii·

330 3627 413 3680 ceam,
436 3610 600 3685 Apameam,
624 3609 665 3667 sio
688 3611 875 3683 Antiocheam,
904 3611 1078 3682 Heracleam,
1112 3611 1313 3668 Alesandream
1333 3625 1392 3664 con·

332 3701 444 3751 stanter
455 3694 566 3752 dixisse
577 3703 668 3766 ratus,
681 3697 841 3770 eodemque
853 3696 1069 3755 modoDarenm
1078 3695 1107 3771 (ς
1126 3693 1195 3770 92);
1208 3697 1259 3753 sed
1271 3695 1391 3753 codicum

330 3779 362 3836 in
384 3780 507 3858 singulis
529 3781 602 3839 locis
613 3781 791 3851 testimonia,
815 3791 845 3838 et
866 3801 941 3858 quae
953 3779 1054 3839 favent
1071 3791 1101 3838 et
1112 3799 1187 3856 quae
1199 3781 1390 3839 adversamur.

332 3865 469 3942 persequi
492 3886 527 3924 eo
550 3867 643 3944 magis
665 3867 778 3938 omitto,
802 3868 880 3942 quod
903 3867 1003 3925 multis
1024 3867 1097 3924 locis
1119 3875 1179 3923 tam
1191 3867 1327 3942 pusillam
1338 3881 1390 3921 rem

330 3969 390 4008 non
412 3951 646 4009 animadversam
669 3971 734 4010 esse
757 3963 867 4010 certum
891 3960 944 4010 est.
978 3947 1390 4033 [PersecutusestEllendtins

331 4036 369 4092 ad
390 4037 459 4093 Ide
478 4035 561 4095 Orat
575 4034 639 4116 98.]
671 4039 766 4096 Paulo
793 4047 862 4116 post
882 4039 976 4096 codex
999 4038 1175 4114 archetypus
1197 4035 1279 4118 ([B,]
1300 4031 1391 4112 Εξχψ)

331 4119 435 4178 hahuit
455 4122 556 4179 scribit.
601 4123 793 4180 Emendatum
818 4133 863 4182 est
884 4122 929 4203 [in
952 4124 1016 4180 cod.
1039 4121 1154 4201 Glog.,]
1178 4124 1207 4180 in
1230 4124 1310 4180 editt
1331 4119 1390 4177 inde

331 4223 348 4262 a
366 4207 482 4264 Veneta
507 4207 597 4265 1494.
641 4205 753 4284 (Grut,
766 4209 852 4280 Dav,
865 4207 958 4269 Gaius
970 4209 1091 4285 tacent)
1140 4209 1230 4278 Usus,
1254 4227 1311 4283 quo
1327 4205 1390 4263 Piso

331 4291 514 4349 Demetrium
537 4292 672 4351 orbatum
694 4292 785 4351 fuisse
807 4294 887 4366 dicit,
909 4295 940 4352 in
963 4314 995 4352 re
1017 4295 1219 4370 publicasset
1253 4295 1295 4352 At
1316 4309 1389 4368 prac-

331 4385 418 4451 cepta
439 4385 469 4434 et
491 4387 578 4449 artes,
601 4388 635 4436 nt
656 4378 707 4436 alii
723 4388 853 4452 utantur,
876 4381 1052 4439 scribuntur.
1088 4380 1169 4459 [Ipsca
1181 4380 1335 4438 omatiam
1346 4371 1389 4450 B.]
