2998 5020
355 409 417 474 626
744 425 788 470 nn
812 423 941 473 ammes
964 425 1034 471 eon.

355 615 473 661 summo
496 596 576 660 bono
599 594 751 672 dissentit
774 597 813 658 de
836 603 901 659 tota
912 594 1126 677 philosophiae
1142 594 1263 658 ratione
1274 593 1424 657 dissentit.

355 698 510 764 Critolaus
537 696 649 761 imitari
677 697 773 761 voluit
799 699 957 780 antiquom
991 703 1022 760 et
1049 696 1170 777 qtddem
1198 703 1249 760 est
1274 696 1426 776 gravitate

355 801 513 881 proximus
541 807 572 864 et
600 800 756 864 redundat
782 801 896 878 oratio;
930 818 966 864 ac
993 805 1095 862 tamen
1124 817 1162 860 ne
1189 799 1216 862 is
1245 799 1368 880 quidem
1396 799 1426 861 iu

425 993 444 1035 1.
463 987 492 1036 de
509 996 559 1036 tota
579 1014 607 1024 -
628 987 733 1036 dissentit
751 1003 799 1036 otn.
819 989 841 1036 R
877 992 899 1036 9,
917 988 1026 1050 antiquos
1035 986 1107 1036 voluit
1126 986 1236 1036 erROr.
1254 985 1326 1036 vohtit
1341 1003 1383 1036 om
1408 987 1427 1034 P

355 1061 377 1104 3λ
397 1058 507 1106 Attamen
526 1056 658 1106 LPCROr.
694 1073 787 1105 neom.
807 1071 900 1116 omues,
919 1057 962 1108 Or.

443 1233 489 1287 14.
511 1224 646 1310 esposuit)
669 1229 698 1286 id
720 1240 774 1300 est,
797 1230 840 1291 sie
862 1229 1003 1298 definivit,
1027 1239 1059 1286 ut
1076 1237 1153 1286 esset
1163 1230 1297 1286 vacuitas
1308 1229 1427 1286 doloris.

356 1317 462 1374 Rarior
483 1317 584 1390 utique
607 1316 689 1372 verbi
713 1335 782 1372 usus
805 1316 876 1373 satis
894 1315 1062 1373 defenditur
1084 1334 1120 1370 ex
1144 1316 1208 1384 §21
1225 1316 1305 1371 etat
1329 1311 1426 1394 (espa

356 1406 462 1459 sitiones
484 1406 581 1458 sorensi
596 1403 656 1458 boni
677 1411 707 1458 et
728 1421 857 1458 atrttrnmu
881 1402 975 1458 bortum
1002 1405 1040 1456 sic
1062 1404 1210 1475 reponitur,
1228 1402 1349 1477 alcen).
1382 1402 1426 1457 De

357 1488 491 1544 uberiore
514 1487 676 1544 sententiae
699 1487 895 1563 explicatione
919 1505 1012 1560 neque
1040 1486 1088 1542 hic
1110 1505 1204 1561 neque
1233 1487 1273 1542 ibi
1296 1486 1427 1562 intellegi

357 1573 480 1630 verbum
501 1581 606 1648 potest.
635 1570 710 1652 [Otr.
728 1573 792 1630 IN.
806 1574 843 1630 D.
857 1574 913 1630 45:
937 1593 995 1629 vere
1017 1575 1137 1646 emorita
1158 1574 1206 1628 ata
1228 1577 1358 1630 sententio
1380 1583 1426 1628 est.

356 1660 384 1714 h.
406 1678 442 1730 e.‚
464 1655 583 1736 posita]

440 1763 473 1800 oc
495 1755 580 1800 tomen
602 1765 634 1800 ne
655 1747 678 1800 ie
700 1742 820 1818 qrtidern)
843 1745 996 1814 Actomen,
1019 1743 1097 1816 quod
1115 1741 1209 1801 Gaius
1225 1744 1255 1798 in
1275 1743 1427 1800 Addendis

357 1831 542 1904 probaverat,
566 1849 603 1885 ex
614 1828 675 1886 Erl.
688 1827 743 1906 [B]
755 1831 866 1904 sumpsi
879 1829 951 1906 (vid.
964 1829 1002 1885 ad
1013 1829 1053 1898 ΙΙ,
1066 1827 1134 1906 85);
1157 1849 1198 1892 ne,
1221 1829 1299 1902 quod
1311 1841 1380 1903 post
1398 1851 1426 1884 eu

356 1915 514 1985 exciderat,
527 1916 690 1972 addendum
703 1934 776 1985 esse,
788 1917 846 1972 iam
859 1915 993 1971 Bremius
1004 1924 1144 1972 senserat.
1167 1913 1338 1972 Sententiae
1351 1916 1428 1970 enim

357 2001 398 2057 sic
421 2001 586 2058 cohaerent.
620 2001 693 2058 Cum
706 2001 809 2058 Cicero
822 2001 1034 2076 Hieronymum
1052 2018 1171 2075 prorsus
1193 2019 1212 2055 a
1228 2000 1428 2074 Peripatetico

358 2087 502 2142 sententia
524 2086 678 2143 deflexisse
689 2087 821 2155 dixisset,
845 2085 961 2157 subicit,
986 2085 1149 2144 Critolaum
1160 2084 1225 2162 (qui
1245 2085 1382 2143 Aristoni
1401 2087 1427 2141 in

357 2171 457 2228 schola
469 2172 608 2230 successit.
625 2172 733 2246 quique
750 2191 815 2228 curn
828 2171 980 2230 Carneade
991 2181 1021 2228 et
1032 2171 1165 2246 Diogene
1177 2172 1300 2228 Romam
1312 2172 1429 2247 legatus

358 2257 463 2314 missus
475 2256 533 2336 est)
555 2261 655 2314 imitari
666 2261 776 2314 noluisse
787 2261 910 2332 antiquos
922 2257 992 2338 (hoc
1003 2257 1105 2314 ordine
1122 2257 1210 2312 etiam
1223 2256 1300 2332 Spir.
1312 2253 1387 2336 [Bk
1402 2259 1428 2314 iu

358 2342 422 2398 Pal.
435 2345 454 2399 t
467 2351 496 2399 et
507 2341 586 2402 Gud.
599 2345 616 2398 2
630 2343 739 2400 excidit
750 2343 853 2419 voluit),
876 2361 950 2417 quae
963 2343 1087 2399 imitatio
1100 2344 1276 2415 necessario,
1288 2344 1429 2416 qnoniam

357 2428 530 2504 Hieronymi
553 2428 708 2486 defectioni
721 2428 898 2486 eontrarium
910 2431 965 2485 hoe
982 2439 1035 2500 est,
1058 2427 1094 2484 ad
1113 2428 1279 2484 universam
1297 2427 1430 2504 discipli-

357 2533 434 2584 nam,
458 2533 515 2570 non
532 2515 569 2570 ad
581 2515 673 2571 solam
685 2515 846 2572 orationem
857 2515 993 2589 pertinet.
1015 2514 1119 2588 taque
1131 2513 1222 2585 addit„
1245 2515 1318 2570 hanc
1329 2513 1431 2572 imita·

358 2600 465 2656 tionem
478 2600 618 2658 haetenus
631 2601 762 2658 Critolao
779 2601 963 2669 successisse,
980 2609 1014 2657 ut
1025 2600 1169 2676 gravitate
1187 2601 1258 2674 (non
1276 2601 1430 2658 orationis,

359 2704 424 2741 nam
454 2686 525 2741 haec
554 2705 684 2742 seorsum
712 2685 862 2755 laudatur,
897 2685 947 2742 sed
979 2686 1175 2756 decretorum,
1210 2693 1243 2742 ut.
1270 2685 1319 2759 qui
1342 2686 1430 2743 bonis

357 2770 487 2828 externis
510 2782 540 2828 et
561 2772 692 2847 corporis
714 2791 771 2828 non
795 2773 916 2828 nimium
939 2771 1083 2840 tribuerit,
1102 2772 1189 2828 Tusc.
1202 2772 1240 2842 V,
1255 2769 1308 2848 51)
1320 2781 1350 2827 et
1364 2791 1430 2828 ora-

358 2857 445 2914 tionis
468 2858 553 2932 copie
574 2858 612 2914 ad
634 2877 684 2915 eos
707 2859 865 2914 accederet.
899 2858 963 2915 Iam
976 2858 1122 2932 quomodo
1139 2857 1184 2913 his
1197 2865 1343 2931 tamquam
1360 2877 1431 2914 con-

358 2942 478 2999 trarium
501 2943 594 3000 subici
607 2952 717 3018 potest:
739 2964 771 3000 oc
794 2954 878 3000 tannen
901 2947 928 3000 in
945 2947 1046 3018 patriis
1068 2946 1194 2999 institutis
1216 2941 1323 2999 omnet?
1347 2943 1430 3018 Quid

357 3029 434 3084 enim
458 3029 550 3104 magis
573 3029 722 3104 expectari
744 3027 863 3086 debuit?
897 3027 1016 3107 (Itaque
1039 3028 1198 3086 Lambinus
1220 3029 1352 3103 scripsit:
1382 3033 1433 3086 sal

358 3115 491 3170 restrordat
513 3117 606 3184 oratio,
629 3121 662 3170 ut
683 3113 752 3171 huic
774 3115 993 3190 reprehensioni
1016 3115 1164 3172 contraria
1185 3123 1263 3172 esset
1280 3115 1344 3171 laus
1358 3134 1431 3172 con-

359 3209 492 3256 servatae
505 3199 691 3275 disciplinae
715 3219 814 3256 verum
828 3201 920 3258 nihilo
931 3201 1029 3276 aptius
1041 3201 1096 3258 erit
1108 3211 1202 3268 tamer,
1215 3199 1297 3275 quasi
1308 3211 1433 3276 propter

358 3285 579 3343 redundantium
603 3286 743 3344 orationis
765 3286 821 3343 hoe
833 3287 983 3362 expectari
995 3305 1051 3343 non
1064 3287 1201 3362 potuerit.
1229 3287 1325 3344 Video
1337 3288 1430 3344 etiam

358 3371 451 3428 virum
475 3372 619 3445 quendam
642 3373 843 3430 doctissimum
854 3392 886 3428 oe
898 3383 983 3428 torum
1007 3391 1041 3430 eo
1059 3373 1144 3430 modo
1156 3372 1304 3448 explicare
1317 3375 1430 3430 conari

357 3458 392 3513 de
416 3475 473 3530 quo
496 3457 533 3514 ad
555 3457 595 3521 Π,
609 3459 648 3514 84
671 3459 742 3527 dixi,
766 3467 798 3515 ιιι
820 3458 892 3514 haec
915 3458 953 3514 sit
974 3458 1132 3515 sententia:
1155 3467 1193 3528 et,
1217 3457 1349 3532 quamvis
1369 3477 1428 3515 nou

358 3542 485 3602 excellet
511 3544 656 3619 gravitate
685 3553 714 3598 et
743 3544 884 3600 orationis
907 3544 1005 3620 copia,
1034 3553 1132 3600 tamen
1154 3553 1209 3600 cet..
1254 3545 1365 3602 Verum
1397 3554 1428 3600 ut

358 3627 499 3700 omittam,
522 3639 546 3684 et
570 3639 664 3696 mmet,
688 3648 744 3686 non
768 3640 906 3692 notamen
930 3630 1062 3704 sicponi,
1086 3629 1191 3687 inillis
1209 3629 1427 3705 locispriruum

358 3713 469 3787 aliquid
491 3715 529 3770 ad
551 3733 621 3778 rem,
644 3733 719 3789 quae
742 3716 846 3791 agitur,
869 3715 1018 3791 pertinens
1029 3717 1157 3791 ponitur,
1181 3715 1285 3772 deinde
1297 3715 1425 3782 additur,

358 3800 473 3857 etiamsi
495 3800 551 3858 hoo
573 3820 630 3858 non
654 3801 701 3873 sin
724 3802 804 3858 aliud
827 3810 923 3858 tamen
947 3821 1019 3871 esse,
1042 3812 1075 3859 ut
1097 3802 1148 3859 illo
1160 3820 1259 3858 carere
1271 3801 1427 3876 possimus.

361 3885 418 3942 Hic
440 3885 496 3942 hoe
518 3886 612 3961 ipsum
636 3887 742 3962 agitur,
766 3896 918 3945 menealne
936 3886 1084 3946 Critolaus
1107 3889 1135 3944 in
1159 3887 1263 3962 patriis
1285 3887 1428 3944 institutis

357 3988 463 4042 necne;
486 3989 540 4028 nec
562 3973 598 4028 ad
621 3991 686 4029 eam
708 3991 767 4030 rem
790 3973 918 4048 pertinet
940 3974 1080 4030 orat-ionis
1096 3973 1299 4030 redundantia.
1327 3973 1427 4044 Addo,

359 4056 383 4112 si
406 4054 457 4134 (is)
480 4059 622 4132 quidem,
647 4067 678 4114 ut
701 4067 760 4115 turn
784 4060 879 4128 debet,
903 4059 1056 4132 signifieat„
1079 4059 1168 4116 alium
1187 4060 1368 4116 nominatum
1382 4059 1428 4118 iri.

358 4142 398 4198 de
417 4160 475 4215 quo
497 4145 674 4200 contrarium
698 4145 827 4213 dicatur,
861 4145 1014 4202 dicendum
1043 4144 1134 4202 fuisse
1162 4155 1186 4202 et
1215 4147 1268 4202 hir
1295 4145 1429 4224 prodeas.)

359 4227 494 4302 Apparet
515 4229 605 4306 igitur
632 4231 687 4288 hoc
710 4231 781 4300 dici,
816 4231 950 4304 quamvis
978 4230 1126 4289 Critolaus
1153 4231 1262 4288 imitari
1290 4231 1429 4305 antiquos

358 4313 485 4371 voluerit
505 4323 535 4372 et
556 4317 655 4390 alique
677 4335 714 4372 ex
737 4325 819 4390 perte
842 4316 972 4373 imitatus
995 4317 1042 4388 sit,
1065 4317 1102 4373 ab
1114 4317 1287 4395 Hieronymi
1304 4316 1429 4374 levitate

358 4398 500 4473 diversus,
525 4409 620 4458 tannen
644 4403 720 4458 huuc
743 4421 858 4476 quoque
881 4403 958 4460 iuter
980 4421 1030 4460 eos
1046 4404 1211 4479 ponendum
1226 4423 1299 4475 esse,
1323 4403 1375 4478 qui
1389 4405 1431 4462 sic
