2948 5024
326 375 354 420 nn
375 373 454 420 nnn.
477 373 539 418 nm.
563 374 584 420 v
607 373 679 420 orn.
703 375 813 420 nr-m.
1035 353 1096 418 'ill

132 543 454 624 rermnncnbnisquaeque
464 541 612 624 cuiusque
628 541 720 606 viset
735 541 908 620 naturasit,
931 558 1001 604 mon
1013 541 1099 606 vide-

130 648 210 728 linns;
229 647 298 711 XXII.
315 647 349 710 n.
369 645 426 709 hoc
441 651 546 709 autem
566 643 634 708 loco
655 649 776 708 tantum
793 643 995 724 explicemus,
1023 646 1100 710 haee

124 751 223 829 honesta
240 767 296 830 quae
312 748 370 826 dim,
391 753 610 828 praeterquam
634 746 717 827 quod
739 753 861 811 nosmet
880 746 968 828 ipsos
990 747 1100 829 diliga-

120 871 176 932 mus,
193 857 310 932 praeterea
325 855 422 930 smpte
443 855 556 912 natura
577 867 635 929 per
657 867 691 912 se
714 867 783 913 esse
800 850 980 929 expetenda.
1015 850 1099 914 Indi-

116 962 169 1018 cant
184 952 257 1034 pueri,
273 952 395 1034 inquibus
417 951 500 1016 utin
518 950 652 1032 speculis
675 957 788 1014 natura
805 951 949 1016 cerrnitur.
974 953 1099 1030 Quanta
1117 950 1138 1012 ὁ

111 1057 190 1120 studia
214 1054 386 1120 decertantium
414 1053 500 1118 sunt!
534 1059 651 1133 quanta
678 1052 748 1133 ipsa
775 1053 958 1118 certaminal
992 1061 1027 1118 ut
1055 1054 1101 1118 illi

107 1159 238 1223 etlemntm
254 1157 354 1234 laeam,
384 1174 454 1220 cum
483 1155 636 1220 viceruntl
670 1161 705 1219 nt
736 1157 835 1237 pudet
862 1155 975 1219 victosl
1008 1163 1045 1220 ut
1066 1175 1101 1222 se

100 1261 212 1325 accusari
233 1259 326 1324 nolunt!
353 1276 443 1338 quam
471 1257 600 1338 cupiunt
624 1256 759 1322 laudanil
793 1275 872 1340 quos
905 1257 949 1321 illi
976 1257 1100 1324 labores

96 1363 170 1445 [rnen]
186 1361 320 1444 perfermt,
338 1369 367 1424 ut
387 1359 561 1440 aequalium
582 1358 739 1440 principes
761 1359 836 1424 siml
859 1378 939 1440 quae
950 1347 1106 1425 memoria

160 1591 177 1633 1.
196 1599 282 1648 quaeqae
301 1582 389 1632 ossanna
412 1582 471 1630 etE
541 1587 563 1629 2.
582 1581 641 1630 laec
661 1607 691 1618 -
710 1579 762 1630 dieo
781 1597 828 1632 om.
850 1581 872 1632 C
933 1587 958 1634 3.
983 1599 1026 1646 que
1045 1593 1099 1648 (pro

81 1653 175 1717 quod)P
218 1661 236 1701 4.
254 1651 349 1720 [admont
366 1651 416 1717 En]
479 1655 501 1698 6.
523 1649 692 1718 [decertantem
710 1648 759 1718 Eh]
821 1651 868 1699 saint
891 1650 911 1700 E
965 1654 987 1700 7.
1004 1651 1100 1701 vervina

79 1739 159 1781 ornnes,
176 1721 211 1772 Or.
243 1727 261 1772 8.
282 1723 348 1771 volarat
364 1721 407 1770 EC
443 1720 693 1770 arausiacensis
713 1718 757 1770 Or.

85 1951 217 2005 'iseronem
238 1947 374 2022 scripsisse
396 1955 513 2022 putem;
536 1954 686 2002 ettamen
708 1944 852 2016 adnuiror,
876 1945 926 2020 qui
949 1944 1017 2001 inde
1039 1945 1101 2003 fac·

81 2055 116 2090 rrn
137 2034 171 2090 sit
191 2051 307 2108 quaeque.
347 2031 432 2105 Quod
459 2030 589 2090 Orellius
616 2050 738 2105 peraeque
760 2030 825 2086 vult
851 2049 916 2088 esse
943 2033 1099 2105 qualesque,

80 2139 143 2176 nsum
165 2120 337 2175 vehementer
356 2115 495 2192 loquendi
516 2116 582 2173 usui
605 2125 749 2192 repugnat
771 2113 854 2194 (quis
877 2115 954 2173 enirn
973 2116 1100 2174 audivit:

79 2230 90 2262 a·
110 2206 272 2280 sr'qaqfticotar,
293 2223 343 2278 pro
358 2221 403 2273 ee,
426 2202 505 2277 quod
517 2211 574 2259 est:
597 2204 764 2276 siqar'ficatar
775 2203 837 2258 talis
848 2199 938 2278 esse?)
961 2212 991 2259 et
1003 2211 1101 2260 cetera

79 2291 220 2348 :anamodo
240 2289 381 2364 relinquit.
413 2287 516 2366 [Nunc
538 2297 636 2346 tamon
660 2298 690 2345 et
711 2288 901 2345 correctionis
913 2287 1054 2345 violentia
1072 2299 1102 2345 et

79 2397 125 2434 *erm
147 2395 262 2446 nomen,
285 2393 466 2450 quocumque
488 2383 517 2430 te
540 2383 653 2442 vertas,
688 2373 920 2445 incommodum,
954 2383 984 2430 et
1010 2373 1100 2432 vesti-

79 2483 110 2518 ,m
134 2461 264 2518 codicum
285 2469 352 2516 ante
375 2460 507 2536 ignotum
531 2458 612 2538 (narn
635 2459 723 2516 etiarn
746 2460 773 2515 B
795 2457 955 2538 sianiiceut)
977 2459 1100 2531 faciunt,

79 2560 169 2606 nutem
182 2547 353 2606 Ciceronem
367 2546 537 2620 scripsisse:
559 2564 682 2619 quaeque
693 2547 873 2618 sian'jncentur
889 2564 1001 2601 eorum
1022 2565 1099 2602 voca-

79 2655 99 2701 s,
122 2632 316 2708 promittique
339 2642 369 2688 et
391 2630 544 2689 notionum
556 2628 757 2710 (notitiarum)
779 2630 921 2686 virtutum
939 2631 1100 2706 expositio-

79 2745 81 2774 n
108 2729 137 2774 et
149 2718 313 2787 nominum,
338 2717 445 2791 quibus
457 2717 652 2792 appellentur,
676 2716 892 2773 enarrationem
905 2716 942 2772 ad
958 2717 1100 2774 virtutum

79 2804 213 2862 ›rietates
225 2813 256 2859 et
273 2803 446 2860 discrimina
468 2803 562 2878 magis
583 2801 781 2878 intellegenda
798 2803 1048 2860 accommodatam
1071 2809 1101 2860 et

80 2891 177 2946 iorem
214 2889 252 2945 de
287 2887 473 2964 singularum
506 2888 536 2944 vi
569 2896 599 2944 et
631 2896 738 2944 natura
764 2887 1002 2962 disputationem.
1053 2889 1100 2944 Ex

80 2979 191 3032 iocatur
220 2994 317 3031 eoram
346 2973 435 3031 facile
463 2973 534 3030 oriri
563 2982 679 3049 poterat
705 2975 853 3046 siqnificent
875 2992 972 3030 rerum
1012 2973 1100 3048 Quod

90 3081 125 3117 se
151 3061 295 3117 visurum
321 3060 397 3116 Piso
421 3059 501 3131 dicit,
525 3059 697 3116 brevissime
719 3077 781 3114 rem
804 3059 924 3135 attingit
946 3063 960 3128 ᾖ
985 3055 1050 3138 67.]

80 3147 160 3222 Cap.
186 3146 306 3216 XXII,
335 3147 387 3202 61.
416 3155 610 3220 praeterquam
632 3145 706 3218 quod
727 3153 826 3200 nosmet
848 3146 922 3218 ipsas
944 3146 1098 3217 aliquaue,

79 3253 135 3289 rea
163 3228 241 3310 cet.)
267 3231 393 3288 Eodem
417 3231 503 3287 modo
521 3239 715 3305 praeterquam
732 3239 924 3304 —praeterea
946 3229 1098 3307 coniungi·

79 3320 107 3375 tr
131 3319 237 3394 Legg.
253 3317 311 3387 45,
334 3327 501 3392 praeter—
509 3325 651 3390 praetereo
663 3314 700 3372 ad
713 3314 749 3388 Q.
760 3315 810 3372 Fr.
823 3315 848 3384 1,
863 3318 889 3386 l,
904 3315 953 3372 28.
987 3313 1099 3392 [Hand.

79 3406 132 3461 IV
145 3424 178 3478 p.
195 3404 241 3460 55
250 3400 299 3480 1.]
325 3403 357 3459 N
361 3422 400 3459 on
412 3401 595 3459 dissimiliter
616 3410 713 3458 autern
726 3400 797 3457 Piso
819 3409 908 3475 atque
926 3419 1015 3475 supra
1031 3405 1046 3471 ς
1059 3403 1099 3458 46

88 3488 264 3560 distrahit,
294 3488 385 3562 quod
396 3496 551 3544 unumest.
586 3487 636 3546 Sic
648 3486 726 3544 enirn
748 3504 878 3543 amorem
900 3487 993 3544 nostri
1012 3506 1101 3563 supra

79 3577 98 3631 ni
102 3587 125 3643 t,
143 3585 182 3631 ut
196 3575 227 3632 is
242 3571 426 3631 referretur
437 3572 474 3630 ad
486 3581 609 3629 naturae
621 3581 739 3630 nostrae
752 3581 781 3630 et
792 3573 921 3648 optimae
933 3572 996 3630 eius
1008 3573 1101 3648 partis

79 3663 212 3730 ionem,
234 3678 347 3734 quam
371 3660 403 3715 in
415 3660 524 3716 virtute
541 3659 668 3734 positam
680 3657 885 3716 indicaremus.
908 3659 1012 3732 Itaque
1023 3658 1053 3716 in
1065 3677 1101 3716 eo

79 3747 166 3802 :ime
188 3746 348 3802 honesta
361 3753 467 3821 suapte
490 3753 595 3802 natura
617 3754 646 3802 et
667 3763 721 3820 per
732 3762 764 3801 se
775 3753 962 3819 expetuntur.
994 3744 1101 3818 Neque

79 3841 194 3888 meant
221 3831 302 3901 illa,
333 3849 415 3904 quae
437 3831 468 3886 in
490 3831 590 3906 pueris
613 3848 756 3906 apparere
779 3829 864 3900 dicit,
888 3830 1005 3888 indicia.
1040 3830 1100 3886 Pro

79 3927 123 3975 ‚st
153 3913 412 3997 decertantium)
435 3915 523 3973 etiam
547 3916 625 3992 Spir.
639 3913 695 3993 [B]
717 3918 778 3972 siat
813 3915 858 3972 De
875 3919 992 3972 arceant
1014 3935 1032 3972 a
1055 3934 1101 3972 me

80 4033 83 4052 .
114 4004 201 4059 dixi
231 4003 284 4058 ad
316 4009 335 4073 §
365 4005 416 4059 41.

80 4111 102 4146 o
133 4091 191 4146 r'llz'
217 4089 361 4146 labor-ea
385 4108 437 4145 aaa
463 4087 614 4162 perferunt)
648 4084 706 4158 Qui
735 4085 777 4142 sic
804 4086 982 4162 interrogat:
1022 4085 1102 4156 Quod

79 4177 155 4231 uod
173 4177 337 4248 facinus
362 4175 507 4250 parricida
528 4193 580 4229 aon
592 4173 696 4229 edidit?
718 4166 863 4251 (Philipp.
882 4171 973 4242 XIII,
987 4169 1051 4250 21),
1075 4173 1100 4230 is

80 4261 241 4318 »mnino
275 4258 437 4337 (genere)
460 4277 524 4316 esse
546 4257 828 4332 nominariveposse
845 4257 999 4332 significat,
1022 4257 1101 4333 quod

86 4366 111 4402 n
145 4346 352 4415 ediderit;
383 4347 433 4420 qui
445 4353 543 4402 autem
555 4343 726 4414 admiratur,
752 4343 844 4399 multa
861 4361 1024 4420 magnaque
1047 4343 1102 4401 ali·
