3034 5030
341 385 405 450 362
734 401 779 446 nn
801 399 932 448 surmus
955 400 1026 448 sau.

341 570 535 648 videbantur,
558 586 639 650 quae
661 585 744 634 nunc
766 569 956 634 cousuetudo
979 568 1237 647 diuturuatrivit;
1260 567 1336 649 quid
1347 586 1425 634 errr-

341 691 393 738 ses
414 671 447 736 in
468 671 580 736 Latium
602 668 689 736 fore?
723 669 915 736 Facillimum
936 671 968 736 id
990 670 1115 752 quidem
1138 670 1352 752 estiuquam.
1388 670 1425 736 Si

413 829 434 873 1.
454 825 563 874 amate
637 821 714 892 [qaod
731 823 784 890 Eh]
856 829 878 876 ¹2.
906 823 1063 892 [sbruillimmu
1081 821 1117 893 A]
1133 821 1295 889 jaciosdami
1319 822 1426 874 Factus·
1500 855 1504 862 ·

340 911 401 943 mam
418 893 447 944 M
456 891 614 958 satiandum?
630 891 771 942 Fata'eadam
790 893 811 944 Ο
829 892 973 944 Fucinum
992 892 1058 943 tor.

340 1053 469 1090 ruovoram
481 1033 648 1104 scindebantur,
673 1031 752 1092 Oxx.
764 1026 808 1102 Εξ
820 1035 926 1090 cremina
949 1043 1089 1091 taceantur.
1112 1031 1153 1112 [B
1165 1043 1198 1090 ut
1210 1027 1286 1112 Ert]
1314 1030 1362 1089 Ex
1373 1031 1426 1090 hie

341 1118 493 1176 Manutius
503 1115 616 1176 effecit:
627 1137 717 1175 rernm
729 1121 834 1174 nornine
847 1139 974 1175 nouarum
986 1139 1054 1176 nova
1064 1115 1425 1195 uidebuntur(ined.1560

340 1200 516 1284 viderentur),
540 1203 695 1262 Ernestius
718 1203 766 1278 (ut
777 1211 822 1260 est
838 1203 868 1260 in
878 1204 923 1261 ed.
936 1205 1012 1261 Ven.
1028 1201 1124 1282 1480)
1146 1207 1252 1260 nonum
1274 1223 1342 1259 nova
1366 1211 1424 1259 nens

340 1290 508 1350 vidcdcnmr.
531 1289 698 1348 Victorius:
720 1293 826 1346 nornine
849 1309 978 1346 maumam
999 1291 1177 1360 mmmmm,
1198 1289 1279 1363 quod
1289 1287 1427 1350 Orellius

340 1385 458 1432 secutus
470 1385 529 1445 est;
553 1375 603 1452 (de
621 1375 686 1432 cod.
709 1375 812 1451 Steph.
840 1375 915 1432 nihil
943 1375 1017 1453 est);
1052 1375 1112 1432 alia
1139 1375 1258 1444 omitto3
1296 1383 1427 1450 apparet

340 1461 428 1530 enim,
452 1461 524 1517 haec
547 1461 647 1518 omnia
668 1459 698 1517 in
722 1460 826 1518 iisdem
849 1478 913 1518 esse
936 1460 1017 1517 vitiis
1039 1460 1124 1537 pravi
1137 1459 1215 1518 ntodi
1228 1460 1426 1535 ettemporis.

341 1544 526 1621 Quamquam
551 1547 629 1603 modi
651 1545 755 1603 vitium
779 1545 885 1620 estqui
898 1557 1057 1618 removeat,
1081 1565 1135 1624 pro
1156 1565 1214 1602 cura
1239 1543 1427 1602 substituens

341 1635 474 1706 quonium.
519 1630 555 1688 Id
577 1649 653 1688 uuus
676 1631 752 1688 vidit
773 1631 941 1702 Manutius,
975 1649 1035 1688 non
1063 1631 1119 1688 hoc
1146 1629 1288 1690 Catonem
1312 1629 1426 1694 dicere,

340 1717 479 1790 quoniam
507 1716 585 1792 apud
609 1715 742 1774 Graecos
763 1717 856 1774 verba
877 1735 954 1774 nova
976 1716 1150 1792 reperienda
1177 1715 1302 1784 fuerint,
1335 1733 1427 1791 repe·

340 1801 442 1860 rienda
474 1811 505 1859 et
535 1800 672 1860 iacienda
704 1821 769 1860 esse
802 1802 892 1859 etiam
919 1803 949 1860 in
983 1802 1090 1860 Latino
1123 1819 1259 1860 semrone
1281 1801 1428 1878 (debebat

340 1888 418 1944 eninr
441 1887 514 1946 dici:
543 1889 612 1962 qnid
637 1907 727 1945 censcs
754 1891 781 1944 ia
810 1889 910 1944 Latrim
931 1889 1132 1961 jaciendum
1148 1883 1255 1965 soret),
1279 1886 1330 1944 sed
1355 1886 1425 1960 hoc,

341 1973 479 2048 quoniam
508 1972 581 2048 ipsis
604 1971 729 2032 Graecis
751 1973 825 2030 haec
848 1973 968 2030 nomina
990 1973 1062 2031 dura
1085 1984 1115 2030 et
1136 1973 1189 2030 vix
1211 1971 1334 2029 ferenda
1357 1972 1427 2030 visa

341 2059 414 2128 sint,
449 2058 541 2116 multo
571 2057 601 2114 id
629 2058 723 2136 magis
745 2058 775 2115 iu
798 2058 906 2116 Iratino
929 2077 1065 2116 sermone
1086 2057 1227 2115 futurum.
1272 2057 1309 2114 Id
1331 2057 1425 2114 etiam

341 2161 407 2200 cum
431 2163 467 2200 ex
491 2143 604 2201 verbis:
626 2164 697 2220 qam
719 2164 788 2201 nurrc
810 2145 970 2201 consuetudo
988 2145 1119 2201 diutrrmc
1137 2147 1209 2200 trient
1231 2143 1426 2218 perspicuum

339 2229 381 2285 fit.
406 2239 468 2286 tum
491 2247 507 2286 e
530 2229 667 2304 proxima
689 2231 844 2300 sententia,
868 2229 920 2286 ubi
932 2229 1037 2288 Cicero
1049 2229 1221 2287 facillimam
1232 2228 1264 2285 id
1274 2228 1426 2286 rationem

341 2313 508 2372 habiturum
533 2315 612 2371 dicit.
648 2314 706 2375 Sed
729 2314 856 2372 Manutii
879 2315 1026 2390 scriptura
1048 2313 1425 2390 praetereaincommoda,

342 2417 417 2472 (lurae
430 2399 502 2470 dixi,
525 2411 554 2456 et
577 2419 595 2456 a
617 2399 700 2457 libris
724 2400 847 2458 discedit
870 2418 924 2456 nec
947 2400 1019 2458 satis
1043 2400 1081 2472 id,
1104 2397 1345 2476 quodipsevult,
1370 2417 1427 2457 ex·

342 2485 459 2561 primit;
493 2485 582 2542 nimis
610 2496 656 2544 est
683 2483 760 2543 enim
789 2486 855 2543 lene
877 2485 951 2543 illud
973 2505 1041 2542 recca
1064 2487 1231 2543 videbantur.
1275 2483 1427 2559 Equidem

343 2589 401 2626 non
425 2570 537 2642 dubito,
561 2571 632 2645 quin
656 2571 747 2629 verba
769 2571 883 2646 aliquot
905 2571 1079 2642 exciderint
1103 2581 1134 2628 et
1155 2571 1229 2628 haec
1251 2569 1314 2628 iere
1331 2569 1427 2628 fuerit

342 2675 413 2713 vere
435 2657 578 2714 orationis
599 2656 709 2714 forma:
743 2657 816 2713 nunt
844 2677 903 2714 mun
930 2660 958 2714 in
989 2658 1095 2714 Graeco
1121 2675 1240 2714 somnone
1267 2656 1333 2713 baec
1361 2659 1427 2732 ipsc

344 2743 478 2816 quoudam
502 2763 590 2799 rcrnru
615 2745 719 2798 rronciuu
737 2763 865 2798 ruovoram
888 2761 971 2800 raova
990 2753 1096 2814 erunt,
1113 2743 1264 2816 serenda
1286 2760 1338 2798 raon
1351 2745 1428 2799 tnde-

343 2828 449 2896 brmtur,
473 2847 542 2902 quoe
564 2849 634 2886 cerciac
655 2830 815 2885 consuetudo
837 2829 966 2884 «tirtamus
989 2831 1079 2894 tm'uit,·
1102 2829 1170 2902 quid
1184 2846 1275 2884 censes
1297 2835 1367 2898 cet,
1393 2836 1427 2884 ut

343 2912 442 2988 priora
464 2913 598 2971 absolute
620 2922 782 2989 ponantur,
806 2921 868 2970 tum
891 2913 1050 2971 adiciatur:
1083 2914 1152 2987 qaid
1177 2921 1287 2970 conce?
1319 2929 1428 2986 quem-

342 2998 509 3068 admodum,
532 2999 558 3056 si
570 2999 715 3074 exemplis
726 3016 801 3073 opus
813 3007 867 3068 est,
890 2998 929 3055 ad
939 2999 1032 3057 Attio.
1051 3000 1092 3067 X,
1109 3001 1157 3069 ll,
1171 3001 1200 3070 4,
1223 2996 1303 3072 apud
1314 2998 1426 3056 Horat.

342 3083 398 3159 Ep.
421 3085 446 3154 Ι,
471 3087 499 3154 6,
524 3085 552 3141 5.
597 3081 735 3165 [Attendi
759 3083 857 3156 velim,
880 3083 911 3141 in
934 3085 995 3141 Erl.
1018 3094 1049 3142 et
1069 3085 1096 3142 B
1119 3083 1216 3142 omitti
1238 3102 1328 3140 rerum
1351 3085 1428 3140 scri·

342 3169 431 3243 bique
443 3182 585 3238 vccanmm
608 3189 722 3238 vereor,
734 3188 771 3225 ne
787 3169 818 3226 in
830 3169 924 3228 altera
935 3170 1027 3245 stirpe
1039 3169 1172 3227 codicum
1185 3167 1341 3226 meliorum
1354 3167 1428 3247 (A),

343 3273 408 3312 cum
431 3275 559 3312 maumam
575 3255 686 3313 iactum
699 3265 786 3325 esset,
809 3255 941 3313 additum
963 3256 1003 3312 eit
1015 3275 1114 3327 mum,
1137 3273 1156 3311 a
1167 3253 1311 3313 Cicerone
1323 3265 1427 3312 autem

341 3339 446 3397 fuerit:
468 3360 580 3398 cum-
593 3341 657 3398 baec
679 3344 739 3416 ipsc
762 3343 897 3414 qrromizm
921 3344 1026 3398 nom-ina
1048 3359 1117 3398 ateva
1138 3349 1224 3410 mmet,
1241 3341 1428 3413 sereodaacn

341 3427 502 3482 viriedcutur
522 3435 583 3496 eut,
605 3445 657 3484 nora
679 3426 806 3496 sublato,
830 3445 898 3483 noua
920 3437 1006 3498 munt,
1028 3420 1210 3504 mmmm]

429 3513 600 3570 Facillimum
623 3514 654 3569 id
675 3510 857 3589 quidemst)
882 3511 932 3571 Sic
948 3512 1038 3569 etiam
1061 3531 1118 3588 mg.
1137 3509 1219 3571 Crat.
1231 3507 1287 3591 [B]
1311 3518 1342 3566 et
1360 3509 1427 3568 eine

342 3597 432 3654 dubio
444 3597 586 3672 quidquid
599 3606 645 3655 est
656 3596 809 3654 meliorum
822 3597 917 3668 codd,
930 3607 1018 3672 atque
1041 3597 1083 3654 sic
1106 3597 1167 3654 fere
1184 3605 1253 3653 ante
1266 3595 1427 3653 Dasisium

342 3683 485 3740 edebatur
501 3683 603 3759 (etiam
616 3684 717 3752 Mars,
741 3680 846 3762 Vict).
880 3683 1034 3740 Librarius
1051 3682 1159 3757 aliquis
1181 3682 1212 3739 id
1234 3681 1427 3744 desiderarit.

343 3768 421 3842 quod
433 3769 584 3844 superiore
601 3778 672 3827 nota
683 3768 924 3838 commemoravi3
947 3769 1047 3843 itaque
1059 3769 1089 3825 in
1101 3769 1171 3826 Par.
1185 3769 1203 3825 2
1227 3777 1258 3824 et
1278 3767 1355 3824 Ball.
1368 3767 1428 3844 (ψ)

342 3863 372 3910 et
395 3873 453 3910 uno
476 3867 505 3910 et
527 3853 621 3912 altero
639 3853 718 3925 Gaii,
741 3854 825 3912 utin
848 3855 890 3925 M,
915 3854 1138 3931 scriptumest:
1165 3855 1230 3928 scre
1245 3853 1429 3927 sacimadnmt

343 3940 531 4009 Facillimum
554 3939 579 3998 is
595 3959 678 3998 error
689 3941 854 4016 proximam
866 3957 970 3998 vocem
981 3938 1326 4014 similitudineoomupit,
1348 3947 1384 3996 ut
1396 3939 1427 3995 in

342 4024 419 4084 CCC
431 4025 663 4084 etMead.etOx.
670 4043 687 4100 χ
699 4026 886 4084 scriberetur.
899 4025 1144 4101 quemadmodum
1156 4025 1187 4082 in
1199 4024 1429 4098 Casan'cndwnt

343 4111 510 4167 Faciendum
533 4113 563 4167 id
584 4119 639 4168 cet.
683 4111 799 4169 Deinde
822 4111 951 4169 deletum
973 4111 1098 4168 alterum
1115 4113 1273 4185 sociandum
1291 4110 1321 4166 in
1338 4109 1427 4166 codd

342 4195 621 4271 interpolatissimis,
634 4197 681 4254 El.
697 4200 723 4267 l,
737 4198 805 4254 Bas.
818 4193 924 4273 (etiam
937 4193 989 4269 Εξ,
1002 4198 1027 4255 si
1039 4191 1098 4265 de}
1109 4195 1341 4260 Oxoniensibus,
1365 4213 1427 4252 non

342 4279 468 4338 Davisio
491 4279 671 4360 credimus);
694 4291 784 4356 atque
806 4281 882 4338 hanc
905 4282 1080 4358 scripturam
1103 4281 1172 4339 inde
1195 4301 1214 4338 a
1230 4281 1357 4339 Davisio
1381 4299 1428 4338 se·

342 4364 402 4422 cuti
415 4377 509 4424 erant.
533 4367 620 4438 Mire,
643 4385 710 4424 cum
722 4366 836 4424 infinite
848 4369 1016 4441 quaesitum
1028 4378 1106 4426 esset
1129 4367 1212 4448 (qnid
1222 4386 1311 4425 emeca
1316 4369 1383 4442 fore
1390 4365 1426 4440 t),
