2938 5020
299 383 362 448 150
690 405 735 450 nn
757 407 888 456 nunnus
910 410 981 456 nox.

297 569 405 650 inquit,
427 569 520 634 finem
541 571 585 636 illi
607 575 705 639 sideri
727 575 802 640 nihil
823 577 938 642 dolere
983 579 1086 656 Qud?
1114 581 1194 644 idem
1221 582 1293 645 istc.
1327 581 1374 644 in-

297 690 401 752 quam,
423 675 463 740 de
485 674 644 755 voluptate
665 677 870 758 anidscntit?
902 683 932 744 9.
955 680 1057 762 Negat
1080 701 1150 746 asse
1166 701 1244 762 eam,
1266 683 1375 764 inquit,

299 783 429 855 propter
450 794 486 840 se
507 779 720 860 expetendam
765 780 859 844 Aliud
886 781 981 862 igitur
1008 801 1078 847 esse
1100 791 1205 848 censet
1227 786 1376 865 gaudere.

298 876 384 940 alind
405 879 592 944 nondolere
625 881 667 945 Et
677 883 811 963 quidem
833 883 940 964 inquit,
963 885 1271 962 vehementarerrat;
1295 904 1377 962 nam,

260 979 282 1042 5
300 987 334 1042 ut
354 979 448 1060 paulo
469 987 543 1046 ante
564 983 671 1062 docui,
703 985 866 1065 angendae
888 986 1057 1066 voluptatis
1084 986 1156 1051 finis
1184 995 1232 1051 est
1259 987 1378 1051 doloris

299 1082 399 1145 omnis
420 1083 544 1147 amotio.
578 1084 648 1149 h'on
672 1086 787 1164 dolere,
809 1087 946 1169 inquam,
968 1088 1053 1152 istud
1074 1088 1241 1168 quamnim
1255 1089 1379 1157 habeut.
1459 1113 1460 1138 1

299 1196 410 1262 postea
431 1185 553 1262 videro3
576 1187 669 1250 aliam
692 1205 767 1252 vero
790 1189 852 1254 vim
874 1189 1043 1270 voluptatis
1071 1209 1154 1268 esse,
1182 1190 1274 1254 aliam
1303 1190 1379 1254 nihil

299 1285 433 1364 dolendi,
468 1287 526 1350 nisi
560 1287 651 1354 valde
678 1291 822 1370 pertinax
851 1289 961 1368 merie,
993 1293 1144 1356 concedas
1167 1310 1294 1356 necesse
1321 1301 1379 1356 est.

300 1387 395 1468 Atqui
418 1388 565 1468 reperies,
586 1391 695 1471 inquit,
718 1391 748 1455 in
771 1392 829 1456 hoc
851 1392 974 1473 quidem
993 1394 1197 1474 pertinacem
1218 1393 1380 1457 diei'enim
1460 1479 1461 1482 Ἴ

242 1493 284 1556 10
302 1489 375 1553 nihil
388 1499 492 1570 potest
503 1491 617 1554 verius.
651 1492 756 1570 Estne,
768 1511 896 1574 quaeso,
918 1495 1052 1576 inquam,
1075 1495 1191 1558 sitienti
1201 1495 1233 1560 iu
1244 1495 1381 1560 bibendo
1420 1481 1422 1484 ⁵
1460 1483 1461 1488 ¹

371 1758 391 1802 l.
411 1755 506 1817 mquam
525 1769 574 1802 om.
595 1755 759 1806 Ll’llCllOr.
807 1761 830 1804 2
854 1773 953 1806 tasson
976 1761 1034 1822 (pro
1051 1757 1154 1820 eornm
1207 1763 1228 1806 a
1252 1773 1277 1807 ae
1301 1759 1382 1821 msam
1461 1787 1462 1818 ,

301 1821 389 1871 MCOr
442 1830 455 1869 l
483 1821 587 1886 equidem
607 1840 659 1884 lom
688 1835 717 1874 et,
742 1825 763 1873 F.
800 1831 825 1878 6.
843 1843 893 1874 cum
913 1843 957 1874 aon
975 1826 1055 1874 dolere
1074 1826 1170 1874 thtu
1188 1835 1238 1874 tum
1257 1843 1312 1874 auro
1330 1825 1382 1876 dol.
1461 1823 1462 1830 ¹

301 1889 322 1938 C
358 1889 527 1939 itudoml
582 1896 603 1942 7,
623 1892 690 1942 mileo
709 1893 752 1942 LP
805 1899 828 1940 8.
848 1903 942 1944 estom
970 1895 992 1942 E
1042 1901 1078 1944 tu.
1098 1894 1193 1957 mquam
1212 1895 1300 1942 om.L

301 2141 471 2202 annotant);
494 2152 562 2190 nam
585 2135 746 2207 quaeritur.
770 2136 880 2209 quain
903 2155 935 2192 ra
958 2136 1157 2212 llieronymus
1170 2153 1316 2192 summum
1329 2135 1384 2190 ho-
1462 2179 1463 2182 ¹

300 2237 371 2275 num
393 2227 494 2294 ponat.
537 2219 611 2276 Eius
633 2221 714 2277 nolio
737 2221 852 2296 plenius
875 2229 905 2277 et
926 2220 1046 2297 gravius
1063 2220 1247 2296 exprimitur,
1270 2219 1385 2278 additis

301 2303 362 2360 illis
384 2323 437 2378 qno
454 2314 531 2378 putet
558 2313 623 2376 cat,
651 2324 727 2379 quae
749 2305 891 2362 Davisius
913 2306 1021 2363 iniuria
1044 2305 1139 2362 omitti
1162 2305 1289 2361 volebat.
1339 2305 1385 2362 De

301 2388 485 2464 Hieronymo
496 2389 613 2447 Rhodio
625 2390 708 2460 nihil,
732 2391 811 2464 quod
824 2392 862 2448 nd
874 2390 1091 2467 philosophiam
1103 2388 1236 2454 attineat,
1259 2401 1385 2465 praeter

301 2474 378 2530 hane
389 2492 478 2532 unam
490 2475 665 2533 sententiam
677 2475 813 2546 traditur,
836 2495 912 2552 quae
934 2485 1180 2533 commemoratur
1201 2474 1250 2532 hic
1263 2475 1315 2543 35,
1330 2479 1384 2537 41.

301 2560 340 2628 V,
367 2561 415 2627 14,
438 2561 533 2618 Acad.
555 2561 598 2632 11,
625 2563 694 2632 131,
718 2571 786 2618 cett.

387 2647 457 2702 idem
479 2647 541 2708 iste,
574 2645 699 2724 usqiman)
722 2646 831 2721 Recepi
859 2647 996 2716 verbum,
1025 2646 1192 2719 quodcum
1216 2644 1276 2701 Erl.
1312 2663 1387 2702 con-

302 2729 469 2788 sentiebant
490 2726 548 2802 Εξ,
582 2741 613 2788 ut
643 2731 721 2789 idem
749 2732 780 2789 in
807 2731 874 2788 aliis
896 2731 982 2788 bonis
1004 2731 1088 2788 codd.
1116 2729 1208 2788 inissa
1236 2739 1386 2806 putarem.

303 2814 358 2893 [Et
380 2825 425 2871 est
442 2815 471 2872 in
484 2818 514 2873 A
526 2827 555 2873 et
567 2815 619 2895 Β.]
642 2817 769 2874 Videtur
780 2816 869 2873 etiam
881 2814 1073 2873 offensionem
1085 2816 1194 2872 habere
1211 2815 1294 2871 verbi
1319 2815 1389 2872 eius

302 2901 332 2958 in
361 2901 415 2956 hac
442 2899 590 2975 frequenti
618 2921 809 2978 personarum
838 2901 1001 2958 mutatione
1031 2919 1091 2958 nno
1124 2911 1154 2958 et
1186 2899 1279 2956 altaro
1315 2899 1388 2957 loco

302 2985 432 3047 omissio,
455 3005 521 3044 cum
543 2988 574 3045 id
596 2988 683 3063 longo
705 2987 840 3062 plurimis
861 2987 936 3043 locis
952 2995 1092 3062 ponatur,
1115 3003 1294 3060 quamquam
1312 3003 1388 3042 mox

302 3071 448 3128 omittitur
459 3071 560 3152 (Aliud
569 3077 651 3146 ἐρίων
673 3073 742 3148 etc.)
754 3083 783 3128 et
805 3071 926 3150 [iterum
938 3081 1006 3147 post
1017 3089 1126 3146 paucos
1137 3089 1254 3128 versus:
1275 3071 1389 3126 ardem-

303 3177 343 3228 nq
367 3177 437 3230 qnae
460 3169 515 3214 cet.
538 3157 582 3235 et]
605 3159 693 3233 paulo
716 3166 784 3233 post
806 3163 820 3227 ξ
847 3159 884 3214 17
908 3158 1001 3232 (Erpo
1012 3159 1038 3212 in
1049 3155 1223 3230 cadon-etc.)
1245 3164 1274 3211 et
1292 3173 1390 3230 supra

302 3241 333 3307 I,
359 3242 398 3298 28
428 3247 513 3317 inqm't
546 3243 576 3299 in
604 3243 694 3300 simili
722 3243 865 3301 orationis
893 3241 1004 3312 forma3
1040 3240 1108 3319 [cfr.
1131 3241 1174 3311 V,
1199 3241 1238 3297 77
1262 3247 1292 3296 et
1318 3239 1390 3318 83].

303 3327 422 3384 Excidit
445 3328 590 3384 interdum
614 3329 788 3403 compendio
812 3337 961 3396 notatum
983 3327 1042 3384 vid.
1065 3345 1127 3383 var.
1149 3325 1250 3401 script
1272 3325 1313 3380 ad
1326 3326 1390 3388 ΠΙ.

308 3415 354 3484 14,
378 3414 433 3479 IV,
458 3415 485 3469 2.

390 3498 417 3554 9.
437 3509 549 3573 propter
565 3497 607 3576 se)
631 3499 733 3574 Ipsam,
757 3499 837 3574 qnod
847 3499 936 3574 vulgo
959 3497 1086 3561 additur,
1109 3494 1320 3555 Gziusahesse
1347 3495 1390 3553 air

303 3583 333 3640 in
356 3584 451 3640 trihus
473 3585 534 3641 suis
556 3583 640 3641 codd.
657 3583 786 3660 optimis.
814 3583 963 3642 Omittnnt
984 3583 1072 3640 etiam
1085 3580 1130 3659 [A
1142 3578 1193 3658 B,]
1216 3578 1392 3642 convica.

304 3668 362 3728 Ox.
384 3669 419 3724 Ε.

390 3755 430 3810 Et
453 3756 569 3828 quidem,
587 3753 686 3828 inquit)
717 3753 825 3822 „Multi
848 3753 932 3810 codd.
943 3754 1094 3826 equidem.“
1119 3749 1242 3811 Gaius.
1265 3749 1323 3806 Est
1348 3753 1393 3809 ita

304 3841 334 3897 in
357 3834 400 3908 Εξ
421 3847 583 3914 pervagato
611 3857 720 3896 errore.
764 3839 908 3898 Concedit
931 3839 1101 3912 Torquatus
1129 3845 1157 3892 et
1188 3835 1392 3893 remotionem

305 3925 470 4001 argumenti
493 3925 641 4001 adiungit;
663 3923 723 3980 vid.
747 3925 784 3980 ad
806 3925 831 3993 I,
857 3925 906 3980 35.

391 4009 452 4066 Non
476 4008 579 4087 dolere)
602 4009 652 4070 Sic
675 4009 764 4066 stiam
787 4009 852 4067 Pal.
868 4013 894 4071 1,
919 4007 996 4085 Spir.
1031 4005 1130 4066 Ceteri
1142 4003 1227 4072 Pall,
1251 4005 1392 4080 quinque

305 4095 432 4163 Davisii,
456 4095 536 4155 ΟΠ.
558 4095 617 4170 Ex,
640 4095 699 4153 duo
722 4093 791 4153 Gzii
813 4115 871 4152 cum
889 4095 1047 4153 rtortdolere,
1071 4091 1117 4148 El.
1144 4095 1169 4159 l,
1193 4090 1262 4146 Par.
1286 4090 1305 4144 2
1334 4101 1393 4148 turn

306 4201 357 4236 non
373 4183 416 4250 d,
445 4179 525 4238 Gnd.
539 4182 556 4236 2
570 4201 630 4250 corn
652 4200 713 4237 vero
724 4181 751 4236 d.
766 4180 928 4237 Lambinus
950 4189 1023 4234 utum
1046 4196 1096 4232 teon
1119 4177 1207 4232 dolere
1229 4174 1394 4239 coiciehat,

307 4285 397 4341 prave
420 4266 518 4341 posito
540 4265 713 4340 pronomine
736 4275 766 4322 et
787 4265 825 4320 ab
848 4265 942 4321 altero
965 4261 1065 4339 (istud)
1089 4261 1230 4318 diiuncto.
