2944 5040
483 403 655 450 excussus
674 403 714 448 nr.
802 433 807 450 .
1073 387 1136 450 815

68 673 104 732 ll.
153 671 210 735 DE
243 667 409 736 PRZMIS
439 669 666 736 NATURAE
704 674 758 738 ΕΤ
798 673 853 738 DE
892 674 1135 740 CARNEADIA

105 789 323 856 DIVISIONE
350 791 680 858 SENTENTIARUM
709 792 764 858 DE
792 793 939 860 SUMMO
968 795 1092 860 BONO.

186 997 233 1042 AD
250 997 313 1042 LIB.
330 997 354 1042 11
376 999 404 1044 C.
426 1001 452 1044 ll
475 998 518 1044 ΕΤ
536 999 598 1044 Lm.
617 999 639 1044 V
657 999 685 1046 C.
704 1003 718 1046 6
737 1000 781 1046 ΕΤ
798 999 892 1046 ALIOS
909 999 1017 1048 Locos.

149 1255 246 1310 Pninu
268 1265 381 1312 naturae
408 1265 438 1312 et
464 1256 520 1313 boc
547 1256 612 1332 ipso
639 1257 757 1314 nomine
785 1265 815 1313 et
836 1255 902 1314 aliis
924 1256 1043 1332 paulum
1066 1257 1135 1314 hinc

62 1340 284 1398 deflectentibus
307 1340 411 1400 Cicero
437 1340 468 1397 in
496 1342 552 1399 hoc
574 1360 662 1417 opere
685 1361 826 1418 persaepe
854 1351 1062 1400 commemorat
1095 1354 1133 1414 et,

62 1426 148 1500 quasi
177 1445 224 1483 res
246 1435 349 1501 aperte
371 1426 409 1483 sit
431 1435 460 1483 et
482 1427 583 1485 eedem
606 1428 715 1502 ubique
737 1437 825 1502 atque
853 1429 899 1484 sui
923 1429 1041 1500 similis,
1074 1427 1134 1485 vim

62 1511 190 1568 nominis
213 1519 242 1568 et
263 1511 307 1569 rei
328 1521 462 1570 naturam
486 1531 544 1570 uno
566 1511 632 1571 loco
654 1514 742 1590 plane
770 1521 799 1570 et
826 1513 962 1571 distincte
986 1514 1134 1589 explicere

61 1597 180 1654 omitt-it
223 1597 390 1674 Diligenter
411 1607 509 1656 tamen
531 1599 694 1657 attendenti
715 1618 773 1657 nou
797 1599 891 1656 solum
910 1600 1034 1657 obscura
1046 1618 1135 1674 quae·

60 1683 129 1740 dam
152 1691 181 1738 et
203 1682 336 1739 difficilia
358 1691 526 1754 occurrent,
560 1685 612 1742 sed
640 1685 703 1760 ipse
731 1685 820 1742 etiam
842 1683 946 1743 Cicero
977 1685 1133 1756 videbitur,

61 1769 132 1825 dum
154 1767 228 1824 elios
250 1768 367 1825 incaute
390 1769 531 1844 sequitur,
555 1771 695 1827 nonnulla
717 1789 770 1827 suo
787 1770 905 1846 ingenio
917 1771 1008 1842 addit,
1030 1789 1135 1846 perum

60 1863 231 1910 constanter
252 1854 327 1910 hanc
349 1853 499 1912 notionem
522 1848 777 1930 comprehendisse
799 1865 830 1912 et
849 1874 953 1930 parum
965 1857 1058 1931 perite
1081 1855 1134 1912 uli·

60 1949 134 2014 quot
156 1939 228 1996 locis
251 1957 286 1995 ea
308 1957 378 1996 usus
400 1957 473 1997 esse.
508 1939 594 2014 Quod
616 1941 672 1998 nisi
696 1941 867 2016 explicetur.
891 1959 985 2016 neque
1003 1941 1134 2017 intellegi

58 2033 142 2082 recte
164 2023 208 2081 illi
230 2024 288 2082 loci
309 2043 404 2099 neque
427 2025 549 2082 iudicari
572 2036 704 2102 possunt.
737 2027 776 2084 Et
787 2026 927 2084 historiae
940 2027 1056 2101 quidem
1069 2027 1134 2102 phi-

58 2109 214 2185 losophiae
236 2110 393 2185 scriptores
415 2110 492 2168 banc
513 2130 575 2168 rem
596 2110 659 2169 fere
681 2111 942 2187 praetermiserunt
963 2123 1014 2170 aut
1030 2113 1136 2168 leviter

57 2203 234 2266 tractarunt,
258 2196 335 2270 quod
357 2197 387 2252 in
411 2195 592 2254 Graecorum
615 2197 733 2273 scriptis
755 2198 846 2254 multo
869 2198 963 2254 rarius
980 2199 1135 2274 attingitur

58 2291 88 2338 et
111 2281 144 2338 in
166 2280 237 2356 ipsis
260 2299 369 2352 eorum,
393 2283 443 2356 qui
465 2281 637 2358 disciplinas
660 2283 861 2342 condiderunt.
885 2283 1133 2359 disputationibus

58 2366 171 2443 partim
193 2367 311 2422 omnino
332 2385 392 2424 nou
403 2376 521 2424 versata
543 2386 616 2438 esse,
639 2369 746 2443 partim
758 2368 879 2426 minoris
891 2370 1031 2426 momenti
1042 2368 1134 2427 fuisse

58 2453 180 2510 videtur
201 2470 289 2526 quem
310 2460 414 2527 postea
434 2453 513 2528 apud
536 2472 599 2526 eos,
628 2471 701 2528 quos
723 2453 827 2513 Cicero
850 2463 966 2512 secutus
989 2463 1042 2512 est.
1085 2455 1132 2512 Ex

58 2537 215 2598 Ciceronis
237 2537 454 2594 enarrator-ibus
476 2557 551 2596 unus
568 2539 691 2596 Beierus
713 2540 751 2597 ad
763 2538 821 2599 Off.
838 2540 949 2610 111,13
972 2541 1070 2598 variae
1082 2559 1133 2615 ap·

55 2622 246 2700 pollutiones,
269 2623 374 2696 quibus
398 2622 501 2682 Cicero
523 2625 630 2696 utitur,
665 2625 750 2698 qussi
778 2643 831 2700 per
853 2633 981 2682 saturam
1005 2626 1132 2702 collegit,

55 2709 142 2766 nulle
165 2708 297 2765 adhibita
318 2708 520 2781 distinctione,
549 2709 608 2766 alia
629 2717 727 2767 eutem
748 2711 779 2767 in
802 2729 927 2768 excursu
950 2711 1073 2787 septimo
1096 2710 1133 2767 ad

54 2797 169 2852 librum
192 2793 317 2868 primum
340 2794 376 2850 de
399 2791 457 2853 off.
479 2795 522 2852 ita
543 2796 696 2867 tractavit,
729 2803 762 2852 nt
788 2815 825 2852 ne
854 2796 894 2852 ibi
917 2796 1034 2870 quidem
1057 2795 1133 2853 diffi-

56 2881 211 2950 cultatem,
234 2879 360 2953 quaein
383 2879 442 2937 illis
464 2880 547 2938 libris
570 2899 627 2936 uon
650 2879 712 2938 iere
735 2889 873 2957 apparet,
895 2882 1068 2958 attingeret,
1103 2883 1133 2938 in

55 2965 236 3042 quibusdem
259 2965 295 3021 de
316 2973 449 3022 veterum
471 2965 713 3042 philosophorum
736 2967 886 3024 doetrinae
914 2965 1010 3024 forma
1037 2967 1133 3024 miuus

54 3059 139 3108 recte
163 3051 335 3125 disputaret,
359 3049 531 3110 Ciceronem
554 3070 688 3126 sequens.
701 3049 731 3130 ¹)
763 3050 866 3111 Oritur
887 3061 985 3108 autem
1008 3051 1133 3110 difficul-

53 3147 105 3194 tas
127 3135 253 3212 primum
278 3155 315 3192 ex
337 3155 382 3208 eo,
405 3135 484 3210 quod
506 3137 653 3195 notionem
677 3156 695 3194 a
718 3136 839 3208 Stoicis,
868 3138 945 3212 apud
969 3157 1042 3212 qnos
1064 3147 1133 3194 neta

53 3233 114 3291 est,
138 3240 244 3298 parum
266 3221 414 3278 definitam
437 3222 563 3297 primum
587 3222 754 3282 Carneades
776 3241 869 3298 paene
892 3222 996 3281 ludens
1018 3233 1133 3299 partur-

52 3307 152 3378 bavit,
177 3307 280 3364 deinde
302 3307 477 3376 Antiochus,
500 3326 518 3364 a
540 3327 597 3383 quo
620 3307 724 3367 Cicero
747 3309 869 3384 pendet,
892 3319 925 3365 ut
946 3308 1005 3365 alia
1023 3309 1132 3379 Stoica,

52 3395 95 3450 ad
119 3392 329 3450 Academicam
352 3401 382 3450 et
403 3393 631 3468 Peripateticum
655 3394 839 3469 disciplinam
868 3412 938 3451 ase
961 3403 1133 3452 renovatam

52 3477 220 3549 transtulit,
243 3486 434 3555 augeturque,
458 3480 536 3552 quod
558 3478 672 3551 Cicero,
695 3480 725 3536 in
748 3497 807 3536 una
828 3498 859 3536 re
881 3498 940 3537 uuo
963 3489 992 3536 et
1013 3480 1133 3556 proprio

51 3564 180 3622 nomine
201 3583 259 3621 non
283 3572 445 3634 contentus,
468 3583 561 3639 paene
583 3565 650 3641 plus
673 3583 760 3640 quam
783 3565 912 3623 oratoria
934 3566 1020 3642 copia
1042 3576 1132 3624 etva-

117 3751 284 3759 ---—.—..—

84 3871 108 3928 ¹)
128 3867 284 3919 Goemnuim
301 3869 326 3918 in
345 3870 449 3935 praeiet.
469 3888 493 3936 p.
513 3870 579 3920 VlIl
597 3873 716 3936 queritur,
736 3875 767 3923 ob
786 3873 878 3922 molem
897 3874 954 3922 libri
975 3873 1132 3936 „rescinden-

128 3939 190 3986 dos“
211 3939 259 3987 eibi
275 3937 354 3988 fuisse
372 3947 491 4004 quattuor
509 3955 637 4000 excursus,
657 3942 747 4006 quibus
765 3949 790 3990 et
807 3942 860 3991 alie
878 3944 910 3992 ud
929 3958 967 3991 res
986 3941 1133 3992 acicerone

129 4009 259 4070 expositas
277 4009 427 4072 pertinentia
445 4017 470 4058 et
487 4011 554 4060 hunc
572 4012 655 4076 ipsum
673 4011 757 4059 locum
776 4011 807 4059 de
825 4012 912 4075 primis
930 4019 1035 4060 naturae
1053 4025 1132 4076 expo-

128 4076 226 4124 suisset.
261 4076 314 4126 Eoe
332 4091 452 4128 excursus
470 4079 609 4144 bibliopola
627 4081 653 4128 in
666 4086 726 4128 nota
742 4081 854 4129 subiecta
868 4081 983 4144 promisit
1000 4095 1033 4138 se,
1058 4081 1132 4130 simul

129 4150 205 4208 etque
228 4159 243 4192 a
267 4143 407 4198 Goerenzio
433 4150 581 4213 accepisset,
610 4148 689 4209 gratis
711 4149 863 4212 emptoribus
891 4149 947 4198 libri
973 4149 1131 4198 traditurum.

128 4212 178 4262 Sed
196 4227 333 4278 numquam
352 4217 458 4281 accepit,
478 4218 546 4280 quod
563 4231 700 4281 numquam
726 4219 860 4282 scripserat
881 4218 1030 4267 vanissimus
1048 4217 1132 4278 homo,

128 4282 180 4345 qui,
204 4297 279 4346 quam
303 4286 335 4333 ad
354 4285 497 4334 huiusmodi
521 4303 559 4336 res
583 4287 739 4349 quaerendus
763 4286 901 4351 imparatus
920 4295 997 4343 esset,
1025 4287 1132 4337 iortame

127 4350 180 4414 ipse
198 4352 282 4402 sensit.
