2956 5028
331 425 394 488 304
703 441 747 486 ne
770 440 901 488 rmrnus
924 441 995 488 non.

332 615 478 676 Fortasse
499 611 532 675 id
554 609 718 688 optimum,
752 609 809 672 sed
835 609 889 673 ubi
910 609 999 673 illud:
1036 607 1129 680 ,Plus
1152 627 1276 689 semper
1306 609 1449 689 volup*

332 715 447 778 tatis“‘?
491 711 524 776 Si
546 712 628 776 enim
650 711 695 774 ita
716 717 779 788 est,
802 711 881 788 vide,
904 729 943 774 ne
961 709 1083 774 facinus
1106 709 1215 789 iacias,
1238 727 1319 773 cum
1350 709 1449 774 rnori

332 816 472 880 suadeas.
495 814 604 878 Potius
626 831 701 893 ergo
723 811 777 875 illa
798 811 950 889 dicantur,
973 821 1067 892 turpe
1088 829 1167 890 esse,
1190 812 1250 875 viri
1266 829 1345 875 non
1362 829 1449 876 esse

332 915 487 982 debilitari
508 915 624 994 dolore,
646 912 757 994 frangi,
780 913 987 977 succumbere.
1022 913 1102 977 Nam
1124 912 1186 977 ista
1207 923 1344 978 vestra:
1385 915 1449 980 ..St

293 1019 313 1080 5
331 1019 443 1100 gravis,
454 1017 571 1096 brevis;
595 1015 752 1096 silongua
774 1014 870 1078 levis*
891 1013 1100 1079 dictatasunt
1124 1014 1265 1094 Virtutis,
1290 1015 1449 1096 magni-¹

331 1119 447 1184 tudinis
476 1118 584 1195 animi,
617 1116 799 1198 patientiae,
831 1114 1023 1180 fortitudinis
1050 1114 1194 1180 lomentis
1216 1115 1315 1180 dolor
1344 1117 1449 1180 miti-1

331 1221 398 1301 geri
420 1221 509 1286 solet.
611 1275 612 1280 ,

417 1323 513 1386 XXX.
544 1323 595 1385 96.
634 1319 732 1404 Audi,
754 1336 795 1384 ne
815 1319 906 1400 longe
928 1319 1047 1396 abeam,
1068 1317 1204 1382 moriens
1226 1318 1310 1400 quid
1339 1318 1442 1382 dicat

331 1423 500 1504 Epicunrs,
527 1429 562 1487 ut
583 1419 760 1500 intellegere,
792 1419 874 1484 facta
903 1420 968 1484 eius
997 1437 1067 1483 curn
1095 1419 1186 1484 dictis
1214 1419 1440 1501 discrepare:

274 1523 523 1604 lOEpieurus
556 1521 793 1588 Hermarcho
827 1521 857 1586 S.
914 1521 1000 1586 Cum
1040 1539 1257 1602 ageremus,
1304 1522 1440 1602 inquit

331 1626 435 1690 vitae
456 1625 611 1690 beatum
633 1630 670 1688 et
692 1623 849 1688 eundem
878 1641 1096 1704 supremum
1124 1623 1236 1701 diem,
1265 1623 1438 1688 scribe-

404 1885 423 1928 1.
442 1879 483 1927 aot
499 1878 589 1932 om.P
642 1883 665 1926 2.
681 1877 920 1941 faciarsacinusll
976 1876 1048 1944 [mori
1062 1877 1087 1926 si
1102 1877 1184 1927 vadem
1203 1876 1253 1944 En]
1321 1881 1350 1926 ³.
1374 1877 1433 1926 viro

331 1947 384 1995 MR
401 1945 482 1996 iureO
500 1946 596 1996 otrr'st
631 1945 924 2006 nonaescom.l,PMOR
960 1953 984 1998 4.
1003 1945 1083 1996 dolere
1103 1948 1119 1994 l,
1160 1951 1182 1995 8.
1201 1963 1236 1996 me
1255 1947 1318 2010 (pro
1341 1949 1387 2011 ne)
1412 1945 1434 1992 L

331 2019 355 2064 e.
371 2023 393 2063 et
410 2014 510 2080 intellrpe
528 2013 688 2068 LPMCROr.
741 2017 765 2065 9.
786 2011 921 2062 Herrncclo
940 2014 993 2078 (co)
1005 2014 1103 2063 LPMR
1123 2013 1227 2064 Her-meo
1247 2013 1268 2063 C

331 2263 460 2329 quuntur
483 2256 566 2331 (Plus
582 2273 685 2329 semper
701 2253 858 2329 colrtptatis)
871 2254 909 2310 ad
926 2257 950 2326 Ι,
967 2255 1015 2311 62.
1044 2252 1095 2331 [In
1106 2254 1252 2330 proximis
1268 2253 1335 2310 illis
1349 2255 1424 2311 iride.

332 2359 362 2396 ne
376 2343 489 2413 jocinus
504 2343 598 2414 socias
619 2338 776 2396 familiaris
803 2341 947 2397 sermonis
974 2339 1101 2396 imitatio
1127 2339 1229 2413 eliqua
1258 2349 1322 2408 est,
1351 2356 1426 2412 pro·

331 2425 433 2481 verbio
455 2434 506 2481 aut
528 2424 661 2500 poeticae
684 2423 810 2480 orationi
833 2423 907 2481 nibil
930 2425 1049 2482 omnino
1072 2420 1192 2503 simile]

417 2519 494 2584 turpe
516 2529 581 2579 esse,
604 2511 656 2565 viri
677 2529 728 2564 oron
750 2507 820 2582 cese)
844 2508 894 2568 sic
906 2510 994 2566 etiarn
1014 2507 1055 2586 [B
1068 2507 1112 2586 et]
1124 2528 1182 2585 mg.
1200 2507 1281 2566 Crat.
1306 2517 1340 2564 et
1353 2505 1423 2562 cod.

332 2593 491 2663 Gronorii3
514 2593 698 2652 Lallemendi
719 2593 833 2669 regium
857 2613 914 2650 non
938 2613 1069 2650 numero.
1119 2594 1263 2651 Davisius
1290 2599 1420 2648 annotat

331 2679 360 2736 in
390 2679 434 2735 El.
465 2681 482 2736 2
511 2679 569 2755 legi
597 2682 649 2734 viri
675 2697 725 2734 non
753 2697 824 2748 ease,
864 2679 973 2736 omisso
1007 2689 1084 2753 turpe
1113 2687 1178 2735 ease:
1229 2677 1420 2735 Deteriorcs.

331 2782 389 2819 non
412 2763 561 2820 intellecta
583 2763 677 2839 ligura
699 2763 850 2834 orationis,
873 2764 903 2820 in
927 2782 986 2838 qua
1007 2763 1142 2840 gradatio
1154 2773 1210 2833 est,
1233 2763 1348 2819 omisso
1367 2779 1417 2815 noir

331 2867 396 2918 csse,
420 2849 527 2923 partim
550 2851 602 2904 edri
622 2848 821 2918 retinuerunt,
855 2857 889 2904 ut
910 2849 951 2920 P,
970 2849 1083 2923 partim
1106 2848 1325 2906 substituerunt
1350 2847 1417 2902 tino.

332 2943 372 3002 nt,
397 2941 511 2989 tacente
524 2932 663 3004 Grutero,
687 2933 811 2990 Davisio
823 2932 859 2988 de
877 2934 981 2990 ceteris
993 2933 1064 3004 suis,
1088 2931 1321 3002 Oxoniensibus,
1347 2939 1417 2986 ante

331 3017 438 3076 Gzium
461 3017 617 3082 edebatur,
641 3017 691 3092 qui
713 3018 812 3074 omnia
835 3019 957 3075 turbans
975 3027 1086 3090 narrat,
1110 3018 1248 3074 inPel.l
1275 3014 1415 3090 (atGru-

331 3111 411 3159 terue
434 3092 501 3158 οὐδὲ
523 3099 599 3178 γρῦ),
623 3102 694 3173 Eri,
718 3121 734 3158 e
757 3121 815 3176 quo
839 3102 909 3159 mibi
932 3103 1066 3179 singulae
1088 3103 1204 3160 litterae
1227 3103 1271 3160 ita
1294 3108 1415 3158 notatae

238 3241 239 3244 ,
331 3195 413 3256 sunt,
442 3195 475 3242 ut
498 3187 584 3257 edidi,
608 3186 685 3262 Spir.
709 3205 787 3244 esse:
822 3197 898 3262 tropo
920 3191 973 3245 oiri
993 3207 1043 3244 non
1066 3208 1137 3252 esse,
1161 3188 1191 3244 in
1214 3187 1339 3261 reliquis
1352 3183 1412 3240 suis

330 3271 466 3329 omnibus
488 3271 577 3327 scribi
599 3275 658 3328 virt'.
702 3272 808 3346 ltaque
837 3283 914 3347 turpe
941 3293 997 3330 esse
1025 3273 1135 3330 delevit
1163 3282 1193 3329 et
1220 3281 1340 3328 secutus
1370 3275 1412 3324 est

331 3355 411 3415 Ouo.
456 3356 628 3412 Deteriores
651 3355 719 3414 Gzii
743 3357 859 3413 codices
882 3358 1020 3415 videntur
1042 3357 1120 3414 idem
1142 3357 1297 3426 habuisse,
1333 3350 1410 3428 quod

330 3441 371 3511 P,
394 3441 451 3496 niei
474 3441 561 3497 etiam
585 3441 621 3497 de
643 3444 696 3497 vird
716 3441 835 3498 erravit.

416 3527 518 3582 dictata
539 3525 614 3599 erunt)
634 3526 862 3601 praeceptoris,
901 3545 976 3600 quae
1009 3527 1164 3602 pueriliter
1196 3527 1259 3583 sine
1293 3525 1356 3582 ulle
1385 3519 1411 3574 vl

330 3611 537 3680 decantantem
560 3610 618 3666 vid.
642 3611 746 3667 lexica.

416 3705 445 3752 ut
456 3697 603 3768 intellcpas)
622 3695 671 3754 Sic
684 3696 771 3752 etiarn
784 3695 873 3753 Pell
889 3695 1003 3771 etSpir.
1012 3694 1077 3774 [B],
1091 3696 1240 3770 ediditque
1254 3691 1410 3752 Davisius:

330 3799 388 3836 non
400 3780 483 3836 iubet
494 3779 598 3838 Cicero
610 3780 759 3838 Triarium
782 3780 963 3856 intellegere,
986 3781 1038 3837 sed
1060 3781 1213 3857 praedicit,
1237 3780 1262 3836 si
1274 3775 1407 3840 audierit

329 3865 555 3922 intellecturum.
590 3866 694 3939 Itaque
717 3874 833 3940 poterat
855 3866 943 3922 etiarn
967 3865 1079 3922 dicere:
1101 3869 1169 3922 aridi
1189 3901 1231 3908 -
1255 3865 1408 3940 Epicurus:

330 3952 461 4022 intellepes
485 3949 577 4024 (sive:
600 3953 653 4006 ium
670 3949 825 4026 intellepes).
861 3949 911 4009 Sic
929 3951 1005 4007 enirn
1019 3949 1125 4008 Cicero
1143 3951 1218 4007 solet
1233 3945 1406 4025 imperativo

331 4035 453 4091 verbum
476 4032 567 4091 futuri
590 4035 732 4111 temporis
754 4036 817 4092 sine
846 4036 953 4110 copula
975 4035 1123 4106 subicere;
1157 4037 1236 4110 quod
1259 4034 1341 4093 Oxx.
1369 4019 1406 4092 Εξ

330 4119 454 4175 habent:
487 4121 556 4177 aredi
576 4151 617 4160 -
640 4131 665 4176 et
686 4123 817 4194 inteliepes
841 4119 971 4178 Senecae
994 4129 1053 4189 est,
1088 4130 1121 4178 ut
1150 4120 1275 4196 exposui
1300 4119 1403 4194 0anss-

331 4203 426 4259 Acad.
449 4203 482 4260 11
504 4225 532 4279 p.
559 4205 628 4261 162.
663 4203 787 4282 [Graeci
809 4204 871 4263 fere
890 4192 980 4262 ἄκουε
1002 4194 1051 4261 καὶ
1074 4192 1199 4282 γνώσει]

417 4285 489 4361 Cap.
502 4289 608 4358 XXX,
633 4290 682 4347 96;
705 4291 845 4364 Epicurus
852 4290 1021 4346 Hermarcho
1028 4289 1073 4383 S.)
1091 4289 1179 4366 Diog.
1188 4291 1288 4347 Laeri.
1301 4289 1343 4358 X,
1356 4283 1405 4342 22:

324 4357 410 4444 'ch
424 4361 454 4428 δὲ
470 4369 613 4454 cohoruis
630 4356 737 4448 γράφει
756 4365 832 4447 πρὸς
852 4363 1007 4448 Ἰδομενέα
1032 4373 1121 4448 enode
1144 4363 1309 4448 ἐπιστολήν
1351 4357 1403 4438 Tlt‘
