2928 5012
312 391 333 457 6
702 409 747 456 nn
768 407 900 456 minus
922 408 994 456 nou.

311 515 1052 658 etideoaOiceroneodulescentcmcppellun'.
1092 575 1386 660 Ipsuhuecoppel·

309 677 385 744 lotio
413 676 909 762 ooemqmtottnrooertn
935 679 1194 762 (inilluuetute)
1225 678 1387 762 utiquam

311 779 761 878 odmenfot'seeostcodrmt.

749 992 973 1002 ———

397 1161 421 1226 L
467 1161 494 1226 1.
527 1159 598 1226 Non
621 1177 708 1224 eram
729 1161 866 1240 nescius,
888 1159 1000 1241 Brute,
1033 1179 1116 1240 cum,
1150 1179 1231 1244 quse
1258 1160 1387 1225 summis

309 1261 441 1345 ingeniis
473 1261 690 1345 exquisitaque
716 1261 857 1327 doctrino
890 1263 1066 1345 philosophi
1088 1263 1209 1328 Graeco
1243 1280 1388 1328 sermone

310 1363 543 1444 tractavissent,
571 1383 609 1430 ee
630 1364 751 1430 Latinis
772 1363 885 1430 litteris
907 1366 1139 1445 mandmemns,
1167 1363 1247 1443 iore,
1279 1373 1315 1428 ut
1337 1365 1389 1430 hic

311 1473 419 1531 noster
440 1465 528 1532 labor
549 1466 582 1532 in
603 1466 707 1532 vsrics
728 1467 988 1548 reprehensiones
1009 1467 1191 1533 incurreret
1213 1467 1295 1532 Num
1316 1466 1388 1550 qui-

272 1567 456 1648 hbusdem
489 1576 521 1633 et
547 1568 585 1633 iis
607 1569 734 1652 quidem
754 1587 817 1634 non
839 1569 1007 1634 admodum
1027 1569 1175 1648 indoctis,
1206 1575 1307 1634 totmn
1327 1567 1389 1634 hoc

310 1670 465 1752 disphcet,
498 1670 720 1752 philosophari.
765 1655 898 1749 eridum
919 1677 1024 1736 sutem
1045 1689 1108 1736 non
1135 1677 1201 1736 tam
1221 1670 1255 1736 id
1274 1689 1388 1752 repre·

625 1874 808 1926 venienus
838 1873 1069 1926 SCRIPTURAE.

377 1975 525 2042 [Inscriptio
542 1979 569 2026 in
588 1977 611 2027 A
630 1977 692 2027 huee
715 1985 761 2028 estc
782 1975 867 2028 Murri
883 1975 962 2028 Tullii
971 1977 1090 2030 &heroum
1109 1977 1139 2028 de
1155 1977 1248 2041 Jimhos
1266 1975 1385 2027 malorum
1462 2009 1463 2025 t

310 2052 334 2097 d
358 2045 639 2096 bonommudBmtum
663 2046 754 2112 primus
780 2045 838 2096 teter
863 2046 965 2113 ι’πσίριὶ]
1001 2051 1023 2099 5.
1047 2047 1127 2098 erto
1151 2045 1196 2116 [A]
1223 2045 1388 2096 troiae

309 2120 399 2234 w
414 2115 516 2250 gd'ltam
534 2115 578 2165 Or.
596 2133 642 2166 oon
667 2115 695 2166 td
715 2123 806 2216 tuntum
833 2114 953 2166 triton
1004 2114 1172 2182 reprehendent
1201 2116 1224 2165 tt
1252 2115 1389 2182 [reprehen-

716 2306 978 2368 ANNOTATIO.

396 2425 469 2502 Cep.
495 2429 508 2484 l
539 2430 554 2496 ς
581 2428 606 2482 1.
650 2425 713 2483 Non
740 2445 815 2484 mm
846 2426 964 2502 nesciere)
991 2426 1120 2484 Eosdem
1152 2444 1214 2496 res,
1248 2443 1322 2500 quos
1357 2425 1390 2483 in

309 2513 367 2570 hoc
389 2512 522 2587 exordio,
545 2511 650 2571 Cicero
672 2511 791 2588 attingit
811 2513 954 2570 Acedem.
976 2514 1018 2584 11,
1043 2513 1060 2570 5
1084 2512 1172 2569 etde
1194 2511 1232 2569 N.
1255 2511 1293 2568 D.
1315 2512 1343 2582 Ι,
1370 2513 1387 2568 5

310 2616 388 2673 sqq.,
422 2597 474 2654 ubi
501 2597 580 2673 quod
608 2598 741 2654 benevolos
763 2598 944 2673 obiurgatores
978 2616 1044 2655 eum
1066 2597 1127 2668 clii,
1150 2607 1213 2654 tum
1236 2596 1388 2654 Heindor-

309 2681 365 2740 flus
388 2691 418 2739 et
438 2683 565 2741 Woltius
588 2681 705 2742 Stoicos
726 2681 914 2760 intellegunt,
938 2685 1040 2740 inrides
1062 2687 1254 2758 vituperatores
1276 2682 1390 2758 Epicu-

308 2786 385 2838 reos,
408 2767 566 2840 falluntur3
588 2767 662 2826 nihil
678 2768 757 2825 enim
769 2768 874 2828 Cicero
897 2769 938 2826 ibi
960 2769 1040 2840 dicit,
1064 2769 1143 2844 quod
1164 2767 1202 2824 nd
1219 2767 1389 2825 scholarum

309 2853 481 2911 discrimine
512 2854 660 2929 pertinent
687 2853 731 2930 (et
762 2855 891 2912 hehebet
919 2855 1049 2912 omnium
1077 2853 1389 2912 benevolentissimum

309 2939 489 3015 Epicureum
510 2939 674 3016 Atticum),
706 2957 762 2998 noc
782 2941 945 3016 Epicureos
972 2940 1009 2998 ed
1032 2942 1224 3016 poeniteutiam
1245 2939 1390 3015 reprehen-

309 3026 391 3082 sionis
412 3024 606 3082 adducturum
629 3044 661 3084 se
683 3026 807 3100 putebat
827 3035 879 3084 eut
897 3025 1013 3084 Stoicos
1035 3043 1114 3083 novo
1135 3025 1300 3098 docturum,
1323 3025 1389 3094 sed,

309 3120 343 3167 ut
364 3109 422 3182 hic,
445 3117 548 3167 contre
563 3111 713 3168 Romanos
736 3111 899 3170 studiorum
921 3130 1041 3169 suorum
1062 3111 1290 3186 reprehensores
1311 3129 1390 3187 pug-

309 3203 376 3268 net,
409 3189 534 3270 quor‘um
556 3197 608 3254 clii
630 3196 729 3254 mitius
751 3205 782 3254 et
803 3197 896 3254 amice
920 3197 1130 3274 obiurgabant,
1158 3195 1210 3253 ulii
1232 3195 1390 3254 molestius

309 3281 524 3339 obtrectabant

395 3365 459 3424 Non
485 3377 540 3424 tum
561 3368 592 3424 td
612 3366 821 3443 reprehendunt)
865 3367 934 3426 Non
967 3367 1039 3424 setis
1068 3367 1259 3424 confirmetur
1285 3383 1390 3424 exem-

308 3451 383 3528 plis,
410 3471 462 3509 non
484 3462 553 3524 tam,
575 3453 822 3527 quemadmodum
844 3473 896 3510 reon
917 3455 970 3524 itu,
993 3453 1066 3524 diei,
1089 3461 1283 3510 evanescente
1306 3469 1389 3508 com·

308 3537 478 3614 punctione,
501 3556 555 3613 pro
578 3556 629 3610 eo,
658 3538 737 3613 quod
766 3547 811 3596 eet
833 3559 884 3596 non
905 3539 1066 3609 admodum
1100 3557 1137 3595 ne
1165 3537 1238 3596 iliud
1267 3536 1390 3612 quidem

309 3621 353 3680 ite
374 3622 495 3698 ponitur
516 3623 595 3700 apud
618 3621 789 3682 Ciceronem
807 3634 838 3682 et
859 3623 1046 3696 vetustiores,
1069 3623 1127 3681 nisi
1149 3633 1218 3681 ente
1240 3621 1391 3680 adiectivu

309 3716 340 3766 et
361 3708 516 3778 adverbie3
539 3707 599 3766 vid.
621 3709 733 3766 Hendii
755 3709 882 3767 Turseli.
904 3709 963 3781 ΠΙ,
988 3729 1016 3785 p.
1039 3709 1115 3779 4903
1139 3719 1207 3766 ente
1230 3707 1322 3765 verbe
1345 3707 1391 3764 di·

310 3793 387 3851 citur
408 3813 460 3851 non
476 3795 515 3851 itu
533 3796 623 3864 ualde3
646 3813 714 3851 nem
736 3794 767 3851 in
789 3796 875 3872 epist
891 3795 930 3851 ed
940 3796 1005 3852 Atc
1016 3795 1075 3866 ΠΙ,
1102 3795 1150 3867 15,
1176 3794 1194 3852 3
1216 3802 1315 3870 potest
1335 3811 1392 3850 au-

310 3879 367 3936 diri
389 3889 419 3936 ut
440 3889 483 3950 tu,
505 3879 542 3936 de
563 3879 695 3954 reliquis,
718 3899 794 3955 queo
816 3881 953 3938 Hendius
974 3899 1003 3956 p.
1027 3881 1088 3938 492
1112 3879 1257 3956 disputet,
1291 3879 1392 3937 dicem

308 3965 348 4022 ed
369 3965 417 4036 11,
443 3966 490 4022 17.
544 3965 581 4024 In
602 3965 654 4036 iis,
676 3965 729 4040 qui
750 3966 954 4043 proferuntur,
976 3966 1050 4024 locis
1071 3965 1160 4024 facile
1182 3983 1220 4024 ex
1242 3964 1393 4023 adiunctis

309 4049 443 4122 auditur,
476 4050 514 4108 ed
536 4051 615 4127 qnod
637 4062 692 4108 tam
713 4050 874 4124 referetur,
897 4052 980 4110 volut
1000 4053 1034 4110 Π
1061 4051 1097 4108 de
1125 4051 1194 4112 Div.
1218 4051 1274 4108 ts:
1307 4061 1392 4126 atque

309 4135 375 4192 trec
395 4137 424 4192 in
447 4135 513 4194 helio
530 4139 616 4212 ptura
638 4147 663 4194 et
684 4140 788 4194 maiora
809 4139 933 4196 videretur
955 4137 1120 4204 timeotihusr
1143 4137 1236 4195 eadem
1258 4155 1310 4193 non
1332 4146 1392 4194 tam

309 4221 560 4278 arrimadvertuntur
580 4225 607 4280 in
625 4241 695 4298 poce
717 4219 763 4300 [et
783 4241 837 4299 pro
860 4223 934 4280 Ruh.
956 4223 1038 4281 Post
1063 4223 1098 4279 3:
1121 4243 1172 4280 non
1194 4231 1249 4280 tom
1272 4223 1392 4280 honines

305 4305 492 4384 probassent}
535 4307 572 4365 In
594 4307 673 4365 Livii
690 4307 938 4384 loeo(xxxm,
962 4309 1012 4378 45,
1031 4311 1066 4366 42
1088 4327 1147 4366 eom
1169 4327 1225 4366 rem
1246 4311 1391 4380 reserati,

310 4409 380 4466 quoe
401 4402 541 4449 munerato
562 4393 680 4451 dilatem
701 4413 753 4450 noo
775 4404 831 4452 tum
857 4397 948 4469 mupni
975 4397 1099 4452 monenti
1119 4396 1159 4452 ad
1179 4413 1311 4452 sumniam
1332 4413 1391 4452 rem
