3034 5030
307 417 370 480 348
700 437 745 481 ne
767 435 898 484 nmmos
920 437 991 484 nou.

308 601 516 678 baniolum,
550 621 608 667 nos
635 622 697 668 non
720 605 812 669 modo
835 624 896 668 non
918 605 998 668 vinei
1020 623 1039 668 a
1061 605 1191 670 Graecis
1218 609 1390 672 verborum

307 703 406 784 copia,
429 703 484 766 sed
507 722 576 768 esse
598 705 629 769 in
652 723 690 769 ea
712 705 804 768 etiam
827 706 1015 786 superiores,
1038 707 1259 772 elaborandum
1271 717 1327 787 est,
1352 718 1392 774 ut

308 803 366 869 hoe
387 823 447 868 non
471 805 501 868 in
526 806 641 870 nostris
664 807 764 870 solmn
786 807 921 886 artibus,
944 807 1000 872 sed
1023 801 1115 871 etiam
1138 809 1168 872 in
1190 809 1313 874 illorum
1334 811 1389 891 ip·

308 923 412 970 sorum
435 925 648 988 assequamur.
693 909 888 990 Quamquam
911 927 949 973 ea
970 911 1079 989 verba,
1107 911 1220 992 quihus
1241 911 1389 976 instituto

269 1009 448 1072 hveterum
472 1009 587 1073 utinmr
608 1028 666 1090 pro
688 1009 818 1088 Latinis,
840 1015 876 1073 ut
896 1010 966 1091 ipsa
988 1011 1199 1092 philosophia,
1222 1021 1256 1076 ut
1278 1013 1388 1077 rheto-

308 1107 380 1188 rica,
403 1109 570 1187 dialectiea,
592 1111 802 1191 grammatica,
824 1113 1007 1192 geometria,
1030 1112 1163 1190 musica,
1196 1133 1388 1195 quamquam

308 1211 419 1275 Latine
441 1230 478 1276 ea
500 1211 558 1276 dici
582 1219 737 1292 poterant
761 1221 872 1292 lernen,
894 1214 1041 1294 quoniam
1064 1233 1123 1278 usu
1140 1223 1387 1296 perceptasunt,

308 1319 415 1377 nostra
437 1313 594 1378 ducamus.
639 1317 741 1394 Atque
764 1315 839 1378 haee
862 1316 986 1395 quidem
1013 1315 1053 1379 de
1075 1335 1179 1380 rarum
1202 1315 1387 1382 nominihus

308 1417 336 1480 o.
360 1413 408 1478 De
429 1414 507 1494 ipsis
530 1416 622 1479 rehus
644 1423 748 1479 autem
770 1435 1007 1497 saepenumero,
1041 1417 1153 1496 Brute,
1186 1436 1309 1494 vereor,
1344 1438 1388 1483 ne

249 1517 291 1583 10
309 1515 530 1596 reprehendar,
552 1534 622 1581 eum
644 1515 720 1581 haec
742 1517 783 1580 ad
806 1525 837 1582 te
859 1518 1002 1598 scribam,
1023 1518 1077 1599 qui
1099 1537 1167 1584 cum
1190 1519 1222 1584 in
1243 1519 1387 1601 philoso-

308 1618 390 1698 phia,
413 1623 477 1682 tum
500 1617 531 1682 in
555 1617 671 1699 optimo
688 1637 802 1700 genere
814 1619 1028 1700 philosophiae
1050 1629 1170 1685 tanttnn
1182 1621 1386 1700 processeris.

308 1720 399 1797 Quod
421 1719 448 1783 si
470 1719 603 1784 lacerem
625 1720 715 1800 quasi
737 1721 934 1798 teerudiena
957 1721 1025 1786 iure
1037 1722 1292 1803 reprehenderer.
1320 1722 1388 1788 Sed

308 1821 347 1884 ab
370 1839 407 1885 eo
429 1821 597 1902 plurimum
619 1821 728 1886 absum
750 1841 865 1904 neque,
893 1832 928 1886 ut
949 1841 986 1887 ea
1007 1841 1192 1904 cognoscas
1227 1841 1306 1904 quae
1328 1823 1387 1888 tibi

311 1921 473 1988 notissima
495 1931 581 2000 sunt,
614 1923 654 1987 ad
677 1931 708 1987 te
729 1923 833 2002 mitto,
866 1925 922 1989 sed
949 1925 1023 2005 quia
1045 1923 1186 1990 facillime
1207 1925 1238 1988 in
1261 1925 1387 1990 nomine

250 2027 290 2092 15
308 2033 362 2088 tuo
385 2024 547 2105 acquiesco
574 2031 607 2088 et
627 2025 701 2106 quia
723 2033 755 2090 te
776 2025 876 2090 habeo
892 2025 1112 2107 aequissimum
1135 2045 1243 2090 eorum
1265 2026 1388 2091 studio-

377 2267 399 2310 2.
420 2261 443 2308 in
461 2261 527 2310 eoL
581 2261 813 2329 [supercadenti]
864 2269 878 2310 ll
908 2263 962 2328 [non
981 2261 1056 2330 thqrt'a
1075 2261 1133 2330 A]·
1170 2271 1193 2312 4.
1212 2278 1389 2326 consequamur

309 2327 472 2379 Lt’ttcttOr.
503 2327 563 2394 [eam
575 2329 624 2396 Eh]
663 2347 692 2380 et
716 2330 954 2382 {astarothites
990 2337 1010 2380 ὁ,
1034 2331 1131 2399 [utimur
1145 2331 1287 2396 prolationis
1306 2331 1385 2398 Aah]

309 2397 363 2459 quo
381 2399 470 2447 0th
524 2401 548 2450 ὃ,
570 2397 718 2464 [peometrr'ca
737 2398 770 2466 A]
826 2401 916 2450 musica
933 2409 955 2449 et
973 2399 1143 2466 maolopiac
1198 2405 1219 2448 7.
1238 2399 1386 2462 qraausall

305 2474 437 2530 praecepto
454 2466 489 2524 11²>
529 2471 558 2516 to
590 2467 632 2530 qui
648 2475 693 2517 tarn
712 2466 808 2518 Pmctt
854 2474 890 2516 ta.
913 2467 980 2536 [quid
996 2473 1020 2519 sl
1038 2467 1084 2536 Eh]
1126 2474 1163 2518 ts.
1187 2472 1211 2517 la
1229 2477 1268 2516 tuo
1286 2469 1387 2532 acquie-

307 2551 363 2583 scas
381 2534 474 2583 rrorrrine
492 2533 512 2582 L
552 2540 587 2584 lh
608 2535 775 2599 aequissimum
793 2536 866 2586 habco
887 2539 907 2586 R

398 2763 568 2832 Qriornquam
592 2791 632 2800 -
655 2763 773 2817 irretitum
795 2763 923 2836 veterion)
951 2757 1026 2840 [Pro
1049 2779 1214 2834 quaeroquaero
1236 2759 1389 2818 Gruterus

307 2843 372 2900 Pal.
390 2846 414 2913 1,
433 2843 526 2901 Gaius
549 2843 610 2900 Eri.
623 2857 652 2900 et
665 2845 742 2920 Spin.
756 2865 838 2919 qrtom
861 2846 969 2903 habere
982 2845 1098 2914 dicunt;
1120 2845 1241 2903 Baitero
1254 2845 1388 2920 mihique

308 2928 381 2984 nihil
404 2939 537 2985 notatum
559 2925 627 3008 est]
672 2931 943 3006 Praepositionem,
967 2949 1042 3004 quae
1065 2941 1133 2988 erite
1156 2933 1273 2988 instituto
1295 2930 1388 2988 adda·

308 3013 403 3082 hatur,
428 3013 521 3071 Gzius
544 3014 573 3070 in
597 3015 660 3072 solo
683 3015 761 3074 Gnd.
787 3017 804 3071 2
828 3016 967 3090 repperit.

395 3117 444 3154 resa
462 3098 605 3176 percepta)
628 3101 743 3157 Tnetur
754 3101 831 3157 hunc
842 3101 948 3170 locum,
972 3101 1050 3175 qnod
1062 3101 1095 3158 11
1106 3101 1143 3156 N.
1159 3101 1194 3158 l).
1209 3101 1246 3157 91
1261 3100 1387 3176 legitur:

308 3203 399 3240 ttamen
425 3183 567 3245 Graecum.
585 3196 741 3260 perceptum
764 3190 816 3242 iarn
846 3197 932 3243 [ermen
961 3207 1011 3242 risu
1038 3206 1056 3242 α
1085 3189 1196 3247 nostrie,
1230 3196 1258 3241 el
1286 3184 1387 3260 ipsum

307 3268 376 3326 hinc
398 3268 579 3335 defenditur3
613 3270 815 3346 significantur
837 3271 925 3348 igitur
949 3291 1003 3328 usu
1026 3271 1068 3328 sic
1092 3272 1175 3340 trita,
1210 3281 1242 3327 ut
1268 3270 1387 3328 intelle-

307 3365 423 3428 gantur.
468 3355 532 3411 Nec
555 3365 652 3412 tamen
676 3357 839 3413 mirandum
864 3367 923 3422 est,
952 3355 1059 3421 fuisse,
1094 3356 1201 3430 quibus
1224 3355 1388 3413 insolenter

307 3439 416 3496 dictum
441 3439 603 3509 videretnr3
627 3460 721 3516 neque
744 3441 821 3498 enim
845 3443 881 3498 de
903 3441 1242 3518 intellegentiaqnadam
1266 3453 1295 3496 et
1317 3460 1387 3516 per-

307 3524 441 3600 ceptione
475 3525 563 3600 longo
597 3544 651 3582 risu
686 3526 792 3584 effecta
828 3528 926 3603 egitur
959 3527 1026 3604 (nec
1054 3527 1163 3582 trtitltae
1191 3545 1298 3600 operae
1320 3537 1389 3584 erat

307 3610 391 3673 seira,
415 3611 485 3685 (prid
507 3611 672 3668 rhetoricae
695 3623 746 3668 aut
767 3613 896 3670 musicae
919 3631 1024 3670 nonien
1048 3611 1250 3688 significaret),
1273 3611 1324 3667 sed
1350 3613 1387 3670 de

307 3695 413 3752 notitia
435 3697 561 3769 quadam
584 3697 666 3753 verbi
690 3699 726 3754 ad
753 3698 932 3755 cotidianum
955 3717 1050 3755 usum.
1090 3699 1201 3754 Potitus
1228 3707 1338 3772 accepta
1360 3708 1389 3755 et

306 3785 332 3837 iu
356 3783 471 3854 [inpiam
495 3783 623 3838 Latiam
646 3794 752 3858 recepto
773 3785 895 3840 verbum
919 3784 1082 3858 significare
1098 3782 1208 3856 nequit.
1236 3781 1389 3840 Gruterus

308 3875 338 3923 et
361 3867 437 3923 Dav.
461 3886 476 3923 e
499 3867 564 3924 Pal.
589 3868 607 3924 3
631 3877 662 3925 et
683 3868 759 3927 CCC
777 3879 939 3944 praecepta,
969 3869 1048 3944 quod
1071 3867 1389 3944 significaretlatinos

307 3971 363 4009 usu
375 3951 501 4026 quodam
518 3953 675 4028 peregrina
686 3955 786 4024 verba,
810 3963 966 4028 antequam
980 3953 1164 4022 afferrentur,
1187 3953 1387 4028 praecepisse,

307 4037 553 4111 quemadmodum
576 4057 628 4114 spe
651 4049 680 4096 et
702 4039 841 4115 opinione
864 4039 974 4114 aliquid
997 4040 1204 4115 praecipimus.

394 4124 420 4178 6.
444 4126 493 4196 qui
502 4142 560 4180 erint
572 4127 599 4180 in
606 4123 792 4203 philosophia)
818 4125 894 4196 Croto,
918 4125 995 4199 qnod
1009 4125 1110 4182 Lamb.
1128 4123 1272 4192 voluerat,
1295 4121 1388 4180 Grnt.

306 4207 396 4263 edidit
420 4203 467 4286 [ut
488 4227 565 4265 nnnc
593 4221 731 4285 apparet,
766 4229 802 4267 ex
830 4211 875 4278 A;
903 4210 980 4267 idem
1007 4207 1056 4289 B].
1101 4211 1168 4267 Tum
1185 4208 1264 4264 (lxx,
1284 4203 1387 4280 Ede,

310 4291 413 4353 ..inulti
428 4293 549 4368 scripli“
569 4293 647 4366 Gzii,
670 4295 700 4352 id
723 4305 777 4364 est,
801 4295 962 4352 deteriores
984 4314 1094 4352 omnes.
1139 4297 1185 4353 De
1208 4293 1301 4350 Bruto
1323 4293 1387 4349 vid.

306 4377 343 4433 ad
365 4378 390 4444 Ι,
415 4379 442 4433 8.
