2938 5020
323 407 385 470 160
713 423 758 468 ou
781 422 910 469 ursinus
933 423 1004 468 acu.

406 591 511 654 Nunc
533 591 676 660 demum
700 589 786 654 mihi
811 591 958 654 animus
980 590 1104 666 ardet,

321 711 454 774 quorum
475 692 555 756 alter
577 691 695 756 laedtia
721 693 847 772 gestiat,
880 693 959 757 alter
986 691 1093 756 dolore
1126 693 1292 764 crucietur,
1322 709 1395 754 esse

320 795 405 859 illum
428 793 576 858 medium:

408 897 639 977 Quamquam
667 896 758 960 haec
786 894 889 984 iuter
915 914 983 960 uos
1011 913 1133 976 nuper
1160 894 1300 960 notitia
1325 894 1395 957 acl·

1063 997 1210 1062 modum
1238 1003 1307 1070 est,

282 1099 304 1164 5
322 1099 375 1180 qui
397 1117 455 1164 nee
475 1099 609 1163 laetetur
632 1117 687 1163 nec
709 1107 859 1179 angelum
892 1099 1027 1180 itemque
1048 1099 1130 1164 inter
1150 1117 1235 1174 eum,
1263 1097 1312 1178 qui
1336 1115 1397 1176 po·

323 1201 419 1265 tisttir
440 1201 581 1282 corporis
603 1201 747 1281 expetitis
769 1200 993 1280 voluptatibus,
1026 1207 1059 1265 et
1090 1219 1174 1276 eum,
1207 1199 1260 1280 qui
1287 1215 1396 1262 excru-

323 1302 421 1367 cietur
443 1303 570 1367 summis
592 1301 765 1379 doloribus,
788 1319 858 1365 esse
880 1319 964 1379 eum,
987 1301 1041 1384 qui
1063 1309 1195 1382 unoque
1217 1309 1326 1365 careat.

411 1404 446 1468 V.
492 1406 541 1469 15.
575 1403 698 1468 Satisne
730 1402 825 1485 igitur
856 1403 965 1468 videor
996 1403 1057 1467 mm
1085 1403 1251 1467 verborum
1282 1409 1399 1471 tenere.

323 1525 363 1570 au
386 1523 454 1569 sum
476 1506 569 1570 etiam
591 1523 672 1570 nunc
694 1504 743 1568 vel
765 1503 886 1569 Graece
907 1505 991 1586 loqui
1013 1505 1063 1570 vel
1084 1505 1196 1570 Latine
1218 1503 1399 1570 docendus?

265 1609 307 1672 10
324 1605 365 1670 Et
385 1615 489 1672 tannen
511 1607 597 1686 vide,
631 1624 683 1684 ne,
718 1606 745 1670 si
767 1624 824 1687 ego
847 1625 908 1670 non
930 1607 1120 1688 intellegam,
1148 1607 1223 1688 quid
1245 1605 1399 1687 Epicurus

323 1708 483 1789 loquatur,
505 1726 574 1772 cum
597 1708 731 1786 Graece,
754 1718 788 1772 ut
810 1708 930 1786 videor,
953 1709 1126 1774 luculenter
1147 1709 1256 1787 sciam,
1279 1707 1320 1771 sit
1340 1707 1399 1770 ali-

324 1828 387 1892 qua
408 1809 500 1891 culpa
521 1810 596 1888 eius,
619 1810 673 1891 qui
693 1811 737 1873 ita
758 1809 911 1891 loquatur,
934 1817 1046 1876 utnon
1069 1809 1274 1891 intellegatur.
1309 1809 1401 1888 Quod

393 2035 417 2082 2.
439 2028 463 2098 [e
481 2046 527 2094 pro
545 2047 595 2079 case
613 2028 665 2098 ΔΙ]
712 2035 735 2080 4.
762 2047 836 2094 nuper
858 2045 906 2078 om.
926 2029 994 2079 LPR
1038 2035 1060 2080 ll.
1088 2029 1203 2080 lactentum
1221 2047 1262 2080 uec
1280 2039 1401 2096 aripenno

325 2099 347 2150 C
382 2101 405 2146 6.
424 2097 530 2163 ecpetr'td
548 2115 604 2163 corp
630 2097 697 2148 cor.
738 2099 853 2148 cnecietur
871 2097 1041 2164 [.l]LPMCR
1077 2103 1100 2150 8,
1120 2099 1223 2148 uiomE

325 2331 373 2378 tur
395 2323 472 2392 milti,
494 2331 527 2378 ut
550 2320 652 2378 eodem
676 2322 762 2379 modo
785 2323 904 2397 expleta
926 2341 944 2378 a
965 2329 1054 2398 poeta
1083 2323 1228 2380 sententia
1255 2321 1401 2378 credatur.

324 2407 379 2464 Est
400 2415 499 2463 autem
521 2407 593 2463 haec
615 2407 762 2482 scriptura
784 2417 813 2462 et
836 2408 979 2464 bonorum
1002 2407 1135 2465 codicum
1152 2417 1191 2478 et,
1215 2406 1401 2482 paucissimis

325 2491 472 2569 exceptis,
495 2491 672 2548 deteriorum
685 2490 790 2571 (marg.
813 2492 908 2557 Crat,
932 2492 978 2550 El.
990 2493 1156 2566 utriusque,
1180 2494 1249 2550 Par.
1263 2492 1290 2560 3,
1302 2492 1401 2549 Mead.

325 2577 451 2648 Davisii,
475 2576 554 2636 Oxx.
572 2577 711 2648 omnium,
730 2576 799 2634 Gzii
816 2577 896 2646 item,
919 2577 1402 2652 nisiquodErl.leviteraber1-att

325 2661 473 2721 Gruterus
495 2660 605 2740 tacet):
639 2661 730 2719 edidit
752 2662 795 2718 sic
817 2663 968 2720 Victorius
996 2663 1219 2736 revocavitque,
1236 2661 1238 2664 ’
1253 2681 1402 2719 commen·

325 2746 619 2804 danteR.Bentleio.
643 2745 745 2804 Gaius.
774 2747 861 2820 Quod
884 2747 1040 2804 edebatur:
1063 2759 1092 2804 ut
1114 2749 1179 2804 :uili
1204 2767 1254 2804 raom
1277 2757 1401 2804 canalem.

325 2832 467 2890 Davisius
500 2831 572 2888 dicit
604 2850 667 2888 esse
701 2832 732 2889 in
764 2832 833 2888 Par.
860 2835 873 2888 l
910 2841 940 2888 et
974 2834 1007 2899 2,
1042 2833 1117 2890 Ball.
1151 2829 1245 2914 (ΟΠ.
1268 2829 1402 2912 negant).

326 2916 462 2973 Nobbius
484 2916 527 2974 sic
549 2918 621 2973 haec
644 2916 802 2992 disposuit:
836 2927 911 2974 taatc
933 2919 1033 2974 laetitia
1055 2918 1144 2976 auctu’
1166 2937 1239 2986 suna,
1278 2918 1315 2975 tu
1337 2919 1404 2974 m'lu'l

325 3011 433 3059 constet.
489 3001 548 3060 Sed
581 3011 678 3076 potest
710 3001 825 3058 initium
859 3019 924 3060 esse
957 3021 1060 3060 versus
1093 3003 1249 3072 trochaici,
1283 3003 1351 3058 nibil
1375 3003 1402 3058 in

326 3105 414 3144 unam
437 3086 580 3163 syllabam
604 3096 764 3144 contracto.

412 3171 492 3228 Nunc
514 3173 617 3228 (lectrum
642 3203 682 3212 -—
705 3169 797 3249 ardet)
825 3171 947 3230 Caecilii
971 3171 1058 3230 Statii
1087 3169 1178 3229 verba
1200 3181 1267 3230 sunl
1290 3191 1327 3228 ex
1351 3192 1403 3248 pa·

326 3257 379 3314 tris
413 3257 507 3314 severi
542 3275 681 3332 persona,
715 3275 791 3331 quae
823 3257 958 3332 pleniora
984 3267 1134 3332 ponuntur
1160 3277 1214 3333 pro
1242 3256 1324 3316 Cael.
1349 3258 1404 3314 37:

326 3341 406 3398 Nunc
428 3346 495 3398 euim
518 3344 622 3399 dunum
638 3343 704 3398 milti
724 3345 829 3398 artiones
856 3345 947 3408 ardet,
981 3363 1051 3399 :istnc
1077 3361 1162 3398 :neum
1184 3361 1231 3400 cor
1251 3345 1405 3399 cttruulatur

325 3429 377 3482 ira.
421 3426 569 3484 Numeros
591 3427 711 3501 explere
734 3435 855 3484 conatus
867 3437 912 3484 est
922 3427 1046 3485 Beiorus
1057 3427 1095 3483 ed
1107 3425 1165 3486 Off.
1187 3428 1212 3497 1,
1226 3429 1276 3498 76,
1288 3447 1318 3502 p.
1335 3429 1404 3485 178,

417 3511 587 3586 Quamquam
612 3507 690 3591 llaec)
723 3510 888 3570 Chremetis
911 3512 1082 3570 'serentiani
1106 3522 1174 3569 sunt
1196 3513 1303 3583 verba,
1339 3513 1404 3588 ipso

326 3595 412 3652 initio
434 3596 787 3666 Heautontimorumeno,
817 3597 867 3653 ubi
891 3597 1096 3656 Menedemum
1119 3597 1261 3673 increpet
1306 3597 1405 3673 Nupm

328 3680 439 3738 excidit
460 3681 549 3738 etiam
571 3682 601 3738 in
625 3680 704 3740 Gud.
731 3686 756 3750 l,
780 3680 850 3739 ΟΠ
872 3693 926 3756 χψ.

413 3764 594 3844 eccmusetur)
629 3766 831 3841 compositum
866 3768 989 3824 verbum
1022 3785 1076 3843 pro
1110 3767 1236 3844 simplici
1260 3765 1355 3826 Gaius
1390 3789 1404 3825 e

327 3860 468 3924 quattuor
479 3852 540 3908 suis
551 3850 635 3908 codd.
648 3849 704 3929 [B]
717 3851 855 3926 sumpsit:
879 3852 1047 3926 superiores
1058 3869 1116 3908 non
1129 3861 1315 3910 annotarent.
1344 3851 1404 3912 Sed

328 3936 404 3992 idem
427 3937 517 4011 paulo
546 3945 614 3992 ante
638 3936 667 3993 in
690 3937 751 3994 Erl.
774 3946 804 3992 et
826 3936 905 3994 Gud.
930 3938 947 3992 2
971 3937 1014 3994 ait
1036 3955 1099 3994 esse
1122 3941 1182 3994 ium
1204 3957 1259 4013 pro
1281 3940 1404 4012 itemque,

328 4022 406 4094 quod
429 4020 501 4078 mihi
523 4040 559 4078 ex
583 4021 644 4078 Eri.
667 4030 798 4078 notatum
821 4039 880 4078 nou
902 4031 956 4078 est

414 4105 486 4181 Cap.
509 4107 547 4176 V,
574 4107 621 4162 15.
665 4111 714 4180 qui
734 4109 772 4162 itu
795 4103 935 4187 botarum)
957 4103 1107 4176 Davisius,
1130 4116 1164 4163 nt
1185 4107 1338 4163 tolleretur
1360 4107 1405 4165 in-

329 4189 428 4246 svavis
451 4208 610 4248 concursus
633 4191 829 4248 membrorum
853 4191 988 4248 similiter
1010 4191 1176 4248 cedentium
1200 4194 1340 4265 (loquatur
1365 4227 1404 4236 -

329 4272 519 4351 intellepotur),
543 4275 630 4332 scribi
653 4275 774 4332 volebat
795 4277 925 4348 liquitur,
954 4276 1043 4350 idque
1065 4274 1159 4335 Gaius
1182 4295 1213 4333 se
1236 4277 1265 4333 in
1290 4277 1406 4344 „tribus

330 4357 493 4434 potioribus
526 4360 605 4416 suis“
640 4359 810 4436 repperisse
839 4359 941 4417 scribit
974 4370 1004 4417 et
1036 4361 1156 4436 probat:
1189 4361 1301 4436 recepit
1323 4361 1406 4424 Otto.
