2938 5020
374 407 420 453 nn
444 405 525 452 um.
549 405 612 452 mn
634 407 660 452 n
682 406 756 452 cnr.
782 409 819 453 ιι.
1071 387 1137 454 2OE

72 577 129 652 bus,
148 593 220 657 quos
241 575 313 653 dixi
336 583 565 657 consequentes
587 583 661 640 sunt
682 573 761 638 lines
782 575 951 651 bonorum,
973 575 1136 657 Aristippo

72 678 184 758 simplex
204 679 358 759 uoluptas,
380 678 492 742 Stoicis
514 678 692 742 consentire
714 685 860 745 naturae.
881 677 966 759 quod
987 695 1059 742 offe
1080 697 1135 742 ιιι-

71 779 127 844 Ιιιιι
145 799 161 844 c
180 781 300 858 virtute,
323 780 425 857 idest,
448 779 579 844 honeste
590 779 705 856 rivere,
727 780 811 860 quod
822 779 867 842 its
877 780 1135 860 interpretantur,

131 984 338 1049 munic
383 984 564 1048 nanus
619 983 825 1050 ιειοιιιιιιε

72 1209 96 1265 id
113 1211 211 1281 nescio,
235 1229 312 1284 quae
335 1209 394 1267 alia
407 1209 502 1284 prima
525 1207 634 1269 Stoicis
662 1217 751 1283 atque
774 1209 982 1286 Peripateticis
1004 1221 1033 1266 ct
1056 1211 1136 1268 Acu-

71 1295 172 1354 denicis
193 1297 264 1354 dure
286 1295 434 1371 potuerit;
467 1313 535 1351 nam
563 1312 640 1368 quae
667 1295 714 1351 his
736 1295 801 1355 dat.
836 1295 901 1372 ipsa
928 1306 995 1352 suut
1020 1295 1136 1359 Stoica:

71 1381 113 1436 sed
127 1391 157 1438 ut
177 1382 299 1458 paulurn
321 1381 499 1450 inflecteret,
533 1380 703 1455 postulabat
725 1391 788 1438 tota
810 1382 1019 1456 disputationis
1040 1381 1137 1438 forma
1213 1374 1215 1380 ¹

70 1466 192 1524 instituta
236 1467 283 1524 Ex
307 1465 471 1524 editoribus
493 1466 606 1541 primus
617 1465 772 1522 Ernestius
788 1466 885 1524 locum
902 1468 1059 1524 obscurum
1071 1486 1136 1525 esse

70 1563 182 1610 senserat
203 1563 231 1610 et
255 1563 324 1628 post
346 1571 414 1608 enm
436 1550 577 1611 Rathius.
612 1551 662 1626 qui
691 1569 728 1608 ex
757 1552 782 1610 C
810 1563 838 1609 et
861 1551 942 1624 aliis,
973 1571 1048 1627 quae
1071 1573 1135 1610 cam

71 1649 226 1711 sequuntur.
256 1638 409 1694 veteribus
437 1636 617 1694 editionibus
651 1637 780 1694 malebat
812 1658 896 1712 quoe.
936 1657 994 1713 quo
1022 1639 1137 1696 tollitur

71 1722 201 1781 barbaries
223 1725 254 1780 in
278 1741 353 1781 voce
375 1733 572 1797 consequentes,
596 1730 694 1779 cetera
717 1723 903 1780 incommoda
925 1725 1135 1800 etiamsngen·

73 1819 124 1865 tur:
143 1809 232 1885 ipsum
256 1809 342 1878 illud,
366 1809 487 1865 ominibus
509 1807 612 1884 primis
635 1819 758 1865 naturae
780 1809 960 1885 respondere
982 1809 1055 1868 lines
1077 1811 1134 1868 Pe·

70 1893 281 1968 ripateticorum.
306 1893 514 1970 Calliphontis.
537 1893 673 1955 Diodori.
697 1893 829 1970 ineptum
851 1905 905 1952 est.
944 1895 1134 1956 Matthiueus.

71 1996 125 2036 cnm
144 1981 307 2038 distinctius
329 1989 445 2055 partem
467 1979 606 2036 vitiorum
630 1979 752 2041 videret.
776 1980 853 2036 mala
875 1989 972 2037 tamen
991 1982 1136 2038 medicina

70 2064 131 2121 haec
149 2067 244 2124 omnis
267 2067 360 2124 verba
382 2065 447 2122 tolli
469 2064 599 2136 volebat,
623 2082 681 2138 quo
704 2064 845 2127 luctoea.
869 2085 945 2140 quac
962 2079 1134 2141 sequuntur,

70 2152 239 2222 pertinebunt
262 2152 301 2208 ad
323 2150 412 2208 illud:
430 2153 676 2227 pronuntiassent,
700 2159 733 2207 ut
743 2151 895 2208 audiatur:
913 2155 1031 2228 primurn
1049 2157 1135 2210 ιιζιιιιιι

70 2245 108 2292 cst.
147 2238 237 2312 Atqui
261 2237 372 2297 Stoicis
394 2247 508 2293 ιιαιιιιαε
529 2239 666 2292 cottuun'nr
688 2255 833 2293 summum
846 2247 875 2294 ct
892 2247 1055 2296 extremum
1079 2249 1133 2310 est,

71 2321 150 2394 prims
169 2333 290 2380 naturae
314 2323 401 2397 longe
423 2322 491 2378 ulia.
536 2321 630 2380 Gzius
657 2332 844 2396 consequentes
867 2333 952 2399 putat
981 2343 1044 2381 esse
1072 2344 1134 2382 cut·

65 2407 153 2476 firmes
173 2405 279 2485 (ipsius
303 2417 347 2465 est
370 2405 517 2484 verbum).
541 2407 597 2464 hoc
608 2418 662 2469 est.
687 2409 912 2478 consentientes,
936 2409 1008 2466 satis
1031 2421 1133 2466 contra

73 2495 196 2550 ceunomo
218 2513 320 2562 usum;
343 2505 372 2550 et
395 2493 563 2568 discrepant
575 2493 758 2567 aliquantum
771 2493 928 2570 Calliphon
943 2505 971 2551 et
983 2495 1134 2552 Diodorus

72 2577 101 2632 ab
120 2579 284 2636 Aristotele.
329 2579 378 2636 Et.
401 2588 433 2635 ut
456 2579 590 2654 exposui,
614 2589 675 2636 tum
698 2579 785 2636 etiam
803 2579 951 2656 Aristippi
974 2591 1003 2638 et
1020 2581 1135 2642 Stoico·

73 2681 124 2720 rum
145 2667 214 2722 lines
235 2665 314 2722 inter
337 2683 368 2720 se
391 2665 556 2721 consentire
579 2664 722 2734 dicentur,
746 2683 820 2736 non,
845 2676 876 2722 ut
899 2665 949 2722 ille
971 2675 1065 2742 putat,
1088 2685 1134 2723 ro·

73 2767 194 2824 pugnare.
227 2750 358 2809 Omnino
379 2769 438 2806 non
460 2750 558 2826 agitur
580 2750 627 2806 hic
644 2750 875 2808 dediversorum
892 2751 1134 2828 philosophorum

72 2834 163 2893 finibus
184 2835 261 2893 inter
282 2855 314 2894 se
337 2834 532 2901 conferendis,
556 2835 608 2892 sed
631 2835 666 2892 de
689 2835 850 2910 primorum
879 2845 909 2893 et
930 2837 1031 2894 linium
1054 2836 1133 2914 apud

72 2919 173 2977 eusdem
193 2921 388 2998 philosophos
411 2921 625 2978 convenientia.
670 2920 783 2979 Orellio
806 2933 903 2980 tamen
927 2921 1021 2981 Gzius
1048 2925 1134 2981 satis·

73 3003 162 3064 fecisse
189 3008 319 3076 videtum
353 3006 425 3065 Otto
448 3025 485 3063 ne
506 3006 706 3064 admonitione
729 3007 847 3081 quidem
870 3007 1029 3083 quidquam
1048 3029 1133 3086 egere

72 3093 181 3163 putarit.
223 3091 363 3171 [Frustra
389 3092 557 3168 nuperrima
586 3090 624 3150 G.
648 3091 811 3151 Schneider
832 3093 862 3150 in
884 3093 975 3164 libro,
1011 3095 1061 3168 qui
1090 3096 1134 3150 in-

74 3177 196 3234 scribitur
223 3177 395 3236 Zeitschrift
422 3177 471 3235 fiir
498 3178 550 3236 das
573 3176 863 3254 Gymnasialwesen,
891 3179 988 3250 1866,
1020 3199 1048 3254 p.
1072 3179 1133 3237 695

74 3279 126 3335 sqq.
151 3263 246 3321 locum
274 3264 317 3321 sic
345 3263 485 3339 expedire
520 3264 645 3334 studuit,
679 3273 712 3320 ut
739 3276 925 3339 coaequantes
952 3265 1043 3322 vellet
1070 3283 1135 3324 esse

74 3333 339 3440 ἒιιιιεηημαιικοῦς.
361 3349 546 3423 Numaeque
563 3368 724 3424 omnequuts
734 3351 810 3423 fluis,
834 3357 867 3408 ut
889 3360 967 3407 essct
989 3343 1134 3426 ιἰιιιειιι·

73 3420 191 3505 pontu
213 3434 473 3492 dictusestdicive
489 3435 586 3535 potuit
608 3432 702 3514 (uliud
725 3443 784 3505 cst,
818 3435 930 3510 aliquid
953 3454 1135 3510 consequens

74 3529 126 3572 esse
146 3527 252 3596 etpost
263 3518 350 3599 orm)
372 3539 468 3619 neque
491 3479 816 3596 iutyeusqpnrtsdce'lq
834 3521 989 3597 quisquam
1001 3519 1135 3580 Graecus

72 3597 149 3658 londo
170 3605 284 3662 audivit
304 3624 373 3666 nec.
397 3605 422 3663 si
445 3605 515 3680 quid
536 3605 568 3662 id
589 3613 675 3676 esset,
699 3623 774 3679 quae
791 3606 864 3664 haec
881 3615 959 3664 esset
971 3607 1135 3683 proprietas

73 3685 159 3744 finium
172 3691 414 3768 philosophorum
437 3710 552 3754 corum.
575 3690 626 3765 qui
649 3701 717 3747 ante
739 3693 882 3749 nominati
905 3703 987 3760 sunt,
1021 3693 1135 3750 intelle·

72 3783 190 3846 geretur,
222 3795 276 3834 nec
299 3777 447 3851 quomodo
469 3776 698 3852 adiungerentur
724 3777 776 3834 illa
803 3778 943 3853 Anicuppo
965 3813 1006 3822 -
1029 3779 1135 3837 Sntut.

73 3854 188 3919 Omnino
214 3862 288 3920 nihil
305 3861 490 3920 manifestius
508 3871 553 3919 est
580 3880 667 3936 quam
696 3863 744 3939 agi
776 3863 811 3920 da
845 3864 1050 3922 convenientia
1077 3867 1136 3941 pri·

74 3959 173 4004 nomm
195 3957 223 4004 et
245 3948 347 4007 finium
371 3955 401 4004 et
422 3967 457 4006 eo
479 3947 626 4024 pertinere
649 3947 859 4026 consequentes]

145 4033 177 4090 id
195 4043 242 4101 est,
265 4035 372 4091 lmoeste
393 4031 492 4112 moue)
513 4035 739 4108 Interpretatur,
762 4034 840 4109 quod
862 4035 952 4111 paulo
970 4035 1065 4093 minus
1077 4037 1136 4096 usi·

74 4122 123 4172 tato
144 4118 268 4190 dixerat,
291 4123 437 4188 emmau,
465 4120 495 4177 id
518 4129 576 4188 est,
605 4121 749 4176 secuudum
771 4124 907 4192 ot'rtumn,
941 4111 1003 4176 κατ’
1028 4105 1136 4199 ἀρετήν

73 4201 135 4268 (vid.
155 4204 194 4262 ud
214 4206 254 4276 V,
278 4205 334 4275 263
358 4163 516 4282 &iniquis
539 4197 603 4281 ζῆν,
632 4206 710 4280 quod
730 4205 823 4264 Gzius
845 4207 888 4263 eit
909 4223 997 4281 saepe
1020 4205 1137 4266 Stoicos

74 4283 168 4360 dicere,
190 4309 276 4348 namo
299 4289 465 4362 Stoicus‚'
456 4309 546 4349 nmmo
561 4309 649 4349 nemo
661 4291 795 4350 Graecus
823 4291 900 4349 dixit
920 4290 1084 4371 umquam),
1107 4301 1138 4351 ct

74 4371 149 4432 simul
159 4375 307 4454 duplicem
318 4375 476 4435 turmulam
486 4377 565 4434 idem
576 4377 789 4454 significantem
801 4378 961 4455 coniungit,
979 4388 1013 4437 ut
1024 4381 1082 4451 111,
1096 4379 1135 4436 29
