2928 5012
233 1587 499 1681 PRAEFATIO
531 1588 718 1682 Palaeis
750 1590 994 1683 ElllTIONlS.

542 1820 685 1828 *-

85 1903 157 2017 Duo
179 1963 271 2029 sunt,
299 1951 418 2032 opinor,
446 1971 526 2033 quae
554 1953 685 2018 lectores
713 1971 803 2018 anre
824 1954 883 2018 hoc
905 1954 972 2018 loco
995 1955 1154 2035 requirent

83 2073 144 2134 nrt,
166 2063 193 2125 si
216 2079 279 2124 non
302 2060 462 2140 requirent
482 2060 557 2141 ipsi,
580 2061 709 2141 rogandi
731 2061 804 2126 mihi
826 2067 913 2139 sunt,
946 2069 980 2125 ut
1003 2062 1151 2126 benevolo

84 2173 178 2234 animo
206 2175 243 2233 et
268 2174 387 2232 attento
410 2167 569 2248 accipiant.
601 2168 682 2232 Nam
703 2168 838 2248 primum
861 2169 1022 2233 dicendum
1045 2179 1094 2234 est
1115 2171 1154 2236 de

84 2278 185 2342 horum
208 2276 368 2352 librorum,
391 2293 469 2356 quos
482 2275 589 2359 Cicero
611 2276 650 2339 de
671 2275 943 2341 finibusbouorum
961 2278 1153 2342 etmalorum

84 2387 210 2466 scripsit,
235 2383 449 2448 emendatione
471 2389 502 2448 et
513 2383 711 2448 enarratione
722 2390 754 2450 et
769 2383 934 2448 universae
947 2403 1062 2466 operae
1073 2404 1092 2450 a
1103 2405 1152 2450 me

84 2491 110 2556 in
130 2493 166 2558 iis
188 2491 315 2574 positae
336 2491 416 2554 ratio
439 2490 484 2556 sic
500 2491 690 2572 explicanda,
713 2497 756 2570 ut,
778 2511 859 2573 quae
881 2493 913 2556 in
926 2492 1152 2558 commentariis

85 2601 220 2681 disperse
244 2599 348 2680 posita
370 2607 451 2678 sunt
474 2618 511 2664 ea
533 2600 574 2664 ad
596 2618 669 2664 suas
692 2617 802 2664 causas
823 2600 995 2681 generatim
1007 2611 1153 2665 revocata

84 2721 111 2772 et
130 2707 272 2789 intellegi
288 2705 409 2787 plenius
432 2714 463 2771 et
473 2706 602 2771 indicari
614 2707 726 2772 rectius
738 2707 867 2788 possint.
902 2708 970 2785 Quo
981 2708 1047 2772 loco
1060 2707 1152 2772 etiam
1252 2766 1253 2773 ,

85 2815 151 2880 illud
177 2815 304 2881 efficere
334 2815 484 2893 conabor,
513 2822 548 2878 ut
574 2815 700 2880 libertas
733 2817 887 2896 quaedam
914 2821 945 2880 et
973 2815 1153 2896 simplicitas

84 2923 176 2988 iudicii
200 2931 235 2988 et
256 2922 416 2999 orationis,
437 2941 457 2986 a
478 2941 541 3004 qua
562 2941 601 2988 ne
622 2922 672 2986 hic
695 2923 817 3004 quidem
839 2923 1009 3002 discedam,
1042 2922 1152 2987 merito

85 3042 110 3094 et
130 3030 307 3096 necessario
330 3029 469 3117 addubito
491 3049 561 3096 esse
582 3031 733 3095 videatur.
767 3031 895 3109 Deinde,
918 3050 998 3112 quae
1015 3031 1054 3095 de
1067 3031 1152 3095 tice·

86 3140 195 3204 roniani
224 3138 331 3219 operis
359 3137 459 3204 forma
486 3145 581 3220 atque
608 3138 816 3219 descriptione
838 3139 918 3203 scitu
944 3139 1038 3219 digna
1067 3138 1151 3202 vide·

3 3333 4 3336 Ἴ
86 3243 190 3311 bunun
213 3265 316 3327 neque
342 3247 375 3310 in
398 3247 624 3314 commentariis
652 3252 707 3310 aut
738 3265 795 3328 per
827 3241 975 3311 excursus
1003 3246 1152 3326 exposita,

86 3355 339 3435 comprehendam
366 3361 397 3418 et
424 3355 462 3420 ab
489 3355 527 3419 iis
555 3356 596 3418 ad
627 3354 712 3435 ipsos
740 3354 834 3419 libros
862 3355 993 3419 lectores
1023 3354 1152 3418 mittam.

86 3459 139 3525 Sed
159 3464 248 3543 prior
268 3462 323 3526 illa
345 3463 524 3543 disputatio,
545 3463 634 3526 'cuins
657 3481 769 3542 magna
785 3468 1044 3542 parsapparatus
1056 3461 1152 3526 critici

87 3570 280 3648 explicatione
303 3569 519 3648 continebitur,
543 3588 611 3635 cum
624 3569 963 3634 suanaturamaiorem
985 3570 1151 3634 necessita-

87 3687 141 3740 tem
160 3679 276 3743 habeat
298 3697 390 3760 quarn
412 3679 644 3744 delectationem
666 3679 697 3742 iu
720 3678 812 3742 rebus
835 3677 960 3742 minutis
971 3695 1028 3757 per
1045 3677 1151 3740 amba·

86 3801 133 3862 ees
153 3785 391 3867 persequendis,
426 3795 491 3850 tum
520 3786 678 3850 molestior
700 3785 749 3863 fit,
784 3787 866 3866 quod
893 3785 964 3866 plus
987 3785 1150 3849 verborum

87 3894 320 3957 ronsmnendum
342 3893 443 3957 estin
466 3913 572 3958 eorum
594 3895 733 3958 codicum
750 3892 1047 3970 commemoratione,
1071 3911 1151 3973 quos

88 4015 185 4076 parum
209 3999 361 4080 novimus
384 4019 477 4082 quam
499 4001 531 4065 in
554 4021 669 4078 eorum,
693 4019 823 4082 quorum
847 4001 956 4082 plenus
978 4019 1055 4064 usus
1078 4018 1151 4064 con·

88 4123 183 4172 cessus
205 4117 263 4172 est
298 4109 407 4189 Itaque
419 4109 578 4190 deprecor,
600 4128 639 4172 ne
661 4127 730 4174 mea
741 4109 933 4173 existimetur
949 4107 1048 4190 culpa,
1071 4126 1151 4189 quae

3 4283 4 4290 χ
89 4215 275 4294 superiorum
297 4225 353 4283 est
367 4223 394 4296 Ι)

96 4349 279 4364 -·---—-.—,.

115 4421 119 4446 ¹
149 4419 289 4486 [Quaedam
309 4435 379 4471 nunc
398 4423 439 4472 hic
459 4423 510 4472 illic
530 4420 664 4488 contraxi]
