2956 5028
296 399 373 490 ,252
701 416 746 462 na
768 415 899 463 eminus
921 415 992 463 nou.

309 582 378 649 ficia
400 592 432 648 et
452 582 526 648 fana
547 589 771 662 contemnerem
804 584 848 648 ita
876 603 939 649 non
965 584 1092 648 timidus
1114 585 1156 648 ad
1178 591 1322 663 mortem,
1352 589 1391 648 ut

309 687 340 750 in
363 685 428 750 acie
451 685 491 750 sit
513 686 552 750 ob
569 703 634 750 rem
646 685 799 767 publicam
811 684 1000 751 inteuecms.
1034 688 1085 752 64.
1109 686 1301 768 cupiditates
1323 703 1391 750 non

309 786 435 868 Epicuri
458 786 609 852 divisione
631 784 765 864 liniebat,
788 789 843 852 sed
860 806 918 852 sua
930 787 1082 854 satietate.
1116 788 1260 853 Habebat
1280 795 1392 852 tamen

308 888 460 953 rationem
487 888 687 966 valetudinie3
720 889 866 954 utebatur
897 890 936 954 iis
966 889 1251 967 exercitationibus,
1284 897 1320 952 ut
1345 889 1392 952 ad

271 998 292 1064 5
309 1007 418 1054 cenam
439 997 471 1055 et
493 990 601 1055 sitiens
622 997 655 1055 et
675 990 816 1056 esuriens
837 991 970 1071 reniret,
1003 1009 1041 1056 eo
1070 991 1153 1069 cibo,
1186 991 1239 1072 qui
1260 997 1293 1055 et
1314 1007 1393 1054 sra-

309 1091 455 1157 vissimus
477 1099 561 1157 esset
582 1098 613 1157 et
633 1093 716 1158 idem
737 1089 898 1157 facillimus
919 1093 1239 1174 adcoucoqueudum,
1260 1092 1334 1156 vino
1358 1097 1396 1156 et

308 1194 349 1257 ad
371 1193 563 1274 voluptatem
585 1201 678 1259 etue
700 1203 835 1261 noceret
869 1194 982 1260 Cetera
1003 1194 1057 1259 illa
1077 1193 1252 1274 adhibebat,
1273 1193 1394 1275 qmbus

309 1296 442 1376 demptis
475 1301 570 1378 negat
601 1315 635 1360 se
668 1296 823 1377 Epicurus
854 1296 1048 1378 intellegere,
1081 1295 1157 1377 quid
1190 1295 1231 1360 sit
1262 1293 1393 1359 bonurn

309 1397 426 1461 Aberat
448 1397 547 1462 omnis
570 1398 671 1476 dolor;
699 1398 753 1480 qui
781 1399 806 1462 si
829 1399 967 1477 adesset,
1000 1415 1056 1462 nec
1082 1397 1217 1462 molliter
1237 1395 1336 1461 ferret
1358 1405 1396 1460 et

380 1575 402 1615 t.
420 1567 512 1616 ratione
530 1582 617 1618 omncs
655 1566 805 1635 [uoldndint's
826 1566 859 1636 A]
901 1568 938 1618 tie
959 1565 1142 1636 [AlliafflCOr.
1188 1571 1213 1619 b.
1235 1564 1331 1632 [cenom
1349 1563 1392 1633 A]

309 1635 440 1684 scenamE
475 1645 497 1684 et
520 1635 625 1684 marteres
647 1645 669 1686 et
695 1636 776 1686 cirtem
798 1635 964 1689 LPMCROr.
1005 1641 1027 1686 ὓ.
1043 1634 1187 1700 coquendum
1205 1635 1251 1685 Ee
1286 1637 1309 1682 9.
1327 1634 1395 1682 enim

310 1707 366 1768 (pro
385 1703 469 1768 omnis)
487 1704 540 1754 MR
557 1704 617 1754 enim
634 1705 708 1754 omnic
727 1705 748 1756 C

309 1893 382 1950 velit
404 1903 434 1950 et
455 1893 485 1950 in
508 1912 544 1950 eo
566 1895 706 1952 momenti
729 1894 842 1970 aliquid
864 1911 943 1965 esse,
966 1893 1045 1968 quod
1066 1902 1225 1968 utrumque
1245 1891 1296 1948 ille
1319 1909 1396 1948 con·

309 1979 470 2054 tempserit
515 1979 634 2037 Vitiosa
655 1980 728 2038 haec
750 1978 913 2056 particulae
935 1978 1104 2055 geminatio,
1128 1995 1217 2052 qnam
1238 1977 1328 2034 etiam
1351 1978 1395 2033 ad

308 2065 334 2134 I,
359 2063 399 2119 22
422 2063 599 2139 reprehendi
621 2064 665 2142 (et
676 2065 747 2122 olim
770 2065 800 2123 in
813 2061 1047 2144 Veo.1v,51),
1070 2063 1188 2139 saepius
1211 2062 1395 2138 expellenda

273 2211 274 2214 Ἴ
309 2148 375 2219 erit,
398 2156 432 2205 ut
454 2148 482 2205 h.
506 2148 571 2206 libr.
596 2151 636 2207 84
659 2150 698 2226 (et
719 2151 823 2210 tuebere
844 2159 869 2207 et
890 2146 1016 2229 marries),
1037 2149 1093 2218 IV,
1118 2148 1135 2204 7
1160 2143 1198 2228 (et
1210 2150 1284 2205 Zeno
1305 2153 1397 2222 etan'

309 2234 343 2290 ab
371 2252 401 2290 eo
427 2244 498 2306 eant,
527 2234 611 2308 quasi
639 2253 697 2292 non
726 2253 787 2292 una
815 2235 917 2292 schola
944 2229 1157 2313 significetur),
1195 2233 1251 2304 IV,
1281 2233 1322 2290 43
1351 2233 1397 2312 (et

309 2320 348 2376 ad
369 2327 495 2376 naturam
516 2321 717 2378 accommodato
744 2331 768 2377 et
791 2339 844 2396 per
865 2339 894 2377 ee
914 2316 1101 2397 desumenda),
1124 2320 1169 2390 V,
1196 2319 1233 2375 15
1257 2317 1296 2394 (et
1319 2321 1394 2375 eritne

310 2407 352 2461 ria
374 2406 601 2479 consormoobqne
622 2409 737 2462 oninium
759 2400 936 2486 officiomm);
959 2406 1014 2464 boe
1031 2405 1106 2462 duos
1122 2413 1288 2480 postremos
1305 2403 1394 2462 locos

309 2489 386 2546 idem
409 2488 503 2547 Gaius
526 2500 707 2566 corruperat.

395 2576 444 2631 64.
467 2577 506 2632 ed
516 2577 743 2650 concoquendum)
766 2575 829 2632 Eri.
842 2572 935 2653 [etB]
952 2575 1100 2649 triumque
1117 2572 1197 2632 Oxx.
1210 2573 1393 2649 scripturam

308 2660 383 2717 nihil
395 2660 452 2718 nisi
465 2661 601 2718 mendum
613 2670 695 2736 puto,
713 2659 764 2736 qui
776 2679 841 2718 oum
849 2659 1023 2737 Spuldiugio
1035 2660 1086 2736 (ad
1093 2657 1194 2732 Quint.
1200 2659 1288 2726 VIII,
1296 2659 1326 2730 4,
1337 2659 1395 2734 16)

309 2763 467 2820 numquam
490 2765 602 2820 coquere
623 2747 710 2804 cibum
731 2765 786 2822 pro
807 2765 969 2820 concoquere
990 2745 1100 2802 dictum
1123 2744 1249 2802 crednm.
1282 2743 1396 2818 Neque

309 2830 387 2887 enim
410 2831 531 2888 verbum
556 2832 585 2889 in
609 2850 645 2888 eo
667 2832 732 2907 ipso
755 2831 950 2902 substantivo,
973 2831 1004 2886 in
1027 2848 1086 2904 quo
1109 2839 1218 2886 certam
1240 2829 1394 2905 significe-

310 2914 418 2972 tionem
447 2916 583 2987 haberet,
618 2915 772 2974 transferri
799 2916 860 2974 alio
887 2917 992 2992 potuit.
1041 2915 1148 2989 Itaque
1176 2915 1264 2971 etiam
1287 2914 1327 2970 N.
1352 2917 1393 2973 D.

309 3001 351 3070 11,
375 3001 432 3058 186
447 3013 475 3058 et
491 3001 549 3058 137
563 3001 689 3059 acribiam
700 3013 847 3060 concoctae.
870 3002 997 3075 (Scencm
1008 3001 1096 3058 etiam
1104 2999 1182 3076 Spir.
1195 2997 1250 3078 [B]
1262 3011 1293 3056 et
1303 2997 1393 3082 Bes.)

394 3097 420 3143 et
442 3105 474 3143 ne
495 3083 614 3163 noceret)
638 3087 750 3158 idest,
774 3106 840 3145 cum
864 3105 900 3143 ea
922 3085 1068 3158 cautione,
1092 3093 1268 3142 nenooeret.
1296 3085 1393 3142 Recte

310 3179 406 3228 tamen
430 3173 661 3248 Wesenbergiue
684 3183 792 3244 monet,
816 3172 989 3232 Ciceronem
1013 3172 1068 3228 hac
1090 3169 1304 3247 significatione
1316 3171 1392 3228 alibi

310 3274 427 3331 semper
449 3257 547 3314 dicere
575 3268 604 3314 nt
631 3278 663 3314 ne
684 3257 752 3334 (pro
775 3259 863 3316 Rosc.
885 3258 955 3315 Am.
979 3257 1029 3328 55,
1052 3256 1083 3312 in
1106 3257 1192 3314 Verr.
1215 3256 1263 3324 11,
1277 3255 1329 3327 73,
1353 3257 1394 3312 ad

310 3341 392 3398 Fam.
415 3343 502 3412 XVI,
528 3343 556 3412 9,
581 3342 609 3412 3,
633 3343 668 3399 de
692 3341 750 3402 Off.
772 3343 820 3414 11,
846 3343 900 3413 72,
929 3342 966 3399 de
988 3343 1064 3400 Fato
1088 3341 1143 3411 29,
1177 3341 1228 3398 ubi
1251 3341 1334 3411 item,
1358 3350 1394 3398 ut-

310 3425 367 3496 hie,
391 3445 449 3484 non
472 3428 623 3503 praecedit
645 3429 706 3503 ito).
759 3427 819 3488 Sed
846 3437 945 3484 tamen
973 3427 1100 3503 simplex
1133 3445 1165 3482 ne
1197 3425 1240 3483 sio
1266 3426 1393 3501 ponitur

309 3511 388 3586 apud
411 3513 530 3570 Terent
554 3514 661 3570 lleaut.
685 3514 746 3584 IV,
771 3515 799 3584 5,
824 3513 874 3584 35,
900 3512 985 3572 Caes.
1008 3513 1043 3570 B.
1067 3511 1182 3583 c.111,
1207 3511 1246 3568 56
1269 3508 1392 3588 (centnm

308 3615 349 3666 ne,
373 3596 485 3654 idest:
509 3616 565 3655 nur
587 3598 700 3668 soweit,
724 3599 792 3656 dass
816 3599 911 3668 nicht;
939 3597 991 3654 alii
1013 3606 1111 3655 temen
1134 3597 1251 3654 codices
1273 3599 1315 3652 nti
1335 3599 1391 3672 ne),

308 3681 374 3738 Liv.
397 3683 504 3754 XXII,
529 3685 584 3755 61,
609 3684 643 3755 5,
667 3682 804 3762 [XXXI,
830 3685 884 3754 15,
915 3685 947 3756 6,
971 3684 1043 3754 XL,
1071 3685 1119 3755 15,
1144 3680 1188 3758 6],
1211 3682 1284 3739 Tac.
1307 3683 1391 3739 Ann.

308 3767 350 3836 11,
365 3767 414 3824 29.
443 3769 540 3844 (Haec
551 3787 667 3843 qnoque
679 3769 909 3846 Wesenbergius
931 3768 1072 3846 collegit.)
1106 3767 1264 3846 [Horatius
1287 3770 1326 3824 ito
1350 3789 1391 3838 rte,

308 3855 347 3910 eie
369 3872 401 3909 ne
427 3853 527 3928 posuit
548 3854 640 3929 Epl,
667 3855 714 3926 13,
741 3855 789 3926 12,
812 3855 852 3912 A.
873 3856 909 3913 P.
935 3855 1005 3924 152,
1029 3855 1100 3911 227.
1144 3851 1392 3925 DeQuiutiliano

309 3937 368 3994 vid.
390 3938 561 3996 Bonnellue.
606 3939 832 3999 ciceronianum
856 3941 1023 4016 exemplum
1042 3958 1101 3997 non
1124 3945 1274 4012 repertum
1297 3937 1370 4016 eet]

394 4043 441 4081 nec
452 4027 565 4082 nwltt'ter
566 4021 668 4106 ferret)
679 4025 768 4082 Petet
776 4043 850 4096 esse,
862 4025 944 4083 molli
956 4025 1065 4096 animo,
1077 4025 1120 4082 ita
1130 4033 1164 4081 ut
1175 4022 1390 4094 succumberet,

309 4109 373 4183 ipse
396 4113 421 4165 in
434 4111 525 4167 dolore
536 4112 630 4182 mollis,
653 4110 806 4168 utdicitur
823 4113 839 4169 1
856 4109 915 4169 Off.
929 4112 978 4168 71.
1009 4112 1084 4169 Tam
1101 4109 1189 4167 facile
1207 4108 1280 4164 haec
1298 4108 1390 4184 signi-

309 4194 407 4251 ficatio
419 4195 513 4252 oritur
530 4214 568 4252 ex
585 4196 732 4253 communi
744 4196 897 4271 utriunque
914 4197 996 4252 vocis
1008 4215 1072 4266 usn,
1090 4203 1132 4262 ut,
1151 4194 1175 4251 si
1193 4193 1259 4267 quis
1276 4193 1390 4251 nnllam

310 4279 467 4336 verborum
490 4280 726 4338 coniunctionem
749 4281 886 4339 Latinam
908 4280 1076 4358 ambiguam
1100 4290 1129 4337 et
1147 4278 1307 4354 ancipitem
1325 4298 1390 4338 esse

309 4373 401 4438 putet,
424 4365 522 4439 potius
545 4366 680 4424 dubitare
692 4367 799 4424 debere
814 4367 949 4425 videatur
966 4367 1002 4424 de
1015 4367 1163 4424 contraria
1174 4363 1390 4440 significatione
