3018 5052
429 435 471 480 ur
496 434 576 480 nnn.
599 433 662 480 nra.
687 435 720 480 rn
743 435 815 481 cna
842 439 878 482 na.
1129 417 1192 482 417

112 605 211 686 magis
234 605 438 685 expetendam
461 611 516 668 aut
536 603 635 684 pluris
657 604 896 682 aestimandam,
924 611 1008 670 certe
1029 605 1130 670 ninus
1153 606 1193 669 ad

113 708 236 772 beatam
270 707 366 770 vitam
399 707 535 787 pertinet
573 706 737 772 multitudo
771 707 911 788 corporis
952 709 1192 772 commodorum.

110 813 163 874 44.
187 809 325 887 Etenim,
360 808 387 873 si
415 817 446 874 et
473 827 585 891 sapere
613 809 821 890 expetendum
843 809 884 874 sit
906 815 937 874 et
960 810 1079 888 valere,
1119 827 1193 874 con·

181 1071 205 1115 3.
228 1065 310 1116 etenim
324 1065 347 1114 si
364 1064 443 1115 valere
466 1074 487 1114 et
501 1083 586 1130 sapere
600 1065 676 1132 niaytb
686 1064 837 1132 expetendane
846 1066 878 1116 sit
889 1083 959 1130 paean
967 1067 1067 1132 (mediis
1083 1066 1193 1127 omissis)

111 1135 212 1256 ζῇῦιξὶ
233 1134 323 1254 iffi
337 1151 422 1254 effic
446 1134 477 1198 C)
497 1135 577 1184 etem'm
601 1135 626 1184 si
646 1143 667 1185 et
693 1153 778 1200 sapere
792 1144 866 1200 expet.
882 1135 914 1184 eit
925 1151 995 1199 quara
1006 1135 1106 1196 (mediis
1118 1136 1194 1184 omis·

111 1421 205 1481 essem
228 1412 272 1469 ita
293 1411 434 1488 scripturn
458 1421 503 1470 est
525 1411 570 1491 (in
593 1411 679 1483 Pan,
703 1385 789 1476 Dar..
814 1411 903 1486 Oxx.,
927 1411 1050 1472 Gaianis
1062 1412 1194 1487 reliquis,

112 1499 184 1556 dnm
201 1498 289 1556 modo
312 1516 415 1556 omnes
436 1508 516 1554 recte
539 1498 664 1574 inspecti
692 1498 779 1575 sint):
812 1518 883 1574 quae
910 1519 958 1556 nos
986 1500 1053 1556 botre
1081 1509 1195 1556 reetriree

110 1587 286 1660 appellemus,
314 1583 403 1657 idque
426 1584 553 1642 editores
581 1583 648 1640 inde
671 1603 689 1640 a
711 1583 876 1644 Cratandro
905 1603 1005 1642 omnes
1029 1593 1195 1642 tenuerunt.
1225 1575 1229 1582 ’

112 1670 331 1746 Intellegebant
354 1672 445 1744 priam
473 1679 600 1739 sutrinae,
635 1680 723 1745 atque
751 1671 793 1727 sie
821 1671 910 1728 etiam
938 1670 1028 1728 scribi
1056 1670 1196 1728 volebant

112 1755 285 1826 Lambinus,
310 1755 461 1826 Davisius,
485 1755 631 1826 Bromius,
655 1756 706 1830 qui
728 1756 808 1830 quod
819 1757 870 1814 illo
882 1757 970 1813 modo
988 1755 1136 1833 negabant
1146 1775 1195 1814 us·

112 1860 202 1916 qnam
215 1840 283 1910 diei,
307 1840 392 1898 obliti
404 1849 488 1898 erant
510 1841 582 1913 eius,
606 1841 685 1915 quod
706 1843 745 1914 V,
770 1843 808 1898 45
833 1861 851 1898 a
873 1841 982 1900 Pisone
994 1841 1195 1918 Peripatetico

113 1927 232 1985 dieitur.
277 1926 336 1986 Sed
360 1925 435 1985 Cato
459 1927 577 1986 Stoicus
600 1928 679 1984 bona
700 1946 736 1984 ea
757 1927 909 2004 appellare
931 1946 991 1984 uon
1014 1937 1141 2003 poterat,
1163 1928 1194 1985 in

111 2014 169 2070 hae
192 2012 367 2090 praesertim
390 2030 457 2070 cum
480 2013 688 2088 Peripateticis
710 2014 927 2082 controversia;
956 2014 1122 2093 appellaret
1143 2032 1194 2071 eu-

113 2109 183 2170 tem,
208 2098 324 2155 etiamsi
342 2101 435 2174 prima
446 2099 632 2168 scriberetur,
657 2099 796 2174 quoniam
808 2109 941 2156 maneret
952 2119 1042 2156 comem
1059 2101 1194 2156 bonoram.

112 2184 232 2242 Deinde
255 2184 307 2242 illa
329 2183 425 2260 prima
447 2193 570 2242 naturae
593 2195 698 2261 putant
715 2186 881 2261 comparari
893 2203 959 2242 cum
971 2185 1104 2261 corporis
1116 2203 1194 2243 com-

113 2269 224 2342 modis,
248 2279 398 2344 tamquam
426 2270 656 2346 praestantiora3
690 2271 772 2345 atqui
801 2271 832 2328 in
861 2271 963 2348 primis
996 2281 1120 2328 natiuae
1147 2271 1195 2328 vel

113 2355 243 2412 maxime
266 2357 498 2412 numerabantur
520 2356 652 2432 corporis
669 2357 824 2414 commoda
845 2355 875 2435 (ς
892 2359 939 2426 17,
952 2358 993 2428 11,
1008 2357 1057 2421 34,
1070 2359 1109 2428 V,
1126 2356 1194 2434 18);

112 2441 162 2499 hic
185 2451 284 2498 autem
307 2441 396 2498 etiam
419 2441 507 2499 latius
530 2451 632 2518 patere
659 2443 792 2518 corporis
819 2443 1040 2500 commodorum
1063 2443 1194 2519 appella-

112 2528 235 2597 tionem,
259 2527 411 2603 superiore
434 2528 623 2585 annotatione
646 2527 719 2585 dixi.
763 2529 865 2604 Longe
888 2529 1014 2603 denique
1028 2529 1117 2585 aliam
1131 2547 1194 2587 esse

113 2632 217 2670 veram
242 2611 364 2671 Catonis
386 2614 681 2690 argumentationem,
702 2613 787 2671 initio
799 2613 957 2671 declaravi.
981 2613 1195 2673 Coniunctivus

111 2701 279 2774 appellemus
302 2699 425 2756 eandem
448 2699 538 2756 habet
560 2717 688 2770 causam,
712 2719 800 2773 qnam
823 2699 860 2756 ad
884 2702 951 2770 §17
975 2699 1071 2776 attigi.
1105 2700 1195 2758 Pote-

111 2797 160 2842 rat
183 2783 258 2842 Csto
281 2783 379 2841 dicere
402 2803 439 2841 ex
463 2803 516 2842 sua
538 2803 665 2860 persona
687 2788 856 2861 appellemus
884 2783 931 2864 (ut
953 2795 1016 2842 erat
1044 2786 1074 2842 in
1097 2786 1195 2843 Mead.

111 2881 143 2927 et
166 2870 213 2928 El.
237 2871 255 2926 2
279 2867 322 2948 (ἲ)
344 2871 603 2945 probaveruntque
628 2871 768 2928 Davisius
791 2865 992 2947 etBremius),
1016 2871 1194 2947 sedpartcm

110 2955 284 3013 benefecit
306 2957 470 3014 sententiae
493 2959 620 3032 aptaret
642 2957 807 3033 pendentis,
831 2976 889 3032 qua
908 2957 1075 3016 Stoicorum
1088 2957 1195 3033 dogma

110 3041 290 3100 continetur.

202 3129 252 3184 44.
275 3131 300 3184 si
321 3137 346 3184 et
367 3145 462 3203 sapere
473 3130 648 3203 eapetendum
666 3130 702 3184 sit
720 3138 744 3184 et
762 3131 850 3185 calere
861 3127 931 3205 cet.)
955 3137 987 3184 nt·
1003 3127 1194 3204 Peripatetici

109 3221 250 3281 censent;
273 3232 341 3270 nam
365 3212 458 3273 Stoici
482 3213 580 3270 valere
594 3232 661 3270 non
674 3214 881 3289 expetendum,
906 3214 958 3272 sed
969 3213 1142 3270 sumendum
1165 3223 1195 3270 et

108 3299 281 3376 eligendum
305 3299 419 3368 dieunt3
454 3307 484 3356 et
506 3317 682 3374 quamquam
706 3309 736 3356 et
758 3317 876 3375 sapere,
911 3299 990 3374 quod
1018 3299 1112 3356 virtus
1140 3309 1194 3366 est,

24 3399 27 3404 ·
108 3384 350 3442 aestimationem
372 3385 463 3441 habet
484 3375 599 3464 (ἀξίαν)
628 3393 657 3442 et
679 3385 792 3446 valere,
827 3395 924 3442 tamen
953 3385 1005 3442 illa
1032 3385 1195 3460 sapientiae

106 3470 280 3529 aestimatio
303 3489 363 3528 non
391 3480 516 3547 augetur
542 3471 642 3527 addita
664 3471 842 3528 valetudinis
870 3470 1090 3540 aestimatione,
1126 3471 1195 3545 quia

108 3556 165 3613 illa
194 3575 232 3613 ex
259 3556 319 3614 alio
347 3572 454 3633 genere
483 3563 527 3612 est
555 3575 609 3614 nec
636 3557 730 3634 gradu
760 3566 874 3614 tantum
902 3566 931 3613 et
953 3557 1154 3632 magnitudine
1177 3575 1195 3614 a

107 3642 294 3700 valetudinis
317 3642 522 3699 aestimatione
545 3639 644 3699 differt
666 3641 695 3722 (ξ
720 3642 784 3721 34).
828 3643 940 3700 Locum
970 3643 1073 3699 eodem
1097 3643 1194 3714 mode,

107 3747 174 3804 quo
203 3728 296 3785 nostri
325 3727 440 3785 codices
469 3727 638 3799 deteriores,
668 3729 834 3786 mutilatum
862 3729 972 3785 habeut
994 3728 1090 3785 ceteri
1118 3729 1195 3785 eius·

107 3815 183 3870 dem
204 3815 321 3890 generis
343 3811 475 3892 (Davisii
497 3821 527 3870 et
549 3812 643 3883 0xx.;
666 3813 815 3873 Gruterus
837 3824 928 3884 tacet,
958 3813 1051 3872 Gaius
1074 3812 1195 3871 confuse

108 3899 227 3978 traditi
244 3910 273 3956 et
295 3908 410 3956 veteres
434 3900 578 3956 editiones
607 3897 728 3976 (biars,
758 3899 853 3969 Crat,
882 3901 985 3978 vict).
1030 3899 1196 3957 Aberrarat

109 3985 220 4042 oculus
242 3985 356 4043 librarii
379 3986 409 4042 in
423 4004 495 4043 voce
517 3988 701 4060 erpetendmn,
725 3985 830 4044 deinde
855 3989 941 4044 velere
963 3995 1123 4042 retractum
1141 3995 1195 4056 est,

106 4071 164 4129 sed
190 4089 282 4146 pravo
300 4071 375 4128 loco.
410 4070 521 4128 Aldum
534 4071 701 4129 Manutium
724 4073 811 4129 credo
831 4073 957 4148 primum
981 4071 1097 4128 tacitae
1117 4071 1195 4128 bono

107 4157 325 4214 codieelocum
350 4157 526 4234 explevisse.
559 4158 715 4215 Accedunt
733 4157 811 4234 Spir.
829 4158 934 4215 etcod.
951 4157 1027 4215 Mor.
1061 4156 1111 4235 (In
1139 4157 1196 4215 hoc

106 4243 180 4300 cod.
208 4253 311 4300 contra
338 4252 460 4319 propter
488 4243 645 4319 repetitum
672 4263 768 4319 sapere
790 4243 962 4300 exciderant
983 4243 1070 4299 haec:
1101 4245 1194 4304 soleam,

106 4349 199 4404 neqrre
216 4339 302 4386 taurea
320 4363 360 4370 -
378 4349 459 4404 pecora
482 4327 599 4406 sapere.)
645 4329 702 4388 Sed
728 4329 805 4405 Spin.
828 4339 861 4386 ut
889 4329 949 4386 Eri.
977 4329 1087 4386 omittit
1109 4332 1144 4386 sit
1166 4329 1196 4386 in

105 4425 239 4490 utraque
262 4415 375 4492 protasi
397 4413 480 4493 (siet
502 4417 781 4491 aopereerpetendum
805 4423 847 4472 et:
870 4418 896 4472 ai
917 4415 1087 4492 utramque),
1112 4433 1196 4490 quos,

956 4531 989 4584 27
