2920 5012
340 387 383 452 96
729 406 774 450 ns
797 404 927 454 rmrsus
950 405 1021 452 sou.

340 574 413 639 darn
425 574 721 656 temperantiamque
734 575 947 655 expetendam,
959 593 1021 640 non
1032 574 1105 656 quia
1117 574 1293 656 voluptates
1303 573 1405 657 lugiet,

341 676 396 742 sed
418 675 492 756 quia
513 675 645 740 maiores
667 683 884 758 consequatur.

426 777 494 842 XV.
537 779 588 843 49.
621 777 739 844 Eadem
767 777 955 844 fortitudinis
988 779 1067 844 ratio
1101 779 1282 860 reperietur.
1330 779 1405 844 Nam

343 899 443 962 neque
465 880 604 945 laborum
625 879 799 962 perfunctio
827 899 927 962 neque
949 882 1110 962 perpessio
1134 882 1276 947 dolorum
1297 899 1356 962 per
1376 901 1407 946 se

301 981 412 1066 5ipsa
438 981 546 1060 allicit,
579 1003 636 1050 neo
667 983 818 1065 patientia
844 1001 902 1048 neo
933 983 1100 1049 assiduitas
1128 1001 1184 1050 nec
1210 984 1334 1066 vigiliae
1355 1001 1408 1048 nec

340 1085 418 1166 ipsa,
441 1102 521 1165 quae
532 1083 686 1165 laudatur,
709 1085 871 1164 industria
894 1103 933 1150 ne
947 1083 1096 1151 fortitudo
1119 1086 1251 1167 quidem,
1274 1087 1330 1152 sed
1351 1087 1408 1150 ista

409 1310 431 1358 5.
450 1304 605 1356 munem
630 1304 797 1373 [AJPMcen
823 1305 872 1374 [Eh
889 1305 1020 1357 ωειὶὶνᾱω
1093 1305 1132 1374 [aa
1150 1309 1207 1373 (pro
1230 1317 1282 1365 nect
1300 1308 1357 1372 ipse
1374 1305 1407 1373 A]

341 1391 382 1424 uec
400 1392 429 1425 ca
447 1375 501 1440 ipro
520 1374 680 1428 arlucum.
726 1380 749 1424 6.
767 1393 809 1427 uec
825 1378 880 1428 ron.
900 1377 938 1426 LC
975 1386 997 1426 ot
1031 1374 1099 1443 Eh]L
1117 1377 1174 1442 (pro
1190 1375 1243 1437 aed)

425 1565 498 1642 Cap.
509 1567 581 1637 XV,
605 1567 657 1623 49.
677 1586 723 1624 uec
734 1566 897 1644 assiduitas)
918 1567 1094 1625 Emendatio
1105 1567 1178 1624 haec
1190 1576 1235 1625 est
1245 1567 1374 1625 Manutii
1385 1577 1412 1624 et

340 1650 486 1720 Lambini,
510 1661 539 1709 et
550 1651 609 1708 iam
621 1661 688 1708 ante
700 1654 809 1711 veteris
821 1654 994 1711 correctoris
1014 1652 1045 1709 in
1063 1653 1097 1710 L.
1130 1653 1207 1710 Nam
1219 1653 1294 1711 Pell.
1313 1672 1411 1710 omnes

339 1739 522 1808 acclinaturos,
546 1737 789 1813 tacentqueDav.
813 1749 842 1796 et
864 1737 943 1798 Oxx.
988 1737 1075 1812 Quod
1097 1747 1194 1796 autem
1217 1737 1312 1798 Gaius
1335 1738 1411 1810 dicit,

343 1824 492 1899 „potiores
515 1841 583 1881 suos
606 1830 727 1881 omnes“
751 1825 860 1882 habere
882 1825 1040 1895 assiduitas,
1063 1823 1103 1896 id,
1125 1833 1159 1881 ut
1171 1824 1206 1881 de
1217 1823 1288 1894 Era,
1314 1825 1358 1882 sie
1379 1824 1412 1881 de

339 1909 446 1966 ceteris
467 1907 574 1966 falsum
597 1917 650 1966 est
684 1907 861 1988 [Confirmat
887 1918 985 1966 tannen
1007 1907 1169 1987 Halmius]
1202 1910 1305 1968 Teneo
1317 1919 1412 1967 tamen

339 1995 533 2072 singularem,
551 1994 629 2070 quod
652 1996 750 2053 nullus
772 1994 891 2053 omnino
913 1995 961 2052 hic
977 1995 1060 2053 locus
1077 2004 1122 2052 est
1138 1995 1251 2053 notioni
1268 1996 1413 2054 subiecto·

339 2099 404 2137 rum
421 2089 595 2150 antrorum,
619 2080 774 2156 inquibus
797 2090 945 2152 versetur,
968 2099 1090 2138 numero
1112 2081 1342 2156 multiplicatae,
1366 2081 1414 2138 sed

338 2164 478 2242 generali,
502 2165 598 2240 qualis
609 2175 655 2223 est
660 2169 801 2242 patientia,
824 2169 968 2238 industria,
990 2166 1165 2242 videturque
1186 2166 1312 2243 pluralis
1335 2179 1414 2224 ortus

340 2269 404 2308 esse
427 2269 464 2308 ex
488 2252 623 2325 sequenti
645 2254 758 2326 rupilius.

426 2356 473 2394 uec
494 2334 568 2412 meo)
592 2335 642 2396 Sic
664 2337 753 2395 etiam
777 2337 865 2414 Spin,
888 2335 967 2396 Gud.
992 2337 1020 2408 2,
1043 2337 1113 2396 Bas.
1136 2335 1187 2414 [In
1208 2338 1240 2395 A
1261 2357 1291 2394 eu
1314 2355 1353 2394 ex
1371 2357 1414 2394 nec

340 2420 476 2500 factum]
510 2422 664 2481 Editiones
686 2433 755 2481 ante
772 2422 881 2483 Gaium
904 2441 1005 2480 omnes
1027 2443 1074 2482 noc
1096 2443 1129 2480 eo
1149 2426 1219 2500 mco,
1242 2431 1415 2498 teneturque

340 2507 377 2564 de
399 2509 493 2580 codd,
516 2509 573 2566 nisi
596 2509 674 2583 quod
697 2510 727 2567 iu
751 2503 767 2578 ξ
789 2509 935 2567 omittitur
956 2513 1032 2586 queo,
1065 2509 1097 2565 in
1118 2507 1145 2566 E
1167 2517 1326 2583 utrumque
1349 2528 1415 2584 pro·

339 2611 455 2650 nomen.
498 2593 566 2652 Non
588 2595 661 2652 haec
683 2595 828 2653 industrio
849 2597 886 2652 ab
909 2593 975 2652 aliis
987 2604 1141 2671 separatur
1163 2593 1415 2670 (velutapravu).

340 2678 391 2736 sed
423 2679 559 2738 universe
592 2680 737 2738 industria
770 2681 808 2738 ub
836 2681 903 2738 aliis
929 2680 1033 2752 rebns;
1065 2680 1166 2754 itaque
1195 2679 1268 2736 nihil
1295 2681 1415 2738 ommino

339 2763 396 2820 huc
430 2766 560 2840 pertinet
592 2766 726 2840 quaestio
754 2767 790 2823 de
817 2766 990 2842 pronomine
1017 2770 1074 2842 ipsu
1103 2785 1157 2841 pro
1184 2767 1285 2841 teipso
1310 2765 1416 2842 posito.

341 2849 400 2909 Sed
422 2853 491 2926 ipso,
514 2870 584 2926 quoe
601 2853 738 2922 lrrcdotur,
762 2851 828 2909 ideo
850 2852 968 2924 dicitur,
991 2852 1153 2927 quodhaec
1176 2859 1328 2926 tamquam
1350 2869 1415 2926 pro·

340 2936 405 3012 pria
428 2936 571 3010 quaedam
593 2937 687 2994 virtus
710 2937 823 2994 laudari
851 2939 881 2994 in
904 2937 1072 2994 hominibus
1095 2936 1180 3008 solet,
1204 2955 1263 2994 non
1284 2937 1415 3014 vigiliae,

341 3040 416 3096 quae
443 3023 473 3079 in
496 3021 663 3080 hominibus
691 3041 749 3079 nou
778 3033 859 3094 sunt,
893 3039 947 3080 nec
974 3022 1147 3094 assiduitas,
1177 3021 1306 3097 quaein
1331 3021 1417 3079 certis

339 3107 505 3164 actionibus
528 3117 687 3184 spectatur,
711 3127 769 3165 non
791 3109 822 3164 in
846 3117 908 3166 toto
930 3108 1059 3185 ingenio.

426 3213 458 3250 ue
472 3196 608 3267 fortitudo
630 3191 751 3270 quodem)
774 3194 849 3252 Mali
871 3193 991 3269 quidam
1012 3194 1143 3264 codices,
1172 3200 1204 3250 ut
1226 3192 1339 3264 solent,
1374 3211 1417 3250 nec
1452 3241 1453 3247 ,

340 3272 442 3353 (Eue
475 3280 583 3336 multos
605 3279 699 3339 Gaius
722 3276 817 3355 dicit),
840 3279 918 3354 quod
946 3279 972 3337 si
994 3289 1072 3337 esset
1093 3277 1232 3336 Latinum
1254 3277 1330 3353 (vid.
1354 3295 1415 3336 exc.

341 3363 378 3419 ed
399 3364 441 3436 11,
466 3365 530 3441 25),
553 3365 640 3422 huius
661 3364 720 3422 loci
732 3383 790 3422 non
803 3374 890 3436 esset,
913 3364 975 3423 sive
989 3364 1239 3422 enumerationem
1263 3363 1344 3421 finiri
1357 3365 1416 3421 sive

341 3459 547 3526 argumentum
569 3449 704 3508 concludi
726 3450 899 3508 iudicamus.
943 3448 1118 3508 Dubitatum
1149 3458 1195 3506 est
1217 3449 1311 3518 enim,
1347 3467 1416 3524 qno·
1451 3451 1452 3499 l

341 3534 428 3592 modo
451 3545 583 3592 extremo
606 3535 671 3592 loco
684 3535 858 3594 adhaereret
879 3536 945 3612 ipsa
966 3535 1119 3607 fortitudo,
1142 3535 1225 3592 cuius
1248 3535 1417 3612 superiores

341 3629 440 3696 partes
462 3630 568 3678 essent.
611 3621 717 3696 Itaque
750 3640 845 3698 nuper
871 3621 1053 3680 Dietrichius
1070 3620 1217 3698 (Quaestt.
1239 3639 1366 3696 gramm.
1390 3631 1417 3676 et

341 3705 418 3762 mitt.
441 3706 477 3763 aa
500 3707 573 3764 nous
595 3705 1248 3784 aliquotcic.,Lips.1835,p.72)coneludi
1269 3707 1415 3764 rationem
1450 3679 1451 3751 l

341 3792 384 3848 sic
406 3793 537 3866 putavit:
559 3795 649 3866 itaque
670 3813 702 3849 ne
712 3794 966 3867 J'ortt'tudoqur'dem
990 3794 1036 3869 (ut
1048 3801 1139 3850 esset:
1161 3791 1416 3865 aequamentum:

342 3887 372 3934 et
394 3877 501 3935 dicitur
523 3879 564 3935 sic
587 3898 619 3935 ue
641 3911 683 3920 —
704 3879 827 3953 quiderm
861 3879 913 3935 sed
935 3897 1029 3954 neque
1052 3877 1198 3955 particula
1219 3876 1417 3936 conclusionis

342 3962 430 4020 index
454 3964 550 4022 omitti
571 3973 698 4040 poterat,
721 3981 826 4038 nequa,
850 3963 875 4022 si
898 3964 1066 4040 apartibus
1077 3963 1115 4020 ad
1127 3973 1222 4022 totum
1232 3963 1311 4020 ratio
1325 3975 1418 4021 trans·

341 4047 477 4117 ferretur,
500 4059 579 4106 recte
600 4051 716 4108 deesset
738 4049 936 4126 periculorum
959 4049 1154 4127 susceptionis
1170 4049 1288 4106 mentio.
1313 4049 1418 4122 Itaque
1448 4075 1449 4090 2

341 4132 543 4191 fortitudinem
566 4135 608 4192 sic
630 4147 779 4211 tamquam
802 4155 946 4194 summum
969 4136 1089 4212 adiungi
1100 4143 1182 4212 puto,
1204 4143 1246 4206 ut,
1270 4153 1339 4192 cum
1352 4143 1418 4191 aute

341 4237 393 4275 eae
419 4237 466 4276 res
488 4220 655 4278 nominatae
672 4221 739 4292 sint,
763 4239 838 4295 quae
860 4223 915 4279 sub
938 4221 1110 4298 ampliorem
1127 4220 1255 4279 allatius
1266 4229 1418 4296 patentem

342 4303 405 4361 eius
427 4304 546 4364 virtutis
567 4306 717 4364 notionem
740 4305 846 4363 cadant
867 4325 921 4364 neo
944 4315 1042 4364 tamma
1070 4325 1104 4364 eo
1133 4305 1250 4365 nomine
1272 4305 1419 4382 appellari

342 4389 464 4462 soleant,
487 4390 535 4449 hic
558 4409 593 4449 ea
614 4391 817 4469 intellegatur,
846 4408 920 4465 quae
938 4393 1031 4470 magis
1052 4393 1172 4469 proprie
1194 4391 1320 4464 dicatur,
1346 4409 1419 4467 queo
