2948 5024
337 421 378 466 un
404 420 483 466 una.
507 420 569 466 nm.
593 421 614 466 v
637 419 710 465 cna.
730 423 771 470 ee⁴
1017 401 1081 468 765

99 607 138 656 nee
157 589 225 670 napo
244 591 435 670 expetendam,
458 590 514 654 sed
536 589 635 671 magis
657 591 841 654 sumendam
868 597 914 669 et,
941 590 968 654 ei
996 591 1081 672 optio

95 697 161 770 esset
176 691 298 774 eligendam
316 691 439 772 Metelli,
462 691 573 774 Reguli
596 691 797 770 reiciendem;
831 711 899 775 ego,
922 711 1015 774 quam
1031 693 1081 758 ille

90 795 274 876 praeponendam
290 803 314 860 et
334 795 432 876 magis
454 795 635 877 eligendam,
657 795 824 861 beatiorem
847 795 928 860 hane
949 795 1081 877 appello,

88 915 129 962 nee
148 897 194 962 ulo
210 897 302 962 minim
322 905 476 962 momento
498 897 569 979 plus
591 897 619 962 ei
641 898 724 962 vitae
745 898 849 963 tribuo
868 916 960 979 quam
977 897 1081 964 Stoici.

85 1001 121 1064 tte.
140 999 201 1076 Quid
217 999 323 1078 interest,
344 999 404 1064 uisi
426 1001 511 1081 quod
532 1019 591 1084 ego
613 1018 664 1066 res
686 1005 777 1065 notae
798 999 881 1066 notis
898 999 1003 1066 verbis
1024 1019 1082 1082 ap·
1101 1001 1121 1066 5

80 1101 150 1182 pelo,
167 1101 200 1166 illi
217 1101 313 1167 nomina
334 1119 414 1166 nora
436 1109 600 1184 quaeruut,
622 1102 735 1185 poribus
762 1103 844 1168 idern
866 1103 991 1168 dicant?
1025 1103 1082 1182 Ita,

77 1205 277 1286 puemaduodun
293 1203 320 1270 in
342 1209 452 1270 senatu
464 1223 589 1286 semper
610 1205 790 1288 estaliquis,
813 1205 866 1288 qui
880 1204 1083 1286 interpretem

74 1305 188 1386 postulet
205 1306 240 1372 eie
257 1307 298 1372 isti
316 1307 404 1372 nobie
426 1325 495 1372 eum
506 1308 677 1390 interprete
687 1307 835 1374 audiendi
846 1315 927 1372 eunt
961 1307 1082 1372 Bonum

72 1409 176 1490 appello,
194 1408 313 1491 puidprrid
325 1411 494 1474 seeundum
504 1417 649 1474 nanrram
660 1417 718 1490 est,
730 1411 814 1492 quod
825 1419 941 1488 eontra,
953 1409 1082 1489 malum;

72 1529 109 1576 ree
128 1529 175 1593 ego
193 1511 268 1591 soloe,
286 1512 337 1577 aad
357 1517 392 1576 tu
419 1511 521 1590 etiam,
544 1511 732 1594 Chrysippe,
754 1512 786 1576 in
808 1509 891 1592 loro,
924 1513 1023 1592 domi;
1051 1513 1083 1578 in
1103 1513 1143 1578 10

75 1613 148 1678 thola
170 1613 271 1679 deeius.
314 1613 395 1692 Quid
424 1615 520 1696 ergo?
564 1613 655 1680 aliter
683 1614 837 1694 heminae,
865 1614 955 1681 aliter
981 1615 1082 1697 philo·

72 1716 155 1798 ophos
181 1715 251 1798 loqui
275 1721 361 1797 putas
388 1718 555 1798 oportere?
599 1716 715 1796 Quanti
743 1716 879 1799 quidque
907 1717 961 1796 eit,
994 1717 1084 1792 aliter

107 1943 127 1986 2.
145 1937 242 1988 retet'eudi
255 1935 335 2003 Repull
353 1939 372 1988 C
442 1945 464 1987 ei
482 1939 539 2004 (pro
557 1941 610 2005 epo)
628 1937 650 1987 Ε
712 1945 734 1988 4.
753 1937 801 1989 ulio
820 1939 911 1990 omuino
929 1949 1041 1990 momouo
1060 1939 1083 1988 E

80 2005 118 2056 r'ilu
136 2005 242 2072 appellunt
257 2009 307 2072 (pro
324 2005 383 2056 idern
402 2005 493 2068 dicartQ
513 2007 535 2056 E
571 2015 592 2055 8.
616 2005 675 2074 [cum
693 2006 839 2072 iaterpwetem
857 2007 907 2076 un]
969 2013 992 2060 9.
1012 2025 1083 2072 quom

72 2076 154 2124 rtraE
188 2079 221 2124 il.
238 2074 312 2139 defin&
330 2074 443 2139 (diffido)
463 2075 551 2128 LPCR
596 2081 634 2127 12.
651 2083 719 2142 putee
738 2075 829 2128 LPCR
880 2077 966 2143 meanti
981 2077 1083 2141 potuque

80 2160 132 2194 eum
149 2145 213 2194 uncle
230 2143 268 2194 Or.
285 2143 402 2210 tpue'equt'd
418 2144 447 2201 Cl

72 2336 139 2392 luxit
159 2334 282 2392 ordinem
302 2335 469 2394 verborum.
492 2335 528 2393 de
550 2353 609 2410 quo
631 2335 706 2408 adl,
719 2335 758 2394 57
782 2335 854 2394 dixi.
882 2337 998 2396 Deinde
1017 2355 1083 2394 oum

73 2465 80 2478 .
104 2419 178 2496 Spin.
200 2416 251 2500 [B]
272 2440 316 2478 aee
339 2423 392 2478 ullo
413 2425 517 2495 omnino
538 2431 681 2492 morionem
710 2421 762 2480 aed
784 2429 896 2480 tantam
920 2421 1083 2499 proprieta-

95 2505 167 2584 (vid.
189 2507 225 2564 ad
246 2507 303 2578 111,
317 2505 350 2586 3)
371 2517 490 2581 tamque
513 2515 612 2582 aptam
635 2507 810 2584 gravitatem
833 2508 928 2566 altera
938 2509 1085 2584 scriptura

73 2603 108 2659 et,
133 2600 164 2648 ut
184 2592 231 2650 hie
252 2601 303 2650 ent
323 2591 354 2650 in
377 2593 480 2650 horum
492 2593 616 2650 duorum
628 2602 680 2652 aut
690 2592 810 2651 omnino
827 2593 858 2650 in
869 2593 1023 2652 meliorum
1036 2611 1084 2652 co·

76 2699 104 2735 m
127 2677 259 2754 principe
281 2677 418 2736 mendum
440 2676 532 2736 fuisse
554 2685 669 2754 putem3
692 2677 889 2753 quamsaeilie
906 2680 1083 2757 permutatio

73 2763 265 2840 praecedente
287 2763 461 2839 praesertim
483 2783 507 2834 o,
531 2773 663 2840 apparet.

88 2850 138 2905 89.
163 2849 261 2924 quibua
283 2851 354 2906 idem
376 2847 482 2927 dieam)
515 2849 601 2907 Adeo
630 2857 698 2926 apte
725 2848 854 2908 inanitas
881 2859 912 2908 et
940 2848 1085 2908 inutilitas

73 2935 172 2992 ,tionis
184 2935 346 2992 verborum
358 2934 548 3012 significatur,
561 2943 594 2992 ut
604 2935 691 2992 valde
702 2934 800 3006 mirer,
823 2935 901 2994 unde
912 2935 943 2992 in
963 2935 1085 2994 meliore

76 3021 108 3077 ia
131 3017 211 3100 (Erl.
235 3017 282 3101 [at
293 3016 335 3100 B]
362 3029 393 3078 et
421 3039 478 3098 mg.
487 3018 583 3098 Crat.)
604 3021 755 3092 eineulla,
778 3039 854 3095 quae
865 3029 1016 3096 appareat,
1040 3040 1085 3078 er-

99 3125 193 3164 cauea
217 3106 385 3164 substitute
405 3106 445 3164 eit
471 3105 575 3181 putida
597 3115 627 3164 et
648 3105 745 3164 inania
756 3106 966 3182 appendicula:
989 3107 1085 3180 petora

74 3194 204 3266 ppeltznt
215 3192 284 3268 sive
296 3195 432 3268 appelleret
443 3189 500 3270 (eie
511 3193 589 3250 enim
601 3211 658 3268 mg.
670 3190 761 3262 Crat,
784 3201 902 3250 servata
912 3192 977 3270 lege
989 3209 1085 3268 gram

74 3297 99 3340 a,
125 3276 267 3334 fortasse
280 3287 387 3335 contra
398 3277 545 3348 codieem3
567 3277 619 3334 eed
631 3277 719 3335 etiam
730 3279 793 3335 illue
802 3276 914 3336 iactum
931 3275 1085 3354 oportuit).

74 3363 79 3418 l
105 3364 166 3420 snb
193 3363 244 3420 hie
269 3363 437 3421 involueris
458 3363 551 3421 latere
573 3362 666 3422 videri
683 3363 793 3439 possit:
815 3364 912 3438 quidue
931 3365 979 3420 itta
1001 3359 1086 3442 (nota

84 3443 176 3526 loco)
197 3451 334 3524 pellant,
368 3467 463 3523 neque
490 3457 570 3506 reete
593 3451 640 3506 itta
668 3468 722 3525 pro
744 3459 833 3507 vetera
855 3448 963 3506 dieitur
991 3467 1085 3523 neque

75 3535 172 3592 nenti
186 3533 282 3592 notio
294 3534 329 3591 in
342 3535 439 3608 quidue
448 3543 519 3611 apta
530 3530 598 3614 est]
621 3535 795 3610 Interpretie
812 3553 892 3605 uene,
915 3553 1002 3610 quem
1014 3533 1086 3592 Piao

75 3629 215 3691 emorat,
242 3619 279 3676 in
300 3629 407 3678 senatu
424 3620 462 3677 ad
481 3620 594 3696 legatos
607 3619 739 3679 Graecos
750 3621 933 3678 introductos
949 3620 1086 3697 pertinet

102 3708 216 3762 eeloola
242 3704 371 3784 ἀεεύιιζς)
405 3705 455 3766 sio
484 3725 500 3763 e
527 3707 678 3764 veteribus
705 3705 790 3764 libris
813 3705 989 3776 Lambinus,
1022 3715 1084 3764 tum

81 3791 187 3848 Pam
221 3793 238 3848 1
271 3785 331 3872 (de
353 3809 412 3866 quo
435 3790 507 3850 mihi
528 3791 747 3870 nihilnotatur)
770 3793 844 3862 et3;
867 3801 897 3849 et
913 3791 1086 3849 confirmant

78 3877 160 3934 timi
189 3875 288 3947 Gzii,
318 3875 383 3955 [B].
427 3877 495 3935 Non
519 3876 720 3950 definitionum
743 3897 838 3948 neum,
861 3877 913 3936 aed
935 3877 1084 3934 nominum
1195 3947 1201 3958 ·

105 3963 144 4019 in
175 3981 216 4020 re
245 3963 365 4020 eadem
388 3963 459 4021 Piso
481 3963 679 4040 reprehendit.

76 4051 122 4105 'ror'
140 4057 254 4124 putas
283 4057 431 4125 oporteret
463 4047 566 4116 Qrmoti
586 4051 706 4124 quidque
728 4051 778 4118 eit,
800 4050 879 4106 aliter
906 4049 978 4105 doeti
998 4058 1023 4104 et
1045 4051 1084 4103 iro·

76 4137 122 4192 ed
156 4153 236 4192 cum
276 4137 447 4204 eoreotiterit,
478 4133 548 4209 eet.)
580 4134 713 4192 Primum
731 4144 832 4210 putor.
871 4134 950 4208 quod
972 4133 1084 4208 pridem

76 4239 113 4276 rs
145 4219 267 4277 tacite
296 4221 483 4290 restituerat,
507 4219 680 4278 Schuetziue
708 4231 738 4277 et
760 4219 889 4279 Orellius
917 4238 954 4276 ex
972 4218 1033 4275 Erl.
1057 4229 1087 4275 et

76 4305 89 4382 ]
121 4317 381 4381 sumpserunm
404 4306 463 4362 vid.
486 4306 523 4363 ad
534 4307 576 4376 Π,
590 4305 639 4364 76.
679 4305 795 4365 Deinde
816 4305 931 4380 reliqua
953 4304 995 4362 eie
1007 4303 1086 4362 edidi

93 4389 254 4470 indocte)
286 4402 326 4449 et
348 4391 480 4462 distinxi,
504 4402 537 4450 ut
558 4391 671 4467 pridem
684 4392 846 4450 Lambinus
863 4389 983 4460 iecerat,
1007 4389 1087 4448 eodi-
