3034 5030
318 406 382 470 324
712 423 757 466 nn
780 423 909 468 nmmos
933 422 1004 466 sou.

316 593 509 672 voluptatem
542 591 697 670 corporis
730 597 762 654 et
794 590 893 655 maior
926 598 974 654 ost
1003 589 1098 653 animi
1125 591 1269 670 voluptas
1303 611 1398 673 quam

316 693 470 774 corporis;
504 693 547 757 ita
580 691 628 770 fit,
661 696 696 755 ut
728 693 904 773 gratulator
931 692 1041 756 laetior
1073 693 1114 755 sit
1146 711 1240 772 quam
1272 695 1315 772 ie,
1350 697 1397 759 cui

315 795 516 878 gratulatur]
560 795 636 871 Sed,
670 794 744 858 dum
778 791 900 858 efficere
930 794 1023 858 vultis
1056 795 1182 858 beatum
1215 795 1398 876 sapientem.

316 917 385 962 cum
408 897 558 961 maximas
580 897 683 960 animo
710 894 888 976 voluptates
922 895 1076 976 percipiat
1098 896 1303 978 omnibusque
1326 919 1398 980 par-

276 1001 400 1067 otibus
433 999 567 1064 maiores
594 1017 688 1079 quam
717 1015 863 1077 corpore,
896 996 971 1078 quid
995 1005 1151 1075 occurrat,
1185 1017 1245 1063 nou
1274 1000 1398 1064 videtis.

384 1176 406 1218 Β.
426 1169 506 1232 quin*
548 1175 570 1217 ³.
587 1167 720 1234 protulelur
742 1167 851 1226 (PlCOr.
893 1172 915 1216 5.
938 1166 1046 1234 [maore
1065 1167 1140 1235 nuh]
1178 1186 1325 1234 corpore-
1347 1188 1398 1219 rnn-

315 1237 375 1288 s'orcs
394 1255 465 1302 quum
483 1237 588 1301 corporis
607 1252 654 1287 om.
674 1237 701 1284 M
756 1235 821 1299 quod
836 1244 948 1290 oceanas
965 1235 987 1283 E

315 1395 357 1452 sic
380 1395 558 1470 interpolata
580 1393 703 1450 habent:
732 1395 781 1466 qui
799 1402 912 1468 propter
935 1413 974 1448 me
995 1393 1102 1466 aliquid
1121 1395 1254 1466 pandent,
1276 1397 1398 1466 pandent

315 1483 411 1548 aulum,
435 1483 461 1536 si
481 1481 604 1554 voluptas
626 1481 717 1548 unieiu',
740 1488 769 1534 ut
791 1480 888 1540 druos,
910 1480 996 1534 orium
1018 1471 1088 1557 oet.)

401 1567 498 1621 Aeliam
525 1567 648 1638 voluptas
672 1597 712 1606 —
732 1557 901 1638 protelatur)
930 1561 1014 1620 Haec
1040 1563 1133 1618 verbe
1162 1581 1218 1620 uon
1248 1563 1398 1621 immerito

315 1650 434 1708 Bremio
457 1644 521 1730 (qui
544 1659 643 1705 tamen
659 1648 748 1705 etiam
761 1647 928 1722 superiora:
951 1658 981 1704 ut
991 1651 1014 1704 is
1026 1681 1067 1688 —
1077 1650 1196 1722 pandent
1212 1649 1397 1720 damnabat).

315 1735 480 1793 Matthiaeo
502 1734 775 1808 recentioribusque
798 1733 961 1790 editoribus
984 1733 1085 1808 spuria
1106 1734 1172 1791 visa
1194 1743 1277 1802 sunt3
1302 1733 1398 1791 Gzins
1440 1795 1447 1809 ,

316 1829 345 1878 et
367 1820 439 1880 Otto
462 1820 651 1877 sustulerunt.
696 1819 780 1876 Nihil
808 1819 885 1874 enim
908 1818 1060 1874 continent
1082 1818 1138 1875 nisi
1167 1819 1398 1894 explicationem

314 1906 378 1963 ciue
401 1904 616 1974 similitudinis,
640 1923 698 1978 que
721 1903 825 1962 Cicero
848 1921 919 1961 usus
930 1912 985 1973 est,
1008 1903 1137 1960 animum
1157 1913 1398 1980 proptercorpus

315 1991 490 2068 gaudentem
514 2009 580 2046 cum
602 1989 720 2046 homine
742 1997 864 2065 propter
886 1989 1012 2046 alterum
1034 1989 1070 2046 de
1088 1989 1188 2063 alique
1206 1990 1398 2064 regaudente

316 2094 501 2152 comparans,
524 2076 556 2132 in
579 2075 742 2151 syllogismi
763 2074 888 2132 fonnem
907 2074 1009 2150 putide
1033 2074 1075 2130 ita
1096 2074 1255 2142 redactam,
1278 2083 1311 2131 ut
1333 2077 1398 2131 ani-

316 2179 381 2218 mus
403 2161 569 2236 gratulator
590 2161 641 2216 nat
664 2160 840 2235 corporique
862 2158 1041 2235 gratuletur;
1065 2178 1158 2232 eaque
1175 2160 1337 2234 explicatio
1361 2179 1398 2216 ne

240 2263 246 2284 ‘
315 2245 503 2321 coniungitur
525 2245 642 2320 quidem
666 2263 731 2302 cum
754 2245 869 2319 reliqua
891 2244 1038 2314 oratione3
1062 2244 1276 2302 debebetenim
1290 2245 1397 2302 saltem

316 2331 389 2387 dici:
422 2331 515 2386 Avarici
540 2333 623 2386 enim
653 2333 776 2404 voluptas
799 2340 853 2386 oct.
898 2329 1025 2387 Accedit
1047 2329 1222 2386 vocabulum
1243 2333 1400 2403 gratulator

316 2415 394 2491 apud
417 2415 563 2472 neminem
586 2415 675 2472 alium
706 2415 880 2490 scriptorem
901 2415 1040 2472 Latinum
1062 2414 1208 2490 positum,
1237 2415 1321 2472 cuius
1344 2417 1399 2472 lin·

316 2501 404 2577 gendi
427 2500 508 2557 nulls
530 2501 648 2558 omnino
671 2500 719 2557 hic
740 2500 901 2558 necessitas
923 2509 995 2556 erat.
1029 2501 1105 2557 Tum
1129 2508 1289 2576 perpetuus
1312 2501 1399 2560 Cice-

317 2587 398 2644 ronis
421 2605 491 2642 usus
514 2586 699 2661 postulabat,
734 2593 768 2642 ut
788 2588 873 2641 urrinni
892 2587 1017 2660 voluptas
1039 2585 1201 2654 diceretur;
1235 2586 1287 2642 sed
1309 2591 1401 2643 anirno

318 2690 431 2728 summo
455 2671 588 2728 codicum
612 2688 756 2727 consensu
779 2670 968 2727 confirmatur
991 2667 1065 2749 (ing.
1090 2671 1185 2742 Crat,
1209 2670 1301 2740 Pell,
1332 2670 1400 2749 [Β]

318 2755 559 2826 Davisianorum
583 2755 672 2824 Oxx„
696 2754 877 2813 Gaianorum
895 2754 1055 2831 omnium);
1077 2759 1209 2812 nnirmex
1226 2757 1271 2812 ed.
1295 2777 1340 2832 pr.
1363 2757 1401 2814 ad

318 2841 521 2899 Manutianam
556 2850 586 2897 ct
619 2849 732 2897 ceteras
759 2849 953 2915 propagatum
984 2851 1029 2897 est
1055 2851 1173 2916 praeter
1196 2841 1401 2898 Davisienam.

321 2929 486 2984 Grawlotur
495 2945 549 3002 pro
564 2928 716 3000 proteletur
733 2925 823 2982 etiam
834 2923 932 3003 [ΑΒ]
945 2925 1029 2981 Parr.
1044 2928 1071 2996 1,
1085 2927 1114 2998 2,
1138 2927 1244 2996 Mead.‚
1258 2927 1304 2984 El.
1332 2930 1359 2996 1,
1373 2945 1399 3002 χ,

319 3012 435 3084 Gaiam,
445 3009 539 3092 [quod
550 3029 627 3068 nunc
638 3010 754 3068 restitui
767 3029 832 3067 cum
845 3007 990 3090 Baitero]⁸
1008 3011 1156 3068 Tenemus
1168 3012 1257 3088 igitur
1268 3013 1324 3068 h.l.
1337 3013 1402 3070 cius

317 3098 434 3174 generis
456 3097 697 3166 additamentum,
721 3096 757 3152 dc
780 3113 838 3168 quo
861 3096 890 3151 in
914 3095 1024 3170 Opusc.
1047 3097 1168 3153 Acadl
1192 3117 1220 3172 p.
1247 3099 1306 3154 148
1337 3097 1403 3155 dixi

317 3193 478 3258 posteaque
501 3181 682 3239 simillimum
706 3181 774 3237 huic
796 3181 964 3256 exemplum
987 3180 1016 3237 in
1040 3182 1072 3238 Il
1094 3184 1185 3258 Legg.
1214 3183 1254 3239 48
1278 3184 1402 3259 coargui

319 3269 443 3344 (Opusc.
459 3269 492 3325 11
509 3287 538 3343 p.
559 3268 641 3338 155),
665 3267 895 3337 annotationem,
919 3285 978 3340 qua
1005 3267 1158 3324 Ciceronis
1180 3267 1325 3324 sententia
1349 3289 1403 3325 cx·

318 3353 446 3429 plicatur
478 3362 507 3410 et
534 3352 620 3409 aliter
648 3350 863 3422 conformetur,
902 3351 996 3426 ipsius
1023 3353 1122 3410 verbis
1149 3353 1310 3409 admixtam
1341 3354 1402 3411 iam

317 3439 347 3494 in
371 3456 406 3494 eo
429 3438 544 3509 codice,
568 3457 605 3494 ex
628 3455 687 3512 quo
714 3456 815 3493 omnes
838 3437 931 3493 nostri
954 3437 1034 3494 ducti
1057 3447 1133 3494 sunt.
1177 3438 1249 3494 Alia
1270 3437 1403 3512 plurium

318 3524 476 3580 verborum
504 3523 718 3592 additamenta,
752 3541 827 3596 quoe
862 3522 921 3580 inm
949 3523 979 3578 in
1008 3541 1043 3580 eo
1071 3522 1204 3591 fuerunt,
1239 3535 1405 3599 arguentur

318 3610 377 3680 ΠΙ,
402 3611 440 3666 22
465 3620 494 3665 et
519 3610 556 3664 35
581 3617 610 3665 et
634 3611 670 3678 V,
696 3609 745 3664 21ss
776 3608 874 3684 (Quae
898 3617 1051 3683 praeterea
1073 3607 1102 3664 in
1126 3607 1172 3666 his
1194 3609 1293 3666 verbis
1305 3607 1403 3668 Gzius

319 3695 517 3770 reprehendit,
540 3705 619 3751 recte
641 3693 776 3771 habent.)

405 3781 577 3854 orrtru'busque
594 3781 722 3855 putidus
744 3777 872 3852 ommes)
896 3778 946 3838 Sic
968 3779 1067 3835 Latini
1090 3779 1260 3852 loquuntur.
1283 3797 1350 3835 cunr
1373 3781 1403 3836 id

320 3867 502 3944 significant,
533 3866 612 3940 quod
635 3864 793 3924 Germanis
823 3875 881 3920 est:
915 3866 1057 3921 uroendlr'clo
1077 3875 1195 3938 praescr.
1239 3865 1294 3920 Est
1321 3866 1403 3922 enim

320 3954 405 4026 quasi
428 3953 562 4009 ultimum
586 3960 615 4007 et
637 3961 801 4007 extremum
830 3950 893 4006 eius
922 3949 1191 4026 multiplicationiS‚
1226 3967 1284 4024 que
1311 3953 1405 4006 ocultis

315 4040 444 4112 portibus
466 4041 552 4094 uanius
575 4036 687 4111 aliquid
710 4035 834 4092 dicimus
857 4035 998 4110 (violarat).
1044 4034 1212 4094 Schellerus
1235 4037 1277 4111 (p.
1303 4035 1405 4111 7459)

320 4132 439 4198 praeter
460 4123 537 4180 hunc
561 4123 658 4180 locum
681 4121 753 4178 citet
774 4119 861 4178 huius
884 4119 982 4195 operis
1004 4122 1042 4191 V,
1068 4121 1117 4190 93,
1142 4120 1193 4176 sed
1208 4121 1303 4176 minus
1321 4133 1405 4178 recte

321 4208 539 4283 interpretatur.
584 4207 673 4264 Addo
696 4207 733 4262 de
755 4207 871 4262 Invent.
894 4207 919 4274 Ι,
941 4207 996 4262 58:
1019 4207 1138 4262 ominibus
1145 4207 1271 4280 portibus
1288 4225 1404 4262 commo·

320 4295 392 4350 dius.
422 4294 533 4350 Eodem
546 4294 633 4350 modo
656 4292 763 4349 dicitur
787 4290 844 4350 Off.
857 4293 915 4360 111,
930 4292 968 4346 35
992 4293 1404 4366 omeripondereprnciorquom

319 4379 425 4452 reliqua
446 4381 542 4434 cornia.
