3054 5064
347 386 411 451 498
719 405 762 449 un
784 403 914 450 sturnus
937 403 1007 449 son.

348 580 433 655 puto.
477 573 582 638 Pauca
603 579 715 647 mutat,
744 572 793 637 vel
820 572 912 654 plura
934 591 1022 650 sane;
1056 581 1089 636 at
1116 591 1184 637 cum
1211 573 1252 636 de
1278 571 1430 652 plurimis

347 677 456 741 eadem
479 675 560 752 dicit
582 679 647 738 turn
669 680 752 738 certe
773 675 812 738 de
834 674 982 738 maximis,
1027 676 1117 752 Quod
1139 675 1220 740 idem
1243 673 1430 739 cumnestri

349 777 472 856 iaciant.
495 797 555 842 non
578 777 654 840 satis
676 794 818 857 magnam
841 777 981 842 tribuunt
1001 775 1213 842 inventoribus
1234 778 1390 858 gratiam.

421 953 439 998 1.
459 957 500 997 out
518 965 568 997 cum
589 949 610 996 Ε
645 963 768 1005 somnes,
788 946 830 997 Or.
865 947 970 1011 pluribus
989 947 1010 998 C
1046 952 1068 996 2.
1087 947 1145 1012 quid
1161 949 1184 995 E
1203 949 1254 997 dem
1272 963 1370 997 omues

350 1143 447 1193 rorum.
471 1121 560 1179 ceteri
582 1121 669 1192 Pali,
693 1120 772 1179 Oxx.
795 1139 896 1179 omnes
909 1123 1113 1196 Epicureorum,
1137 1123 1220 1178 Parr.
1242 1126 1254 1178 1
1276 1133 1307 1178 et-
1322 1121 1343 1177 3
1358 1122 1433 1195 Epi·

347 1219 480 1266 ottreonto.
514 1205 639 1288 [Pangit
665 1206 794 1263 animum
823 1208 1005 1286 Epicurornm
1034 1207 1064 1264 in
1092 1208 1251 1283 archetypo
1279 1208 1429 1282 scriptum

350 1295 452 1370 (etiam
476 1293 506 1350 in
528 1291 568 1370 B)
591 1301 621 1348 et
647 1292 734 1350 simul
757 1294 948 1350 Democritum.
981 1294 1121 1350 Potuitne
1145 1293 1248 1352 Cicero
1276 1293 1430 1350 scribere:

350 1380 471 1454 Epicuro
493 1398 599 1446 erum,
623 1380 649 1433 in
667 1380 717 1454 pb.
740 1397 778 1452 q.,
804 1379 983 1436 Democritum
996 1389 1073 1455 puto,
1096 1379 1329 1455 utsignifiearet.
1356 1375 1430 1450 Epi-

351 1483 452 1521 curum
475 1465 505 1520 in
527 1462 641 1520 familia
663 1463 826 1520 Democriti
849 1465 1024 1520 censendum
1049 1475 1078 1522 st
1101 1483 1186 1540 posse
1209 1483 1227 1520 a
1249 1462 1429 1520 Democrito

349 1549 434 1608 herili
457 1550 519 1606 iure
542 1545 668 1626 asserii]

433 1654 524 1710 poaca
546 1645 639 1706 mutat,
661 1635 703 1691 val
722 1636 804 1708 plura
826 1654 905 1696 satie:
928 1645 956 1691 at
978 1654 1037 1692 sitnm
1060 1637 1093 1692 de
1110 1630 1252 1712 plurimis]
1274 1635 1362 1692 Haec.
1386 1631 1429 1688 sic

352 1715 515 1777 enarranda
537 1729 622 1795 puto:
651 1719 753 1776 Pauca
774 1729 881 1789 mutat,
905 1721 952 1777 vel
976 1721 1000 1777 si
1024 1721 1089 1794 quis
1112 1720 1153 1776 ita
1176 1719 1302 1786 mavult,
1337 1719 1426 1794 plura

351 1825 431 1876 sane,
455 1825 541 1880 quarn
568 1823 642 1880 quaa
665 1822 760 1880 pauca
781 1804 839 1862 diei
861 1806 984 1880 possint.
1016 1806 1052 1862 In
1075 1825 1140 1862 anne
1162 1805 1426 1882 significatarcon·

351 1892 445 1948 cessio
467 1909 526 1948 non
549 1891 738 1966 pertinaciter
759 1891 923 1948 resistentis
946 1891 1034 1967 (uon
1047 1891 1140 1949 Acad.
1157 1887 1239 1968 105).
1273 1892 1321 1949 Ita
1338 1887 1425 1945 dubi·

350 1985 430 2034 tatur
457 1985 585 2044 tantum,
620 1985 730 2050 quanta
757 1975 892 2032 habenda
920 1977 987 2042 sint,
1017 1995 1091 2051 quae
1119 1977 1265 2052 Epicurus
1293 1973 1424 2032 mutarit.

350 2062 414 2120 Alii
437 2063 479 2120 sic
502 2072 653 2118 enarrant:
690 2061 797 2130 „etiam
820 2061 905 2136 plura
927 2072 1033 2132 mutet,
1062 2081 1150 2136 quarn
1178 2063 1235 2118 iam
1265 2059 1422 2118 mutavit&

350 2157 383 2205 ut
404 2148 461 2204 hoc
483 2147 611 2217 dicatur,
646 2146 762 2204 etiamsi
784 2165 842 2202 una
864 2156 894 2203 et
916 2145 1009 2204 attera
1032 2148 1154 2204 mutatio
1177 2147 1349 2214 accesserit,
1380 2143 1423 2198 ni·

350 2233 411 2290 hilo
433 2233 529 2289 minus
552 2232 607 2290 hoe
629 2231 815 2289 iudicandum
838 2231 911 2290 fore.
945 2231 1003 2292 Sed
1015 2243 1219 2308 praeterquam
1243 2233 1331 2307 quod,
1355 2230 1424 2286 data

351 2319 407 2374 hae
429 2317 530 2387 venia,
565 2337 622 2374 non
650 2325 747 2392 potest
775 2336 828 2392 pro
851 2327 931 2374 certo
954 2318 1038 2393 poni,
1074 2337 1140 2375 eum
1168 2319 1203 2374 de
1231 2317 1367 2393 plurimis
1395 2323 1422 2368 et

352 2402 488 2460 maximis
510 2403 611 2460 eadem
635 2403 746 2472 dicere,
769 2422 827 2460 non
852 2412 923 2478 puto
945 2403 975 2460 iu
998 2404 1053 2461 boc
1076 2404 1200 2460 transitu
1223 2423 1241 2460 a
1262 2404 1306 2460 rei
1327 2401 1422 2458 acme

353 2488 549 2545 declaratione
562 2483 673 2568 (mutat)
696 2489 733 2545 sd
756 2489 974 2545 concessionem
986 2485 1203 2546 coniunctivum
1222 2489 1348 2558 modum,
1372 2483 1421 2558 qui

351 2573 508 2648 specialior
530 2583 590 2644 est,
619 2593 657 2630 ex
678 2572 839 2630 indicativo
861 2574 957 2630 audiri
978 2593 1080 2648 posse,
1114 2575 1261 2649 quomodo
1284 2593 1300 2630 e
1323 2573 1422 2630 subse-

352 2658 646 2733 quenticoniunctivo
658 2659 770 2716 eruitur
781 2658 957 2716 indicativus
969 2657 1041 2738 (ΙΙΙ,
1055 2659 1119 2736 21).
1137 2661 1243 2734 Itaque
1250 2661 1326 2716 Dav.
1335 2653 1420 2716 scribi

351 2744 430 2800 vult:
448 2763 541 2819 pauco
552 2755 642 2812 mutet,
665 2747 706 2800 vel
714 2747 796 2819 pluro
808 2764 886 2814 earam
909 2755 940 2801 at
951 2763 1045 2819 pauca
1057 2763 1122 2801 eum
1135 2755 1249 2802 mutare
1261 2743 1421 2801 constabat.

352 2828 429 2888 Gaio
440 2829 551 2904 placet:
570 2849 662 2905 putten
673 2839 774 2896 mutut5
796 2840 876 2886 mutet
887 2833 928 2886 oet
939 2833 1023 2905 plora
1035 2849 1108 2900 sane,
1131 2830 1161 2887 in
1180 2849 1237 2904 qua
1255 2830 1419 2887 coniectura
1508 2836 1509 2843 ’

351 2915 427 2972 male
439 2925 617 2972 concurrunt
628 2918 670 2972 vel
680 2923 710 2971 et
720 2935 794 2985 sane,
812 2923 841 2972 et
853 2915 938 2972 nimis
951 2916 1024 2972 dura
1036 2915 1204 2974 coniunctio
1216 2915 1357 2973 orationis
1369 2922 1419 2968 est.
1508 2969 1509 2996 ἢ

352 3001 397 3056 De
415 3003 541 3075 plurimis
562 3001 728 3058 necessario
756 3019 820 3057 cum
852 3001 1001 3071 Manutio‚
1024 3001 1183 3071 Lambino,
1206 2999 1331 3058 Davisio
1353 2995 1422 3056 seri·
1508 2999 1509 3012 ¹

351 3085 478 3142 bendum
501 3094 571 3142 erat.
616 3086 694 3142 Nam
716 3104 812 3160 neque
834 3105 887 3160 per
909 3105 940 3143 se
962 3085 1053 3143 ullam
1075 3086 1165 3143 habet
1187 3086 1419 3143 sententiamant

352 3170 493 3228 orationis
515 3171 639 3229 Latinae
667 3169 791 3228 formam
814 3174 971 3246 eptammrla
993 3173 1085 3228 eodan
1107 3173 1203 3242 dicere,
1226 3189 1291 3228 cum
1314 3166 1419 3246 signifi-

351 3265 449 3328 eatur,
478 3265 510 3313 nt
532 3255 664 3331 profecto
691 3256 886 3332 significatur,
915 3256 1105 3332 plurimarum
1134 3275 1232 3314 rerum
1259 3253 1423 3320 consensio.

351 3359 446 3416 neque
469 3341 577 3398 vadari
605 3342 635 3399 in
663 3342 719 3398 bac
746 3343 957 3399 contrariorum
987 3342 1191 3400 ooniunotione
1220 3349 1331 3417 potest:
1363 3356 1418 3398 cum

352 3428 385 3484 de
403 3429 544 3500 plurimis,
573 3437 719 3484 tumberto
742 3423 783 3504 (si
805 3419 842 3484 de
866 3428 1000 3502 plurimis
1022 3446 1079 3486 non
1103 3425 1260 3502 concedas)
1283 3429 1317 3484 da
1337 3425 1419 3482 maci·
1508 3467 1509 3493 .

351 3515 410 3568 ntis.
450 3512 564 3569 Habuit
585 3521 683 3569 tamen
706 3512 838 3569 codicum
850 3513 996 3588 scriptura
1018 3511 1187 3570 defensores
1210 3511 1416 3588 Wopkensium
1508 3581 1509 3584 Ἴ

353 3596 461 3671 (Leott.
473 3597 552 3653 Tull.
571 3617 599 3672 p.
619 3597 672 3674 27)
696 3607 725 3654 et
747 3596 864 3667 Gaium,
888 3598 938 3672 qui
961 3619 974 3655 e
991 3601 1118 3673 piurimis
1135 3607 1293 3674 putatesse
1309 3590 1419 3671 „quoad
1508 3623 1509 3636 .

352 3681 509 3756 plurima“,
538 3683 688 3740 ascribens
716 3684 812 3740 locum
842 3692 1012 3758 corruptum
1032 3684 1067 3741 de
1086 3683 1143 3742 Off.
1156 3684 1181 3742 Ι.
1196 3685 1244 3739 51.
1283 3680 1419 3759 (Sanarat
1508 3755 1509 3760 ἵ

356 3767 468 3842 pridem
492 3787 557 3824 eum
581 3769 677 3826 locum
701 3768 843 3827 Gulielmi
867 3770 1043 3835 emendatio,
1066 3789 1153 3843 qrram
1176 3779 1206 3825 et
1228 3767 1373 3825 sententia
1393 3771 1418 3820 et

352 3852 494 3910 orationis
516 3851 612 3910 forma
633 3852 789 3911 manifesto
812 3873 911 3911 veram
934 3873 998 3911 esse
1021 3854 1183 3928 evincunt.)
1217 3853 1295 3912 Oxx.
1318 3855 1418 3927 spbar.
1508 3871 1509 3884 ¹

353 3947 496 4036 annotant
518 3957 534 3994 e
556 3951 610 4012 χψ,
631 3943 704 4014 plur.
727 3959 765 3997 ex
787 3940 825 4004 U.
850 3949 883 3996 ut
903 3941 933 3996 in
946 3935 988 4008 Εξ
1010 3940 1147 3997 mendum
1160 3951 1321 3998 correctum
1333 3936 1418 3994 fuisse

352 4024 522 4176 Vldeailllziod
532 4111 613 4182 idem)
636 4108 686 4168 Sic
697 4109 852 4166 Ernestius
863 4108 988 4168 fortasse
1001 4129 1070 4167 casu
1083 4104 1141 4188 (ξ);
1154 4109 1247 4169 Gaius
1259 4103 1417 4165 confirmari

352 4192 394 4250 ait
415 4212 434 4249 a
456 4192 534 4252 Gud.
559 4195 587 4264 2,
610 4195 690 4262 Bas,
714 4195 804 4263 Mon,
830 4195 993 4270 „editisque
1016 4196 1166 4253 veteribus
1187 4191 1420 4269 praetereamul·

351 4278 419 4334 tia“.
465 4279 511 4336 De
533 4279 711 4338 editionibus
732 4280 882 4337 veteribus
905 4292 991 4338 errat.
1015 4279 1056 4358 [B
1079 4289 1112 4337 ut
1133 4279 1210 4358 Eri]
1245 4278 1306 4339 Cir.
1328 4277 1421 4337 Gern·

350 4363 460 4421 hardus
483 4372 513 4420 et
533 4365 670 4423 Klotzius
692 4365 729 4422 ad
753 4366 833 4423 Lael.
859 4368 906 4434 14,
926 4367 1062 4424 Handiua
1079 4368 1166 4424 Tura.
1182 4366 1232 4424 111
1249 4385 1277 4441 p.
1291 4365 1361 4421 521.
