2948 5024
279 441 309 486 rr
331 441 410 486 usn.
433 440 495 486 nm.
520 441 541 486 v
563 441 637 487 cnr.
660 444 702 488 aa.
957 425 1017 488 717

58 611 83 674 in
99 609 221 691 repulia
236 615 336 690 atquae
357 628 415 690 per
437 609 498 674 vim
520 607 656 674 oblatum
678 615 822 692 stuprum
844 611 1021 676 voluntaria

54 721 127 776 morte
141 711 217 788 lueret,
232 711 326 776 inveda
347 718 404 788 est,
426 711 532 794 etqui
554 710 649 775 liliam
671 711 867 792 interficeret,
892 732 931 778 ne
953 720 1019 778 stu-

47 823 167 895 praretur;
191 831 247 895 quae
264 813 368 894 qudem
396 813 499 878 omnia
528 820 560 877 et
585 813 820 879 innumerabilia
847 823 1020 896 praeterea

44 917 98 997 quia
119 923 164 995 est,
188 915 242 997 quin
258 914 411 996 collega,
444 921 476 980 et
503 934 571 994 eoa,
604 916 656 997 qui
689 915 831 996 fecerint,
861 917 1021 1000 dignitatis

80 1125 96 1173 1.
110 1119 195 1170 houm
208 1129 278 1184 amoc
291 1135 372 1169 omnes
404 1120 469 1184 priam
487 1121 544 1184 (pro
560 1137 605 1184 per
621 1119 677 1184 uim)
698 1121 715 1169 E
752 1127 774 1171 2.
794 1120 1020 1185 iuerficeretfiliom

30 1189 136 1306 ξῐξΰῗθτ,
177 1194 196 1238 t.
210 1205 231 1238 oe
245 1195 286 1254 (pro
299 1189 403 1252 ouoelE
474 1196 496 1238 4.
516 1189 558 1252 oui
574 1190 596 1238 E
614 1189 717 1253 quinon
735 1199 803 1246 cett,
822 1191 866 1244 Or.
922 1193 1022 1251 fecerant

93 1426 113 1472 et
129 1434 184 1489 quoe
196 1434 238 1490 por
254 1415 307 1487 clm)
329 1415 393 1474 Iam
416 1414 446 1472 in
470 1415 569 1472 codice
592 1415 754 1491 archetypo
776 1435 882 1474 nomen
893 1415 1021 1473 feminae

53 1502 140 1558 Pisone
158 1500 317 1576 significatae,
352 1501 399 1557 cui
427 1519 463 1556 ne
491 1501 647 1557 verborum
676 1500 794 1576 quidem
824 1501 897 1559 ordo
924 1501 1021 1559 locum

30 1587 91 1643 llum
110 1586 235 1660 relinquit,
254 1586 373 1643 additum
391 1595 468 1654 erat3
492 1605 559 1642 nam
577 1587 707 1643 Lucretio
728 1599 839 1662 atquae
862 1587 940 1663 Spir.
957 1583 1021 1667 [Β]

30 1693 77 1728 urx.
97 1689 188 1742 ornnes,
207 1671 331 1729 editiones
352 1681 421 1728 aute
432 1672 511 1729 Vict.
523 1672 654 1742 etMan.,
677 1690 721 1740 ac,
743 1673 774 1729 ni
785 1672 883 1742 fallor,
907 1673 1022 1730 codices

31 1777 103 1825 nnes;
123 1757 189 1832 quod
207 1757 272 1814 enim
292 1756 382 1816 Gaius
404 1757 558 1833 significat,
581 1756 612 1814 in
634 1759 739 1815 ceteris
762 1757 940 1816 suisiuiese:
963 1759 1022 1815 Ln-

31 1847 72 1899 uio
91 1862 151 1918 quoe
169 1843 308 1919 (quomodo
330 1843 505 1918 pravitatem
534 1843 681 1900 occultare
704 1853 827 1901 conatur
849 1843 894 1901 ed.
917 1843 1021 1915 Crat),

45 1929 119 1985 valde
139 1928 261 1999 dubitem,
281 1927 349 1986 facit
371 1927 451 1987 Oxx.
479 1939 509 1985 et
537 1947 666 1986 meorum
690 1947 860 1986 consensus.
904 1929 1023 2001 Rapidus

32 2018 101 2070 aoros
121 2023 147 2070 et
159 2017 238 2087 fidum
254 2017 430 2088 interficercte
447 2013 511 2071 solo
523 2014 584 2071 Erl.
602 2012 647 2091 [et
657 2012 699 2092 B]
726 2014 809 2086 dedi,
832 2033 869 2072 ex
892 2015 1022 2072 eiusdem

33 2121 74 2156 em
85 2099 125 2177 [et
139 2097 176 2176 B]
196 2099 340 2176 perspicuo
353 2099 479 2174 vestigio
501 2103 574 2174 quin.
608 2098 701 2158 Gaius
713 2109 800 2156 tacet.
833 2097 883 2181 [In
895 2101 940 2158 ed.
954 2100 1023 2156 min.

33 2197 106 2242 terna
125 2185 241 2242 Bakium
262 2195 374 2242 secutus
397 2188 493 2242 eluceret
514 2185 640 2262 scripsit.
680 2186 784 2260 Neque
806 2197 929 2261 stuprum
950 2186 1023 2242 elui·

30 2319 31 2327 ,
65 2271 112 2328 sed
133 2273 232 2328 mocqu
253 2270 293 2346 (in
317 2271 445 2346 Philipp.
464 2271 537 2342 XII,
559 2273 596 2328 12
615 2291 633 2328 a
650 2273 910 2346 conquinaverbum
928 2281 1022 2328 trane·

31 2377 56 2412 m
79 2367 121 2413 est
141 2356 224 2414 etiam
246 2357 282 2413 ad
299 2352 555 2437 praedicationem),
589 2375 643 2414 nce
671 2367 765 2415 morte
791 2357 949 2432 quidquam
972 2359 1026 2414 elui

31 2453 65 2499 st.
109 2442 243 2500 Lucretia
269 2442 356 2498 etiam
384 2461 437 2516 per
463 2443 523 2499 vim
551 2442 652 2500 oblato
679 2452 782 2518 stupro
810 2443 852 2500 sic
880 2461 911 2500 se
939 2443 1023 2517 quasi

30 2528 182 2584 celeratam
204 2529 327 2604 putarit,
350 2538 383 2584 ut
405 2537 499 2584 morte
521 2528 658 2585 luendum
682 2529 830 2604 piaculum
854 2525 955 2606 esset]

37 2623 63 2670 et
83 2633 134 2684 eos,
158 2617 207 2688 qui
220 2617 336 2686 jecerim
347 2648 389 2655 --
400 2609 514 2693 nosque)
537 2612 641 2672 Cicero
653 2622 721 2689 post
731 2614 931 2671 accusativum
943 2613 1028 2670 initio

30 2719 76 2756 nm
101 2700 317 2775 (praeconialem
340 2694 440 2779 cronio)
463 2699 505 2756 ric
527 2699 652 2756 subiecti
675 2699 705 2756 in
727 2700 786 2758 duo
803 2718 912 2776 genera
923 2699 1026 2756 tributi

31 2805 47 2840 s
70 2818 112 2825 —
135 2785 252 2859 nosque)
281 2785 410 2862 priorem
439 2795 553 2859 partem
580 2785 693 2860 posuit,
728 2794 761 2842 ut
794 2795 930 2861 putamus
959 2785 1027 2841 huic

30 2879 72 2926 :lo
96 2870 273 2927 adiunctum
304 2871 341 2928 iri
363 2870 507 2928 eiusmodi
534 2871 672 2941 verbum,
706 2890 724 2926 a
754 2890 812 2945 quo
840 2870 1027 2928 accusativus

30 2957 141 3012 endere
164 2956 267 3031 possit
290 2953 387 3035 (velut
409 2955 464 3012 hac
486 2955 614 3013 ratione:
637 2967 662 3014 ct
682 2976 735 3024 cos,
758 2960 807 3030 qui
821 2959 947 3030 feceriut,
970 2959 1026 3012 a'oe

30 3061 56 3096 re
80 3043 213 3098 cruditatis
229 3039 362 3120 secuisse).
406 3042 493 3098 Nunc
515 3041 617 3098 durius
639 3041 757 3099 omnino
786 3059 840 3098 neo
869 3041 932 3098 sine
961 3060 1026 3116 per-

30 3127 99 3183 ione
125 3127 237 3201 aliqua
262 3127 409 3184 orationis
431 3127 617 3184 accusativus
640 3127 748 3202 pendet
767 3145 785 3182 a
806 3127 949 3183 relativae
961 3145 1027 3183 sen·

55 3213 168 3282 verb0,
192 3223 385 3289 propterque
408 3231 472 3268 earn
484 3229 602 3269 causam
613 3211 644 3268 iu
656 3212 750 3269 altero
762 3213 892 3270 membro
909 3212 1029 3269 additur

30 3297 165 3374 flemus),
192 3299 283 3373 quod
308 3298 395 3355 aliter
417 3298 521 3355 melius
544 3299 669 3354 abesset
704 3297 781 3354 Illud
804 3296 920 3371 quidem
935 3297 1028 3353 mani-

44 3394 112 3453 est,
153 3384 209 3440 hic
246 3383 282 3441 in
314 3384 438 3440 duarum
460 3383 586 3458 partium
610 3383 760 3441 notatione
783 3392 813 3440 et
840 3381 1028 3440 distinctione

30 3470 77 3526 lae
110 3479 140 3525 et
166 3469 278 3526 subici
305 3489 371 3543 que,
406 3479 438 3526 ut
466 3469 551 3526 huius
585 3469 642 3526 loci
670 3469 746 3526 ratio
773 3468 910 3526 habenda
937 3467 1028 3526 fuerit

60 3555 123 3629 qui
150 3555 256 3612 Turs.
270 3555 311 3613 H
322 3575 350 3631 p.
364 3556 423 3612 527
440 3573 483 3630 sq.
505 3555 561 3612 hoc
584 3555 703 3611 omniuo
715 3573 734 3610 a
748 3553 891 3614 Cicerone
914 3553 1028 3611 abiudi-

30 3641 153 3698 lblitus
180 3651 237 3698 est
264 3641 361 3698 etiarn
384 3641 457 3710 eius,
480 3641 559 3714 quod
581 3640 597 3696 I
619 3641 657 3696 ad
679 3641 761 3697 Fam.
785 3641 803 3697 5
822 3641 850 3701 b.
873 3643 885 3697 l
906 3639 1029 3716 legitur:

32 3747 88 3782 am
111 3727 294 3802 Pompeius
320 3737 350 3784 et
377 3728 469 3802 optcd
491 3729 655 3801 populum
677 3747 702 3782 o.
727 3728 753 3782 d.
775 3727 850 3782 VIII
867 3727 912 3782 Id.
935 3726 1028 3790 Febr,

42 3815 173 3868 ,lsilone
200 3813 333 3880 diceret,
355 3815 471 3870 cloowre
487 3814 654 3886 consuetoque
675 3815 791 3868 luctatus
813 3821 852 3868 cst
873 3814 885 3866 i
889 3832 907 3867 n
929 3830 1028 3867 scao-

61 3899 193 3954 C'atone
220 3917 337 3973 aspere
358 3908 382 3954 et
404 3899 498 3954 acerbe
520 3895 680 3975 m'miom(?)
702 3917 798 3971 unoquo
820 3899 1029 3954 silentioestoc·

30 3987 121 4040 >nicus
150 3993 204 4040 est
233 3993 307 4041 cet.
341 3983 428 4041 Alios
451 3993 548 4040 autern
571 3983 652 4039 locos
675 4001 734 4039 non
755 3991 835 4040 recte
863 3981 1028 4043 enarravit:

34 4069 111 4125 cul.
142 4069 177 4140 1,
211 4071 237 4128 4
269 4069 389 4126 nemini
411 4068 616 4144 persuadebit,
654 4072 736 4141 iqitar
768 4079 793 4124 et
822 4068 1029 4142 Epaminondas

31 4157 143 4211 etr'am
161 4155 227 4212 vel
243 4157 331 4212 adeo
342 4155 560 4230 Epaminondas,
583 4171 618 4210 ac
629 4172 688 4210 non
700 4154 730 4210 in
742 4153 888 4229 particula
898 4163 923 4209 et
940 4153 1030 4228 signi·

63 4241 245 4298 alterum
278 4240 496 4298 Themistoclis
518 4239 694 4315 exemplum.
738 4239 785 4296 Ne
807 4238 880 4296 illud
902 4238 1030 4313 quidem,

34 4337 99 4382 tur
129 4345 210 4401 pro
243 4327 351 4384 Rosc.
365 4328 434 4383 Am.
447 4327 487 4384 48
511 4325 549 4402 (et
570 4329 624 4401 ipsi
644 4329 744 4382 iot-enai
758 4335 820 4382 saort
836 4326 934 4394 studio,
958 4326 1032 4398 quod

47 4413 252 4470 colendum
282 4415 392 4483 attonat,
416 4415 550 4487 vitamque
572 4413 641 4468 douc
663 4415 791 4468 curucam
814 4442 855 4452 -·
878 4411 1030 4467 homaeusi-
