2928 5012
349 412 437 476 XLII
795 426 990 474 unissime.

349 617 417 664 rum
440 600 579 664 codicum
600 603 678 675 erat,
699 597 732 662 id
753 607 810 676 est,
832 597 864 661 in
887 595 1073 662 editionibus
1084 595 1226 660 Lambini
1238 601 1270 658 et
1279 593 1431 659 Bentleii

348 708 429 772 Nam
457 706 710 790 Logomarsinius
742 705 841 787 magis
874 703 1006 769 mirabili
1039 721 1133 784 quom
1165 705 1232 768 utili
1262 703 1433 788 diligentia

349 835 494 896 magnum
517 833 677 879 numerum
704 813 858 878 editorum
885 813 1095 892 exemplorum
1122 812 1295 877 contulerat
1325 815 1434 896 scrip·

347 929 499 1005 turasque
521 931 731 1004 excerpserat;
746 922 773 1002 Ι)
807 939 864 986 eae
884 939 943 1002 pro
965 921 1104 985 codicum
1126 921 1290 1001 scripturis
1312 940 1432 986 omnes

348 1031 472 1097 habitae
495 1039 582 1110 sunt;
614 1031 720 1112 itaque
747 1049 827 1112 quae
848 1029 1025 1095 coniectura
1051 1030 1091 1095 ab
1118 1030 1259 1095 omuibus
1279 1029 1348 1095 iere
1374 1049 1432 1094 re-

348 1147 439 1221 cepta
461 1145 538 1220 erat,
559 1139 667 1221 viginti
689 1139 738 1203 hic
759 1145 856 1202 testes
878 1138 1019 1217 habebat,
1042 1156 1123 1218 quac
1144 1139 1309 1216 aduobus,
1332 1141 1431 1208 duos.

434 1250 453 1330 ξ
475 1249 504 1313 5.
537 1248 584 1310 Ex
606 1247 696 1329 copia
716 1246 822 1311 variae
844 1247 1019 1326 scripturae
1040 1247 1080 1311 ab
1102 1247 1171 1312 aliis
1182 1257 1350 1314 annotatae
1362 1270 1430 1334 ego

348 1357 491 1440 primum,
514 1355 666 1438 quidquid
687 1360 756 1419 erat
777 1373 795 1419 e
815 1353 952 1419 melioris
974 1353 1108 1421 familiae
1137 1357 1292 1422 codicibus
1315 1360 1431 1439 prola-

348 1471 423 1544 tum,
444 1465 478 1530 id
499 1483 590 1530 omue
611 1464 643 1527 in
665 1463 742 1528 meis
765 1462 992 1528 commentariis
1014 1464 1114 1545 posui,
1137 1483 1176 1528 ne
1193 1465 1436 1546 quiddetrahc-

348 1579 445 1651 retur,
467 1575 551 1654 quod
573 1590 642 1637 cum
664 1571 848 1653 Erlangensi
875 1573 1071 1636 coniunctum
1099 1573 1261 1642 universae
1288 1575 1435 1643 lanuliae

347 1682 755 1748 testimoniumostenderet
788 1680 965 1746 Deteriores
982 1681 1103 1745 codices
1125 1679 1190 1746 fere
1211 1683 1328 1764 viginti,
1351 1687 1432 1766 qui-

348 1791 415 1870 bus,
438 1797 472 1855 ut
494 1796 613 1854 ceteros
636 1790 789 1868 omittam,
823 1787 993 1867 Gruterus,
1028 1789 1189 1868 DavisiuS,
1217 1792 1431 1874 oxonienses,

349 1899 540 1965 Goerenzius
562 1897 611 1962 usi
633 1902 718 1976 sunt,
742 1897 769 1961 si
790 1897 864 1961 mibi
886 1896 947 1978 ipsi
968 1915 1075 1961 omnes
1097 1897 1191 1962 oblati
1213 1904 1333 1978 essent,
1362 1902 1435 1967 ele-

349 2010 462 2091 gissem
485 2007 613 2071 idoneos
635 2005 766 2087 aliquot,
794 2023 926 2087 quorum
953 2004 1136 2070 varietatem
1163 2007 1253 2088 plene
1274 2027 1432 2090 ponerem

349 2118 391 2182 ad
412 2115 545 2180 familiae
566 2114 773 2179 testimonium
794 2113 910 2194 ubique
931 2112 1055 2178 abunde
1076 2115 1309 2196 declarandum
1344 2129 1437 2186 cete-

265 2221 268 2228 ’
349 2243 401 2289 ros
424 2223 562 2289 eiusdem
584 2222 629 2286 rei
651 2240 746 2288 causa
767 2223 923 2288 interdum
944 2223 1159 2303 appellassem.
1211 2223 1242 2288 Si
1264 2226 1346 2290 mrim
1372 2247 1431 2292 co-

349 2333 452 2398 dicum
474 2331 607 2396 familioe
629 2331 803 2412 descriptae
825 2338 856 2396 et
877 2331 1069 2412 singularum
1091 2339 1189 2396 testes
1210 2332 1313 2397 idonci
1336 2335 1436 2400 adhi-

350 2440 406 2505 biti
422 2447 503 2518 sunt,
525 2441 616 2504 valde
628 2447 743 2518 errant,
766 2439 819 2520 qui
840 2439 907 2502 utili
929 2440 1106 2505 accessione
1117 2439 1224 2522 augeri
1241 2441 1438 2523 philologiae

349 2549 455 2629 copias
476 2553 602 2628 putant,
631 2567 700 2613 cum
722 2548 763 2612 ad
780 2546 952 2628 scripturas
974 2549 1079 2613 decem
1101 2549 1239 2613 codicum
1256 2551 1435 2616 recentium

350 2663 382 2722 et
402 2657 659 2737 interpolatorum
679 2655 832 2720 undecimi
860 2656 891 2718 in
913 2655 1023 2720 iisdem
1045 2657 1165 2721 mendis
1193 2675 1303 2722 nomen
1328 2667 1432 2741 atque

349 2785 446 2830 unum
467 2774 499 2829 ct
520 2765 651 2829 alterum
675 2782 787 2828 novum
814 2763 960 2828 mendum
989 2765 1142 2828 adiectum
1170 2765 1220 2828 sit.
1269 2765 1362 2831 Nunc
1386 2769 1436 2834 ita

350 2881 530 2954 comparata
552 2877 620 2937 erat
641 2891 701 2950 res,
723 2879 767 2950 ut,
790 2871 817 2934 si
840 2873 956 2950 omnia,
988 2891 1069 2953 quae
1092 2881 1198 2937 notata
1220 2881 1341 2952 essent,
1370 2895 1435 2956 po-

349 2981 489 3060 suissem,
511 2987 613 3046 tamen
636 2979 749 3044 nullius
780 2979 922 3058 Gruteri,
950 2979 1081 3060 Davisii,
1116 2980 1278 3046 Goerenzii
1310 2984 1435 3050 codicis

348 3089 472 3170 plenam
494 3089 686 3153 collationem
713 3089 849 3154 habituri
876 3087 1039 3167 firemmuS,
1067 3105 1103 3154 oc
1134 3107 1171 3152 ne
1200 3089 1432 3158 oxoniensium

349 3197 482 3279 quidem.
527 3197 647 3262 Deinde
679 3215 749 3260 cum
775 3195 904 3260 infinitis
932 3197 1095 3276 scripturis
1127 3197 1291 3262 dubitandi
1318 3207 1434 3265 notam

348 3306 573 3386 apposuissem,
596 3323 695 3385 aeque
716 3305 832 3369 mudtae
854 3305 966 3369 dubiae
988 3311 1019 3368 et
1030 3323 1128 3384 prave
1139 3313 1283 3370 enotatas
1295 3306 1433 3374 relictae

350 3420 462 3478 essent
507 3415 616 3494 ltaque
638 3413 717 3477 hanc
739 3413 823 3476 tenid
846 3413 1011 3492 rationem,
1033 3421 1082 3492 ut,
1105 3413 1155 3478 ubi
1179 3433 1216 3478 ex
1239 3414 1313 3478 meis
1337 3416 1432 3481 dete-

349 3521 442 3585 rioris
469 3520 602 3586 familiae
630 3529 686 3585 aut
714 3539 883 3586 consensus
910 3527 965 3586 out
993 3521 1155 3586 dissensus
1183 3521 1318 3603 intellegi
1349 3524 1433 3588 satis

350 3647 410 3692 non
432 3639 548 3710 posset,
570 3629 612 3694 ibi
634 3629 764 3694 alionum
785 3629 964 3695 testimonia
974 3630 1170 3708 ascriberem,
1192 3629 1311 3694 autubi
1331 3630 1433 3694 inuti-

349 3737 423 3802 lium
446 3738 692 3802 coniecturarum
714 3743 746 3801 ct
773 3737 973 3802 dubitationis
1001 3756 1063 3801 non
1091 3738 1285 3802 necessariae
1312 3755 1431 3804 causas

349 3847 517 3910 monstrari
539 3845 730 3927 similemque
751 3846 781 3910 in
805 3857 965 3927 posterum
987 3846 1090 3910 lusum
1106 3845 1227 3911 excludi
1249 3846 1324 3910 utile
1337 3847 1431 3912 vide-

350 3961 443 4018 retur.
488 3957 533 4018 Ac
554 3953 597 4018 lui
619 3952 754 4020 fortasse
775 3953 806 4018 in
827 3955 887 4020 hoc
902 3973 1017 4036 genere
1028 3954 1190 4034 copiosior,
1214 3972 1306 4035 quam
1320 3954 1430 4035 debui,

349 4067 433 4126 certe
455 4081 549 4143 quam
571 4062 741 4144 cupiebam,
763 4062 837 4126 dum
859 4069 958 4126 totunn
979 4061 1061 4126 hurrc
1081 4062 1183 4126 locum
1205 4081 1224 4126 a
1246 4060 1434 4129 conbusione

350 4178 382 4234 et
407 4171 545 4236 vanitate
572 4189 708 4252 purgare
734 4189 837 4234 conor.
888 4171 923 4234 In
946 4170 1098 4234 varietate
1131 4169 1304 4250 scripturae
1332 4170 1433 4236 etiam

377 4381 398 4444 ¹)
418 4381 476 4440 Cir.¹
496 4396 560 4445 quae
580 4384 674 4446 Peyron
695 4386 812 4446 exposuit
830 4383 860 4432 ad
880 4391 941 4432 orat.
962 4396 1007 4446 pro
1027 4383 1118 4433 Milone
1138 4397 1160 4446 p.
1181 4382 1239 4434 237.
