3000 5044
310 399 374 464 532
701 416 745 462 nn
767 413 897 462 ruamus
920 414 991 462 non.

310 585 381 668 ipsa
413 585 519 666 genuit
550 585 716 664 hominem,
757 585 812 649 sod
844 583 963 665 accepit
995 602 1015 648 a
1046 589 1159 648 natura
1190 583 1386 664 inchoatum;

311 687 391 752 hanc
423 705 497 768 ergo
529 685 652 752 inurens
690 687 782 753 debet
818 686 992 752 institutum
1028 684 1105 750 illud
1137 685 1227 766 quasi
1259 686 1386 768 signum

311 787 480 853 absolvere.
535 791 585 854 35.
624 788 754 866 Qualem
791 788 887 870 igitur
924 788 1076 854 hominem
1109 791 1223 852 natura
1255 788 1386 854 inchoa-

312 891 376 954 vit?
415 895 447 954 et
480 891 563 972 quod
596 898 646 956 est
675 907 801 970 munus,
846 891 930 972 quod
965 909 1044 972 opus
1076 889 1267 972 sapientiae?
1306 893 1387 974 qnid

272 998 294 1059 5
312 997 368 1071 est,
390 993 473 1073 quod
495 992 534 1056 ab
556 1011 594 1057 ea
615 991 733 1057 absolvi
755 997 787 1057 et
808 991 915 1074 perfici
937 991 1070 1056 debeat?
1114 992 1147 1056 Si
1168 991 1244 1058 nihil
1264 993 1295 1058 in
1320 1012 1386 1076 quo

311 1091 532 1175 perficiendum
560 1100 609 1159 est
635 1100 762 1176 praeter
789 1101 906 1158 motum
932 1093 1046 1175 ingenii
1068 1095 1237 1176 quendam,
1268 1095 1387 1174 idest,

379 1269 402 1314 2.
431 1281 485 1330 erqo
509 1279 557 1316 om.
583 1264 624 1314 LP
641 1264 713 1330 paor
736 1263 757 1315 0
835 1269 859 1316 3.
878 1281 953 1328 quare
970 1263 1041 1330 ipilar
1064 1264 1086 1313 E
1161 1273 1250 1314 naimo
1268 1263 1386 1315 Ῐιοοιὲοα

308 1332 442 1384 necator.
511 1341 534 1382 ⁴.
556 1331 629 1412 [qvod
645 1341 680 1382 est
697 1331 761 1396 qaod
778 1333 809 1383 ob
826 1349 853 1382 eo
871 1333 919 1398 Eh]
985 1339 1009 1386 5.
1027 1341 1049 1382 et
1066 1331 1159 1382 obsoioa'
1174 1333 1195 1384 C
1229 1333 1265 1383 οίο
1282 1333 1346 1383 ordii
1363 1335 1386 1382 E

308 1402 332 1450 in
350 1419 385 1463 eo,
402 1401 467 1467 quod
479 1402 645 1468 perficiendum
665 1400 774 1452 ELCOr.
794 1401 817 1450 in
835 1419 861 1450 eo
879 1401 971 1465 quidem
986 1403 1050 1467 pers.
1068 1401 1134 1464 (PJB

308 1559 432 1616 clinavit
452 1558 557 1618 Cicero
580 1577 598 1615 a
619 1557 780 1634 proposito,
803 1567 837 1616 ut
858 1557 980 1634 plenius·
996 1577 1058 1614 rem
1080 1557 1276 1632 eloqueretur.
1303 1559 1386 1617 Ver·

309 1645 413 1702 borum
436 1645 568 1702 ordinem
590 1645 744 1702 confirmat
765 1643 843 1719 Spir.
866 1640 933 1722 [B].
976 1643 1077 1700 Antea
1098 1653 1175 1700 erat:
1198 1645 1259 1701 licie
1270 1655 1385 1721 estsapr

309 1733 368 1786 aia.
386 1728 488 1802 Gaius,
498 1731 567 1788 Bas.
579 1729 714 1804 sequens,
736 1739 776 1787 eet
787 1729 906 1801 delevit,
929 1737 1038 1804 puncto
1049 1736 1118 1804 post
1126 1730 1262 1788 ubsolam
1272 1731 1385 1806 posito,

308 1834 367 1890 quo
378 1815 558 1891 comparatio
570 1816 752 1874 obscuratur.
781 1814 956 1872 Pauloante
978 1833 996 1870 ο
1014 1816 1148 1890 prmcipio
1161 1815 1231 1884 „alii
1243 1815 1384 1873 codicas“

309 1900 435 1972 Davisii,
458 1897 527 1977 Εξχ,
550 1902 676 1972 Monac,
700 1909 729 1957 et
745 1919 782 1957 ex
794 1899 819 1960 0
831 1901 921 1972 Mam,
944 1899 1062 1970 Lamb.;
1084 1919 1102 1956 α
1109 1903 1199 1975 primo
1210 1900 1274 1958 cod.
1286 1899 1385 1959 Gron.

310 1984 380 2065 [B];
392 1986 451 2044 vid.
462 1986 501 2043 ad
510 1986 568 2061 111,
582 1987 630 2042 32.
654 1987 727 2044 Mox
739 1987 808 2043 lonc
819 2005 881 2060 erpo
892 2005 930 2042 ex
940 1985 968 2042 R
979 1984 1069 2056 Orat,
1082 1993 1144 2042 turn
1155 1985 1231 2042 Dav.
1249 1984 1385 2057 exCCC,

310 2069 404 2131 Gaius
415 2072 503 2128 etiam
520 2067 697 2151 sSpir.[B],
721 2073 789 2128 lonc
811 2071 982 2144 rpiturMan.
995 2070 1137 2128 etLamb.
1156 2089 1193 2127 ex
1205 2069 1244 2141 0;
1267 2081 1298 2128 et
1319 2092 1387 2146 erqo

310 2167 340 2214 et
355 2159 437 2231 ἐρίοιο
453 2157 628 2214 omittebant
645 2157 728 2214 codd.
746 2157 832 2226 Pell,
855 2155 944 2228 Oxx,
967 2155 1056 2228 Vict,
1079 2153 1166 2214 Gmt
1210 2157 1286 2214 uum
1311 2157 1387 2235 (35)

308 2261 394 2317 quare
415 2260 468 2318 pro
491 2244 597 2317 qualem
619 2242 707 2299 etiam
730 2241 808 2318 Spir.
831 2237 894 2323 [B].
927 2241 973 2298 Da
996 2259 1086 2298 causa
1106 2242 1265 2318 genmandi
1286 2242 1386 2301 homi·

310 2327 355 2384 nis
378 2346 436 2385 non
459 2327 618 2402 quaeritur,
641 2327 693 2385 sed
716 2327 812 2402 qualis
834 2327 988 2384 inchoatus
1011 2327 1057 2384 sit

396 2412 445 2470 35.
469 2413 503 2470 Si
521 2414 589 2470 nihil
608 2415 636 2470 ia
658 2432 710 2488 quo
728 2415 920 2488 perficiendum
941 2409 993 2491 eat)
1015 2413 1051 2470 In
1068 2411 1201 2470 codicum
1214 2421 1386 2472 nostrorum

309 2496 442 2574 principe
464 2497 535 2571 fuit,
569 2506 602 2556 ut
629 2499 666 2555 ab
694 2498 823 2573 antiquis
851 2507 881 2554 et
907 2497 1014 2555 iterum
1036 2497 1104 2554 inde
1131 2496 1248 2557 anio
1271 2497 1388 2558 editum

310 2593 368 2640 est:
401 2587 427 2641 si
451 2585 518 2641 nillil
544 2587 571 2640 in
598 2603 627 2640 eo
649 2585 736 2658 quod3
760 2585 802 2640 sic
824 2584 901 2640 enim
924 2578 989 2662 [B,]
1012 2583 1098 2654 Pell,
1120 2593 1245 2659 excepto
1268 2583 1386 2658 quinto,

310 2668 427 2726 Davisii
448 2668 567 2744 plurimi
595 2677 646 2726 aut
668 2687 785 2740 omnes,
809 2669 888 2728 Oxx.
911 2687 1011 2726 onmes
1033 2665 1078 2746 (hi
1100 2671 1150 2726 aed
1169 2688 1225 2745 pro
1242 2667 1289 2744 si),
1313 2667 1387 2727 Gaii

309 2763 462 2829 quattuor;
496 2754 615 2830 quintus
642 2752 734 2833 (Gud.
761 2753 808 2830 2):
841 2756 908 2812 m'lil
938 2756 1045 2828 quidem
1073 2756 1100 2811 ia
1133 2773 1162 2810 eo
1179 2756 1386 2829 perficiendam

309 2840 367 2897 nisi
378 2839 403 2897 is
415 2839 527 2912 habuit,
540 2841 613 2897 utin
628 2838 710 2918 R(et
720 2858 738 2896 a
750 2840 884 2898 Manutio
897 2838 1113 2917 Lambinoqua)
1124 2839 1271 2912 scribitur,
1284 2841 1389 2899 nescio

310 2925 402 2995 unde,
430 2925 613 3001 ineptissima
634 2925 792 3002 particule3
820 2925 884 2982 Pal.
909 2925 974 2982 iet
995 2924 1059 2982 cod.
1081 2925 1150 2984 Urs.
1177 2928 1203 2981 si
1218 2927 1285 2982 nitu
1304 2929 1331 2982 ia
1357 2946 1389 2984 eo

305 3012 506 3086 perficiendum,
529 3012 607 3085 quod
630 3011 770 3088 Davisius
791 3011 893 3068 tenuit
936 3010 1001 3067 Iam
1028 3009 1102 3066 illud
1119 3009 1305 3068 manifestum
1326 3021 1388 3079 est,

310 3115 404 3171 noque
426 3096 457 3153 in
478 3096 645 3154 huiusmodi
674 3097 819 3154 sententia
847 3095 1056 3153 condicionali:
1090 3099 1116 3152 ai
1142 3096 1210 3152 raiha'l
1234 3099 1261 3152 ia
1287 3115 1317 3152 eo
1345 3108 1390 3154 est

311 3181 407 3238 omitti
429 3182 551 3239 verbum
573 3201 677 3257 posse,
712 3182 768 3239 nisi
799 3200 864 3238 curn
887 3200 902 3236 e
925 3181 1077 3256 superiore
1099 3181 1188 3238 simili
1211 3180 1389 3240 condicione

310 3267 455 3339 audiatur,
479 3276 510 3324 et
530 3285 649 3343 gravem
673 3267 878 3324 soloecismum
901 3266 1018 3324 esseio
1040 3266 1255 3346 hacoratione:
1277 3271 1302 3323 si
1317 3269 1390 3325 natu

310 3355 337 3409 iu
359 3373 388 3410 eo
410 3364 457 3424 est,
480 3355 555 3427 qaod
571 3355 762 3428 perfim'ordam
784 3363 823 3410 est
846 3352 913 3429 (pro
935 3350 992 3429 sit).
1038 3349 1097 3411 Sed
1118 3351 1239 3428 gravius
1261 3360 1388 3410 estsan-

310 3438 419 3496 tentiae
441 3438 555 3510 vitium,
578 3438 727 3513 quodille,
750 3457 837 3513 quem
849 3437 989 3495 Davisius
1001 3437 1142 3511 sequitur,
1165 3447 1312 3494 corrector
1323 3455 1388 3495 non

311 3522 393 3580 vidit.
425 3524 503 3581 Nam
525 3527 553 3580 in
575 3543 603 3580 eo
625 3527 718 3580 estin
741 3525 850 3581 kovririe.
883 3522 987 3598 Atqui,
1009 3531 1213 3598 praeterquam
1237 3522 1315 3596 quod
1331 3541 1389 3580 ne·

311 3609 439 3666 cessario
461 3608 545 3683 sequi
568 3609 706 3666 debebat:
740 3628 844 3667 necesse
864 3619 904 3666 eat
926 3612 956 3665 ei
976 3605 1085 3686 (neque
1108 3607 1185 3664 enim
1212 3607 1388 3667 ullomodo

310 3694 491 3770 pronomini,
520 3695 598 3768 quod
621 3703 666 3751 est
687 3697 719 3764 ia,
742 3694 785 3752 sic
807 3696 867 3752 laic
889 3693 1046 3769 superaddi
1063 3691 1184 3771 potest),
1207 3691 1390 3751 manifesu's·

310 3780 416 3838 simum
439 3789 483 3837 est
505 3797 543 3836 ex
565 3780 610 3836 his
622 3780 735 3837 verbis:
759 3799 846 3837 nunc
867 3781 906 3836 de
928 3779 1075 3836 hominia
1096 3798 1197 3836 summo
1220 3779 1284 3835 bono
1300 3798 1389 3853 quae-

309 3867 394 3936 ritur,
429 3865 581 3941 superiora
608 3884 666 3923 non
695 3865 731 3922 de
758 3865 876 3922 homine
903 3865 1000 3941 posita
1027 3883 1105 3936 asse,
1137 3863 1188 3920 sed
1210 3863 1388 3922 Ciceronem

312 3949 507 4008 conclusionis
530 3968 618 4008 causa
634 3950 754 4020 dixisse,
778 3951 848 4025 qnid
870 3950 897 4008 ei
914 3950 1047 4006 ultimum
1070 3947 1200 4006 futurum
1223 3956 1309 4018 asset,
1332 3950 1390 4023 qui

310 4055 379 4106 non,
402 4044 436 4092 ut
457 4035 554 4108 home,
577 4055 615 4092 ex
636 4035 734 4093 animo
757 4047 787 4093 et
808 4053 940 4111 corpore,
963 4035 1014 4092 sed
1037 4053 1075 4091 ex
1097 4034 1191 4092 altera
1212 4043 1278 4090 utra
1299 4045 1389 4109 parte

311 4129 473 4178 constaret:
507 4124 531 4178 ai
550 4121 617 4178 nillil
637 4124 665 4178 ia
686 4140 752 4195 quo,
776 4121 815 4188 id,
828 4131 882 4193 ast,
905 4123 932 4177 in
953 4123 1065 4177 animoli
1084 4122 1175 4194 aliquo
1191 4121 1390 4195 perficiendmn

311 4216 360 4276 eal,
380 4206 484 4264 deinde
506 4206 544 4263 ad
555 4206 702 4264 hominem
719 4206 853 4264 mansire.
882 4205 987 4266 Scriba
1005 4224 1062 4262 non
1074 4205 1230 4276 intellexit,
1252 4224 1389 4281 quopro-

312 4310 417 4348 nomen
434 4292 616 4349 indefinitum
634 4309 707 4360 esse,
731 4301 761 4349 et
773 4292 910 4362 mutavit3
928 4289 980 4348 cfr.
992 4291 1030 4347 ad
1045 4292 1102 4362 111,
1113 4292 1163 4358 70.
1195 4291 1260 4348 Iam
1271 4301 1389 4350 rectum

312 4385 358 4432 cst
380 4378 440 4434 huic
462 4374 548 4453 (toli).
582 4375 719 4456 [Poterat
740 4377 828 4434 etiam
851 4396 888 4434 ex
910 4381 937 4433 in
959 4397 988 4434 eo
1010 4379 1083 4451 quod
1104 4377 1167 4434 fieri
1190 4379 1221 4432 in
1243 4373 1389 4458 aliquo]
