2998 5020
418 415 460 460 er
484 415 564 460 mnu.
588 415 649 462 um.
674 417 695 462 v
718 417 790 462 (mr.
812 421 833 462 ι.
1109 403 1172 468 609

94 601 190 663 quem
211 601 267 648 vos
290 591 324 647 ut
345 583 484 674 deditum
499 583 634 666 Epicuro
656 585 801 650 insectari
825 586 939 665 soletis,
963 605 1031 652 sum
1042 589 1172 654 multum

94 687 241 767 equidem
263 705 332 751 cum
354 686 506 764 Phaedro,
530 705 621 767 quem
644 687 732 752 unice
753 687 858 770 diligo,
880 696 914 753 ut
937 689 1031 767 scitis,
1054 691 1171 772 inEpi·

93 789 165 852 curi
186 788 293 866 hortis,
315 789 497 870 quosmodo
520 789 775 869 praeteribamus,
798 791 862 870 sed,
885 791 1000 856 veteris
1017 793 1172 873 prouerbii

93 891 267 968 admonitu,
290 890 429 955 vivorum
451 890 587 968 memini;
610 909 666 956 nec
688 899 791 956 tamen
802 892 928 972 Epicuri
945 893 1016 958 licet
1027 894 1173 974 oblivisci,

150 1066 173 1110 3.
190 1062 389 1124 praeteriebamus
408 1061 499 1112 ELCR
535 1071 557 1110 4.
579 1061 712 1128 [umntonr'tt'
727 1060 776 1128 Eh]
815 1072 941 1112 vestrorum
962 1066 1015 1128 (pro
1025 1064 1136 1113 uiroruml
1152 1065 1172 1114 L

92 1139 225 1180 nectcmen
238 1130 362 1178 -labent
379 1130 477 1179 Nonius
496 1147 518 1194 p.
540 1135 571 1178 70
606 1129 735 1195 Epicurum
754 1131 819 1180 Non.
839 1131 890 1189 tulii
909 1133 982 1180 codd.
1002 1131 1154 1196 Epicureumt

92 1305 245 1379 quomodo
273 1323 378 1362 vocum
407 1304 634 1380 significationes
662 1305 848 1362 inflectantur
877 1315 905 1362 et
933 1305 1171 1380 detorqueantur,

93 1391 188 1460 ridet,
211 1390 338 1465 plurime
360 1409 450 1466 prere
473 1391 692 1466 interpretatur,
716 1391 821 1462 multa,
856 1409 931 1465 quae
959 1392 1120 1449 rectissime
1144 1403 1171 1449 et

91 1476 245 1550 frequenti
268 1476 403 1552 exemplo
426 1476 535 1551 scripta
558 1485 635 1546 sunt,
659 1495 717 1533 non
738 1476 893 1552 intellegit,
917 1495 951 1532 ea
973 1486 1070 1535 autem
1092 1486 1173 1536 tenta

94 1561 265 1618 temeritate
293 1579 327 1618 ae
355 1561 474 1618 lieentia
503 1570 611 1630 mutat,
645 1569 677 1618 ut
705 1580 763 1617 nou
791 1562 842 1618 uui
865 1571 895 1618 et
916 1561 1002 1618 alteri
1025 1563 1090 1619 loco
1112 1563 1172 1619 rim

90 1647 186 1705 faeiat
210 1645 305 1724 (velut
327 1647 379 1709 illi,
403 1665 489 1720 quem
512 1665 548 1702 ex
572 1655 645 1704 oret.
669 1665 722 1721 pro
745 1647 869 1703 Murena
892 1645 1001 1725 posui).
1026 1648 1076 1704 sed
1096 1657 1173 1706 totos

92 1733 216 1790 ordines
240 1733 379 1793 locorum.
403 1733 453 1807 qui
476 1751 529 1790 sua
551 1731 742 1788 similitudine
765 1741 794 1788 et
811 1733 994 1789 auctoritatis
1007 1734 1173 1790 constantia

90 1817 256 1875 firmissimi
269 1827 345 1888 sunt,
359 1827 485 1886 evertam
507 1827 540 1874 ut
551 1818 587 1874 de
599 1817 668 1874 Dir.
680 1818 778 1886 11‚47,
791 1819 876 1874 Verr.
887 1818 913 1888 Ι,
936 1819 1004 1888 142,
1016 1819 1046 1874 in
1057 1818 1119 1876 Pis.
1134 1820 1170 1876 19

91 1903 210 1961 mavult
232 1905 329 1960 seilicet
351 1904 445 1960 eicere
458 1921 554 1978 quam.
578 1903 694 1960 sublata
716 1903 916 1978 interrogandi
939 1911 1016 1960 nota.
1040 1922 1105 1960 eum
1128 1903 1172 1960 af-

90 1989 263 2048 firmatione
276 1999 305 2046 et
317 1989 423 2046 acerbo
444 1989 580 2046 irrisione
597 1989 640 2044 rei
652 2007 808 2064 perversae
826 1997 853 2044 ct
866 1986 958 2046 falsae
970 1989 1072 2045 eodem
1085 1989 1172 2046 modo

90 2075 226 2152 positum
250 2074 434 2150 intellegere,
463 2093 521 2148 quo
543 2074 590 2130 hic
613 2073 734 2144 11‚102
759 2073 822 2150 (ulti
851 2073 946 2149 ipsum
968 2073 1056 2130 illud:
1084 2085 1108 2130 et
1131 2107 1171 2115 -

89 2163 196 2218 seilicet
217 2159 381 2235 hahemus).
409 2160 445 2238 In
467 2160 560 2217 Aemi.
573 2166 670 2215 eutem
683 2159 724 2227 ΙΙ,
738 2160 776 2215 87
801 2153 942 2240 (Etiamne
964 2160 1012 2216 loc
1033 2161 1172 2233 officinam
1209 2183 1210 2188 ¹

86 2257 181 2322 potes,
204 2265 260 2302 esse
271 2249 391 2320 aliquam
403 2248 464 2315 eine,
489 2265 546 2302 curn
555 2247 701 2319 prudentio
713 2255 737 2300 et
748 2247 855 2302 coneilio
866 2247 973 2314 scilicet,
985 2247 1172 2319 quaefinrem't

91 2365 137 2373 —
162 2327 322 2410 lorninemt)
345 2349 402 2386 uon
415 2331 620 2388 animadvertit
633 2325 787 2408 (fortasse,
810 2330 889 2404 quod
911 2349 1025 2387 comma
1036 2339 1101 2405 post
1122 2335 1170 2387 omn

90 2417 229 2478 Orellius
251 2415 416 2493 omiserat).
445 2425 530 2473 extra
551 2417 644 2491 ipsam
668 2415 925 2492 interrogationem
949 2415 1031 2474 eddi.
1055 2417 1170 2489 qualem

90 2523 163 2560 eam
186 2503 246 2558 vim
269 2502 391 2578 cogitari
415 2502 520 2558 debere
542 2502 729 2577 perspicuum
752 2501 790 2558 sit
813 2501 884 2576 (und
902 2503 1033 2557 autenticit
1058 2521 1130 2558 ntrtss
1144 2522 1171 2557 es·

89 2594 152 2646 eius
175 2592 222 2644 mit
234 2588 360 2645 Einsiclt
380 2597 560 2661 ottspemictete
573 2589 629 2644 urrd
637 2590 806 2662 plumnttesiq
819 2587 969 2643 luridelmle
980 2587 1065 2658 Krost
1087 2585 1171 2662 sein);

90 2674 150 2732 cfr.
174 2674 211 2730 ad
234 2674 316 2730 Fam.
329 2673 402 2734 ΧΠ,
419 2675 466 2738 17,
480 2673 611 2743 axin,
626 2673 675 2741 26,
690 2673 718 2743 2,
742 2671 828 2730 Catil.
840 2672 881 2737 ΙΙ,
899 2673 945 2737 19,
958 2671 994 2728 al.
1035 2671 1169 2749 [Retrac-

90 2759 173 2818 tavit
185 2769 288 2834 postca
300 2759 372 2816 haec
382 2754 652 2837 Stuerenburgius.]
681 2760 781 2832 Atque
794 2758 866 2814 haec
878 2757 1053 2833 significatio
1065 2757 1107 2813 rei
1121 2777 1173 2831 per

89 2867 123 2904 se
149 2845 333 2920 perspicuae,
359 2854 388 2901 ut
412 2845 577 2901 confirmari
589 2843 770 2919 explicarire
782 2862 856 2918 opus
874 2861 930 2900 non
944 2843 991 2912 sit,
1014 2842 1170 2904 interdum,

89 2950 164 2990 curn
188 2939 344 3005 propterea
372 2930 408 2987 ad
437 2930 525 2987 aliam
553 2949 614 2986 rem
643 2930 798 2998 transitur,
832 2928 965 3004 proxime
994 2928 1105 2984 aceedit
1134 2928 1173 2984 ad

89 3018 179 3075 illam
203 3015 381 3072 concedendi
404 3017 463 3072 vim
487 3015 538 3090 (ab
561 3014 662 3071 eadem
686 3014 763 3070 enim
786 3014 877 3088 stirpe
900 3011 991 3086 sunt),
1014 3012 1171 3069 relutlad

89 3105 180 3162 Fam.
200 3103 256 3172 6,1
282 3097 411 3182 (manime
433 3103 530 3158 sm'lr'cet
551 3102 703 3157 consolatur
725 3119 802 3173 spem
825 3131 866 3140 -
888 3101 967 3166 t'otrte
983 3100 1098 3154 seeundo
1117 3101 1172 3154 lor-o

90 3209 134 3245 me
159 3189 313 3244 consolatur
334 3187 413 3261 cet).
437 3187 474 3242 ad
485 3188 550 3243 An.
573 3185 663 3256 XIII,
684 3190 711 3248 Ι,
726 3185 753 3251 2,
777 3183 814 3239 ad
827 3184 918 3256 (ΗΓ.
936 3183 977 3252 ΙΙ,
998 3185 1045 3240 14.
1061 3184 1093 3243 2,
1117 3183 1166 3256 qrri

88 3276 180 3332 locus
203 3291 261 3328 non
285 3281 363 3328 recte
386 3272 604 3347 interpungitur
626 3268 885 3344 necintellegitur3
909 3269 964 3325 hoc
977 3268 1053 3324 enim
1066 3269 1170 3326 Cicero

92 3356 180 3417 dicia
204 3379 232 3414 cr
253 3363 374 3416 metarum
396 3355 666 3432 sollicetmatorttet)
684 3374 784 3430 pueros
796 3357 899 3422 cotidie,
923 3357 1170 3428 srdinspmtnmon,

91 3447 167 3520 quid
189 3445 295 3500 discant
317 3443 408 3521 (quod
432 3441 582 3500 difficilius
604 3440 672 3516 est),
696 3461 776 3515 quam
800 3443 961 3514 saepissime.

183 3532 277 3586 vetem
295 3531 431 3604 prooemii
451 3521 602 3608 arimonitu)
625 3527 715 3602 Apud
730 3526 902 3583 Petronium
926 3545 949 3582 e.
969 3525 1008 3580 43
1032 3532 1060 3580 et
1082 3543 1106 3578 c.
1121 3525 1169 3592 75,

90 3635 183 3690 quem
208 3615 284 3671 Dav.
307 3614 416 3684 laudat,
439 3615 469 3670 in
492 3613 598 3670 animis
620 3631 638 3668 a
659 3631 755 3668 rerum
780 3611 905 3668 tristium
918 3610 1119 3668 recordatione
1143 3617 1169 3665 et

89 3722 105 3759 a
131 3703 218 3758 luctu
241 3701 278 3756 mi
300 3701 477 3758 hilaritatem
500 3698 659 3756 evocandis
681 3698 801 3755 dicitur:
838 3698 958 3754 limorum
970 3697 1170 3752 messuerimus.

91 3786 182 3846 Alibi
206 3786 394 3860 proverbium
417 3803 475 3842 non
487 3785 603 3860 legitur.
627 3783 855 3842 similitudinem
868 3782 995 3856 aliquam
1006 3797 1064 3836 non
1077 3779 1170 3836 maxi-

90 3891 173 3932 mam
202 3871 290 3928 habet
319 3889 384 3928 cum
407 3890 457 3940 eo,
486 3870 564 3944 quod
587 3869 773 3932 dicebantur,
802 3869 851 3942 qni
875 3867 1008 3942 sepulcra
1031 3864 1171 3940 legerent,

91 3957 268 4016 memoriam
292 3957 413 4031 perdere
441 3952 520 4036 (Cet.
543 3956 614 4012 Mai.
638 3953 702 4029 21).
750 3955 799 4010 De
825 3953 960 4010 Phaedro
988 3951 1097 4008 dictum
1127 3959 1172 4006 est

89 4045 129 4102 ed
153 4043 181 4112 Ι,
198 4043 245 4099 16.
288 4043 408 4099 locatur
429 4042 601 4117 Epicureus,
624 4041 687 4115 ipse
710 4039 831 4096 nimium
854 4037 1118 4112 condiscipulorum
1140 4035 1170 4091 in

93 4128 240 4186 memoria
262 4129 395 4204 magistri
407 4127 608 4184 conservanda
631 4126 757 4182 studium
781 4123 1029 4181 leniterirridens.
1057 4123 1170 4180 Auellis.
1212 4131 1216 4142 '

91 4233 184 4289 quem
206 4213 332 4271 formam
355 4213 487 4278 Plautus,
510 4212 673 4282 Lucretius,
697 4211 839 4268 Horatius
850 4209 952 4285 paucis
968 4208 1040 4265 loeis
1052 4216 1173 4282 propter

92 4318 213 4358 versum
237 4309 408 4374 posuerunt,
431 4317 448 4354 a
471 4298 569 4356 Nonio
592 4306 622 4354 et
644 4297 706 4353 cod.
719 4297 794 4353 Mor.
818 4296 947 4352 oblatum
971 4303 1072 4349 eontra
1095 4303 1172 4347 cete-

92 4405 142 4443 ros
166 4385 285 4442 codices
308 4395 335 4442 et
360 4403 442 4441 usum
466 4402 571 4460 prosae
599 4383 741 4440 orationis
769 4381 912 4437 asciscere
940 4379 1015 4436 ratio
1043 4378 1173 4434 vetabat.

934 4495 966 4548 39
