2928 5012
366 385 457 450 XXII
816 405 1011 454 ensnrnmo.

367 573 466 638 cedere
487 592 597 640 causae
619 575 862 656 superscribitur
883 575 964 640 biso
985 574 1104 658 (cadere
1116 593 1218 654 musa,
1241 577 1426 656 quemadm

367 685 442 749 dum
463 683 622 748 Victorius
643 683 765 762 edidit),
787 683 854 762 etl,
868 684 917 764 18,
940 702 1009 749 cum
1031 684 1063 748 in
1086 683 1359 749 codiceVictorius
1376 703 1427 766 re}

367 791 502 874 perisset
521 789 599 854 illud
620 789 764 872 Ερίιιιή,
797 791 902 857 verbis
919 791 1066 872 propriae
1086 791 1197 855 raiaco
1218 792 1427 872 superscript

361 899 536 980 propriata.
580 901 691 982 ltaque
718 919 755 965 ex
782 899 840 965 hoc
862 900 967 966 codice
995 919 1033 965 ea
1054 907 1175 964 tantum
1197 917 1427 964 commemora*

368 1027 449 1091 quae
470 1012 526 1074 ant
554 1009 594 1072 ad
622 1006 867 1073 confirmandum
894 1009 1009 1074 codicis
1036 1008 1239 1090 Erlangensis
1272 1007 1427 1072 altorum·

368 1118 519 1182 bonorum
542 1115 752 1181 testimonium
773 1117 974 1198 pertinebant
994 1123 1050 1181 ant
1070 1117 1131 1181 alio
1153 1117 1246 1181 modo
1269 1117 1427 1198 cognitio]

368 1225 462 1306 digna
472 1224 666 1304 videbantur,
685 1243 754 1289 cum
765 1224 987 1305 praesertimis
1000 1229 1093 1303 esset,
1114 1231 1150 1288 ut
1159 1231 1270 1306 postea
1281 1243 1428 1305 exponar

368 1333 422 1414 qui
444 1331 529 1398 solus
550 1332 751 1416 perexiguum
774 1339 961 1397 momentum
983 1331 1108 1398 faceret

453 1439 613 1524 [Baiterus
641 1447 768 1522 praeter
794 1439 928 1506 Palatini
953 1442 967 1504 l
999 1443 1055 1522 (A)
1077 1441 1260 1506 varietatem
1287 1441 1428 1522 evulgar

368 1549 460 1614 etiarn
482 1548 656 1629 scripturas
678 1549 793 1614 codicis
822 1547 964 1612 Vaticani
985 1569 1014 1614 n.
1035 1551 1126 1628 1525,
1150 1548 1221 1613 olim
1237 1549 1385 1628 Palatini,
1417 1567 1428 1614 e

368 1658 477 1722 eodem
499 1656 622 1720 Prienio
644 1663 789 1722 accurate
810 1663 963 1722 enotatas.
1014 1657 1090 1722 ilius
1114 1655 1242 1736 codicis,
1264 1676 1358 1738 quem
1376 1675 1428 1721 cu

368 1763 494 1830 Baitero
516 1763 543 1828 B
565 1763 699 1846 appello,
720 1763 936 1846 Erlangensis,
965 1765 1126 1830 utstatim
1149 1765 1283 1845 dicetur,
1312 1767 1428 1847 gemel

369 1871 544 1953 scripturae
566 1872 749 1937 varietatem
771 1891 832 1937 non
849 1873 957 1954 putavi
984 1873 1137 1954 integram
1166 1873 1429 1938 transcribendam

369 1981 425 2045 sed
446 1980 477 2044 in
501 1979 592 2058 notis,
618 1980 705 2045 initio
726 1981 861 2061 parcius,
883 1981 996 2046 deinde
1017 1980 1211 2063 frequentius
1233 1981 1274 2047 ad
1291 1981 1356 2045 Eri.
1377 1983 1429 2046 eir

368 2089 556 2153 mentionem
577 2088 689 2168 adieci,
711 2089 743 2153 in
766 2099 879 2170 quarto
902 2097 934 2154 et
955 2089 1064 2172 quinto
1086 2089 1175 2168 libro,
1194 2089 1245 2154 ubi
1266 2089 1420 2155 Palatino

369 2214 521 2272 caremus,
543 2215 643 2278 prope
659 2205 852 2278 perpetuam,
875 2215 1000 2278 semper
1016 2197 1140 2279 quidem
1153 2205 1310 2276 annotato,
1324 2198 1350 2262 si
1369 2200 1429 2279 qui

369 2304 408 2368 ab
431 2322 468 2368 eo
489 2303 533 2368 ita
555 2304 743 2383 dissentiret
765 2311 800 2369 ut
822 2305 871 2370 vel
882 2305 1008 2369 minima
1024 2305 1096 2370 inde
1107 2306 1243 2387 suspicio
1255 2317 1429 2370 nasceretur

368 2412 479 2494 Itaque
500 2411 532 2476 in
553 2411 710 2494 prioribus
736 2413 824 2477 libris
851 2412 877 2478 si
906 2412 990 2477 solus
1017 2413 1050 2478 in
1078 2413 1159 2478 notis
1187 2423 1429 2478 commemoratu

369 2521 624 2601 ponderaturque
635 2519 845 2601 Erlangensis
868 2521 1025 2586 sciendum
1043 2529 1100 2600 est,
1121 2522 1296 2586 consentire
1312 2521 1430 2586 alterm

369 2627 469 2708 (velut
489 2629 513 2707 1,
536 2629 578 2692 39
599 2632 635 2690 ut
655 2627 720 2691 ullo
735 2629 838 2714 pora).
888 2629 947 2707 Qui
976 2629 1079 2694 omnia
1106 2629 1312 2694 minutissima
1338 2629 1430 2694 rimm

370 2735 462 2815 volet,
484 2734 642 2800 aBaitero
664 2743 758 2818 petet.
782 2737 926 2803 Codicem
947 2737 1041 2802 etiam
1063 2735 1293 2820 Gbpaoieasem
1309 2755 1335 2800 a.
1352 2738 1430 2802 llll

370 2843 458 2907 cuius
490 2844 665 2924 scripturae
697 2845 878 2911 varietatem
912 2845 1119 2910 Schneiderus
1151 2845 1183 2910 in
1216 2855 1430 2926 programrnat

370 2950 608 3017 Vratislaviensi
621 2952 700 3016 1641
716 2953 820 3032 edidit
832 2953 977 3018 Baiterus
988 2953 1175 3035 aliquotiens
1185 2954 1430 3018 commemorati*

371 3077 429 3140 ego
451 3057 516 3124 iere
541 3078 673 3140 prorsus
696 3059 818 3126 silentio
839 3060 1051 3142 praetermisi,
1084 3062 1168 3142 quod
1196 3060 1311 3126 nihile
1334 3061 1430 3125 ceteri

371 3165 577 3232 deterioribus
592 3167 732 3232 differret
753 3168 811 3232 nisi
834 3187 915 3232 nova
936 3171 1071 3250 quedam
1094 3177 1126 3234 et
1147 3168 1258 3234 audaci
1276 3167 1430 3249 interpola

370 3276 455 3340 tione
477 3275 624 3354 hominis,
652 3281 688 3339 ut
709 3275 762 3340 illa
783 3283 901 3355 aetate,
929 3295 990 3342 non
1013 3277 1143 3356 indocti,
1177 3277 1266 3342 cuius
1288 3275 1387 3340 forma
1410 3295 1430 3340 e

371 3381 544 3448 Heindorfii
566 3383 701 3448 editione
722 3384 872 3450 librorum
883 3386 923 3449 de
934 3391 1049 3449 natura
1060 3386 1189 3449 deorum
1207 3384 1294 3466 (narn
1305 3384 1385 3449 idem
1399 3403 1430 3448 es

372 3491 482 3570 codex,
516 3510 578 3573 quo
605 3491 657 3555 ille
683 3509 760 3556 usus
787 3491 849 3576 est)
877 3492 1021 3574 cognosci
1048 3499 1161 3573 potest
1207 3493 1306 3558 Semel
1333 3498 1363 3556 et
1385 3493 1429 3556 ite

372 3617 442 3663 rum
463 3599 667 3680 interpolator
688 3599 721 3663 in
745 3617 778 3663 re
790 3618 888 3682 parva
910 3605 942 3664 et
962 3598 1045 3664 facili
1067 3599 1174 3664 incidit
1195 3600 1227 3664 in
1240 3601 1430 3664 coniecturas

371 3725 488 3785 veram,
510 3715 546 3770 ut
567 3705 604 3784 V,
616 3708 655 3771 31
680 3707 827 3790 (quamtl

458 3815 476 3897 ξ
500 3816 528 3880 3.
563 3813 691 3880 Codices
719 3815 868 3879 librorum
897 3815 1054 3880 Ciceronis
1077 3817 1116 3880 de
1138 3813 1267 3894 finibus,
1296 3823 1430 3896 quotque

374 3923 438 3986 noti
460 3931 541 4002 sunt
564 3941 626 3986 non
649 3942 706 4004 per
728 3923 869 3988 diversas
892 3923 1007 4004 stirpes
1030 3924 1069 3988 ab
1091 3923 1192 4004 ipsius
1215 3922 1368 3988 Ciceronis
1391 3941 1430 3986 au

372 4031 533 4110 proximae
555 4031 582 4094 ei
604 4030 717 4095 aetatis
739 4031 966 4112 exemplaribus
988 4039 1141 4112 perpetua
1168 4031 1304 4112 quadam
1324 4048 1428 4095 succes

303 4141 315 4173 1
373 4137 460 4201 sione
481 4137 655 4220 propagati,
678 4140 732 4202 sed
755 4156 862 4204 omnes
889 4138 929 4204 ab
956 4157 1017 4204 uno
1046 4138 1137 4220 louge
1159 4137 1314 4203 inferioris
1335 4135 1430 4202 aetati:

372 4244 461 4322 libro,
483 4245 514 4308 in
538 4265 599 4326 quo
621 4245 682 4310 iam
704 4245 816 4310 iniuria
838 4246 987 4326 temporis
1015 4245 1160 4310 affectum
1183 4245 1339 4312 Ciceronis
1366 4261 1430 4326 opu:

374 4358 451 4431 erat
474 4352 532 4416 orti
556 4359 636 4418 sunt.
671 4352 839 4418 Declarant
860 4353 918 4418 hoc
929 4353 1064 4435 primum
1075 4353 1272 4435 apertissime
1284 4361 1315 4417 et
1325 4369 1430 4417 omnen
