2948 5024
308 378 368 442 732
695 399 739 444 nu
762 398 892 446 mutnus
915 399 985 444 non.

307 565 381 628 (lum
402 574 451 630 est
472 566 568 646 igitur
587 567 636 632 his
653 566 778 648 aliquid,
801 568 874 632 dum
891 569 991 648 modo,
1014 573 1164 649 quantum
1176 565 1369 631 tribuendum

307 668 356 746 sit,
388 668 558 749 intellegas.
612 667 669 734 Est
707 671 788 734 enim
823 668 997 752 philosophi
1038 690 1097 734 non
1138 675 1201 733 tam
1240 669 1371 750 glorioso

308 789 400 852 quam
434 789 507 835 vera
539 772 715 853 quaerentis
751 791 807 837 nec
839 791 898 853 pro
934 771 1027 836 nihilo
1059 777 1172 853 putare
1205 789 1257 852 ea,
1297 790 1373 853 quae

308 874 475 937 seeundum
494 880 636 938 naturam
658 874 701 938 illi
723 875 782 956 ipsi
805 875 932 956 gloriosi
954 873 1186 953 esseiatentur,
1209 882 1241 940 et
1263 874 1373 950 videre,

270 977 424 1040 orantum
447 975 507 1040 vim
529 976 652 1040 virtutis
679 983 872 1059 tantamque,
905 983 940 1041 ut
960 977 1005 1041 ito
1025 978 1134 1054 dicam,
1161 977 1374 1041 auctoritatem

309 1077 479 1142 honestatis
507 1097 580 1157 esse,
614 1087 649 1142 ut
677 1080 797 1161 reliqua
825 1097 885 1144 uon
913 1079 966 1143 illo
988 1079 1111 1160 quidem
1133 1079 1233 1157 nulla,
1257 1079 1312 1143 sed
1333 1079 1375 1141 ita

378 1305 398 1352 l.
418 1299 486 1364 t'qitor
503 1310 537 1349 est
553 1299 644 1351 Lt’cu
696 1301 766 1350 it'eR
821 1299 930 1368 [aliquod
946 1299 995 1365 Et]
1046 1305 1067 1350 2.
1087 1299 1133 1348 Eut
1150 1310 1228 1349 tamen
1244 1299 1376 1364 pbiioeopdi

307 1382 400 1486 ἓέηοέ,
419 1367 462 1418 Or.
509 1369 835 1430 ⁴.faouannr1.1’cu0r.
871 1375 893 1418 6.
913 1387 964 1419 mee
982 1385 1031 1418 om.
1051 1385 1145 1428 omnes,
1171 1369 1213 1418 Or.
1270 1373 1292 1414 6.
1312 1367 1373 1417 nulio

306 1628 400 1703 prima
422 1647 500 1703 pars,
523 1648 580 1686 non
603 1630 663 1686 ima
684 1629 879 1706 intellegitur,
901 1639 980 1686 recto
1002 1637 1106 1684 contra
1127 1627 1234 1685 dicitur
1242 1631 1372 1703 principio

304 1733 402 1789 ponere
423 1713 593 1793 (aubenton)
616 1715 706 1792 Legg.
724 1717 749 1786 1,
771 1716 820 1785 37,
844 1715 932 1772 etium
955 1716 1029 1771 tzitta
1051 1714 1089 1770 od
1112 1715 1176 1770 Att.
1200 1715 1240 1784 X,
1269 1715 1315 1774 18.
1340 1715 1372 1781 2;

306 1798 420 1856 etiamsi
443 1810 540 1857 nutem
563 1802 605 1858 sic
628 1801 1021 1876 dicereturiaoerepm'ooepia,
1045 1818 1103 1856 non
1121 1799 1269 1856 diceretur
1282 1809 1372 1856 tumen

306 1889 390 1942 iuuere
408 1889 544 1962 prbzo'pia
567 1896 688 1958 naturae,
712 1886 782 1960 quio
803 1886 949 1962 principia
971 1893 1108 1955 naturae,
1143 1884 1172 1941 id
1195 1893 1255 1955 est,
1284 1884 1373 1960 primo

307 1981 427 2028 naturae
456 1973 515 2029 alio
544 1984 624 2029 certo
652 1973 739 2030 modo
768 1971 798 2028 in
821 1973 867 2029 his
890 1971 973 2028 libris
996 1970 1133 2028 dicuntur
1156 1966 1230 2050 (vid.
1255 1989 1318 2027 exo„
1339 1969 1372 2024 nd

304 2057 346 2127 11,
361 2055 425 2134 33),
448 2057 498 2132 qui
521 2058 600 2114 illam
624 2057 780 2134 imaginem
803 2075 923 2132 prorsus
945 2055 1066 2130 respuit,
1114 2057 1219 2130 Itaque
1247 2063 1373 2131 praestat

305 2141 441 2199 Lambini
464 2143 642 2213 coniectura,
659 2146 776 2218 fecmbt
796 2162 850 2218 pro
873 2145 972 2216 operito
994 2141 1149 2198 scribentis
1172 2141 1295 2199 minima
1316 2159 1371 2197 mu-

305 2228 425 2298 tatione,
449 2228 504 2284 hoc
527 2238 586 2299 est,
620 2229 773 2304 posuerint
795 2238 824 2285 et
846 2247 909 2286 esse
932 2226 1094 2298 voluerint,
1123 2224 1225 2307 [quam
1249 2245 1325 2283 nuno
1345 2227 1371 2282 in

305 2321 389 2370 textu
418 2309 524 2392 posui}
575 2314 666 2391 (Dav.
688 2317 819 2386 dederint,
842 2315 920 2388 quod
943 2331 1008 2371 esse
1029 2312 1141 2387 aliquid
1152 2322 1263 2388 posset,
1287 2313 1311 2369 si
1322 2313 1371 2368 hoo

306 2399 408 2455 ordine
431 2398 521 2455 verba
544 2400 640 2474 posita
662 2410 774 2458 essent:
803 2403 856 2475 ipsi
877 2410 991 2456 naturae
1007 2401 1144 2474 prieteepia
1166 2399 1304 2466 dederint,
1326 2397 1370 2452 do·

305 2483 367 2541 tivo
389 2483 482 2563 cusu.)
526 2485 597 2542 Mox
622 2485 788 2544 tribuendum
815 2495 855 2542 eet
881 2488 963 2559 ἐρέτην
984 2485 1064 2542 Man.
1087 2484 1189 2554 tacite,
1225 2483 1319 2542 Gzius
1339 2501 1372 2538 ex

305 2569 366 2626 Erl.
389 2579 419 2626 et
442 2568 519 2644 Spir.
544 2567 609 2648 [B].
654 2570 753 2629 Ceteri
775 2573 856 2644 ipitur
878 2581 926 2628 eet.

394 2656 444 2736 Est
466 2658 534 2712 enim
551 2655 719 2735 philosophi)
747 2656 926 2714 Particulom
950 2666 1035 2712 moion
1057 2655 1187 2730 ineptum
1211 2673 1286 2724 esse,
1318 2653 1372 2710 De·

305 2740 397 2797 visiun
420 2740 507 2810 vidit,
536 2761 631 2816 neque
654 2743 730 2799 enim
754 2742 826 2799 haec
849 2742 909 2799 ullo
921 2741 1008 2798 modo
1020 2740 1167 2798 contraria
1178 2739 1372 2815 superioribus

306 2835 383 2893 sunt,
406 2825 457 2882 sed
480 2845 516 2882 eo
537 2827 710 2884 confirmant
732 2838 762 2885 et
784 2827 943 2903 explicant,
966 2835 1106 2901 quantum
1131 2825 1190 2882 iltis
1213 2825 1300 2882 rebus
1325 2824 1373 2881 tri·

307 2911 451 2968 buendum
476 2911 522 2968 sit
566 2913 670 2987 ltaque
694 2913 744 2970 ille
767 2913 854 2970 scribi
878 2913 955 2970 vult:
978 2913 1033 2968 Est
1055 2915 1131 2984 enim,
1154 2922 1271 2969 etcum
1294 2927 1371 2985 prae·

306 2996 391 3054 cedat
413 2997 511 3054 littera
524 3007 542 3068 t,
566 3017 602 3054 ex
627 3021 661 3055 m.
686 2999 750 3056 fieri
772 3009 889 3073 poterat
912 3009 947 3054 tn.
971 2994 1091 3077 [Itaque
1113 2992 1237 3076 recepi]
1280 2995 1372 3052 Minus

306 3093 374 3158 opto
397 3081 490 3142 Gzius
512 3093 613 3153 autenm
636 3103 731 3158 neque
754 3085 832 3140 enim
853 3083 1042 3142 adiunctione
1064 3083 1254 3140 continuatur
1275 3080 1371 3138 oratio.

391 3171 432 3225 illi
451 3171 505 3243 ipsi
523 3171 633 3242 plorimi
653 3189 710 3226 esee
725 3163 863 3248 famulor)
887 3169 974 3242 Quod
996 3168 1059 3226 sine
1082 3168 1142 3224 ullu
1165 3167 1372 3224 varietatisen·

306 3255 457 3312 notatione
480 3255 621 3312 haetenus
644 3255 753 3312 editum
777 3265 836 3326 est,
863 3256 1039 3330 fatebantur,
1067 3263 1119 3312 aut
1146 3254 1201 3310 hoe
1224 3251 1371 3328 significat,

307 3340 423 3398 Stoicos
446 3338 525 3400 olim.
550 3358 615 3397 cum
638 3350 744 3410 essent,
767 3341 824 3398 hoo
845 3340 933 3398 fateri
956 3340 1067 3410 solitos,
1091 3357 1168 3396 nuno
1191 3339 1286 3396 nullos
1303 3355 1371 3398 esse,

306 3435 356 3482 aut
379 3444 429 3482 eos
452 3443 546 3500 nuper
568 3425 598 3482 in
621 3425 676 3483 hoc
699 3445 832 3484 sermone
855 3427 971 3482 auditos
993 3445 1057 3482 esse
1075 3425 1130 3482 hoc
1146 3424 1281 3491 fatentes,
1303 3439 1371 3496 quo·

305 3529 370 3567 rum
392 3521 490 3568 utrum
514 3510 634 3586 pravius
657 3511 704 3582 sit,
728 3512 835 3570 neseio.
881 3513 1005 3570 Secutus
1028 3511 1119 3586 igitur
1140 3529 1203 3567 sum
1218 3509 1372 3582 Erlaugen·

306 3614 377 3666 sem,
401 3596 431 3651 in
443 3597 525 3654 eunius
549 3597 694 3671 scriptura
723 3617 815 3673 genus
843 3617 939 3654 rerum
971 3617 1024 3672 por
1047 3616 1078 3653 se
1100 3597 1254 3652 indicatur.
1296 3591 1371 3650 Fieri

306 3689 404 3737 tamen
426 3691 538 3756 potest,
568 3679 647 3760 [oum
670 3683 843 3758 praesertim
865 3684 891 3741 B
914 3701 979 3739 cum
1002 3682 1108 3740 ceteris
1131 3676 1314 3754 consentiat]
1342 3687 1372 3732 ut

299 3768 460 3840 fatebantur
482 3777 577 3825 ortum
601 3768 640 3824 sit
662 3787 699 3825 ex
715 3771 872 3842 fateantur,
907 3787 964 3842 quo
986 3768 1069 3824 verbi
1093 3767 1180 3824 modo
1208 3767 1263 3824 hoe
1283 3761 1372 3839 magis

306 3871 371 3909 cum
394 3852 509 3910 infinito
531 3853 662 3910 oratione
685 3854 841 3928 copulatur
862 3849 917 3935 (ea,
941 3847 1371 3928 qteoevideotrpeooillonsbteri).

305 3937 421 3994 Deinde
443 3938 600 3995 admodum
623 3957 736 4010 vereor,
760 3959 796 3996 ne
814 3940 843 3997 in
856 3939 1001 4015 proximis
1017 3939 1116 3996 verbis
1133 3939 1236 4014 (nidere
1247 3969 1284 3978 -
1295 3935 1370 3990 boue·

305 4019 398 4103 statio)
421 4024 565 4082 exciderit
586 4043 650 4088 eone,
673 4025 752 4098 quod
775 4025 804 4081 in
828 4025 883 4082 boo
895 4025 959 4100 ipso
971 4025 1047 4082 libro
1059 4024 1104 4080 bis
1122 4024 1152 4080 iu
1164 4024 1264 4082 codice
1275 4020 1369 4078 unebe-

307 4118 376 4183 typo
399 4110 540 4166 omissum
562 4109 653 4166 fuisse
682 4111 809 4168 vidimus
832 4109 882 4188 (ad
906 4115 920 4180 ξ
945 4109 1008 4188 49).
1058 4111 1160 4186 Longe
1189 4111 1264 4166 enim
1288 4105 1370 4162 aliter

307 4194 413 4250 dicitur
437 4197 524 4266 uideo,
548 4195 603 4251 hoc
626 4205 680 4264 est,
709 4196 911 4253 animadverto
933 4196 1041 4252 alieubi
1065 4205 1167 4251 tontum
1190 4199 1241 4251 uim
1261 4193 1368 4258 uirtuti,

282 4347 284 4352 y
308 4289 334 4334 nt
356 4289 421 4351 oet,
444 4281 544 4337 aliter:
567 4281 641 4337 video
663 4291 693 4337 et
715 4281 864 4357 intellego,
888 4285 1002 4341 virtutis.
1026 4301 1100 4354 quae
1113 4275 1367 4339 universedicitur,

306 4373 407 4420 toletam
430 4385 486 4422 esee
508 4369 569 4435 tito,
593 4377 620 4422 nt
642 4375 697 4422 oet.
742 4363 868 4447 [Addidi
891 4386 969 4424 nuno
990 4365 1069 4444 esee]
