3034 5030
455 365 499 410 nr
523 363 603 410 usu.
621 365 684 412 um.
702 365 726 410 11
748 365 821 412 aar.
839 367 881 412 at.
1142 347 1206 414 315

154 551 228 596 mun
247 539 370 598 secutus
391 540 448 597 est
493 534 563 598 103.
587 533 678 610 Quod
700 531 728 597 si
749 533 984 599 diesnotandus
1005 531 1073 613 tut
1095 553 1206 600 eumne

151 635 249 713 potus,
279 653 340 716 quo
358 641 461 713 naun,
489 653 530 699 an
557 653 643 714 eum,
666 653 728 716 quo
751 634 877 717 sapiens
899 633 998 700 fantus
1022 637 1090 700 est?
1134 635 1205 702 Non

151 735 244 814 potuit,
264 736 395 818 inquies
426 734 495 800 fieri
517 736 657 818 sapiens,
691 736 753 801 nisi
775 742 867 802 uatus
889 745 979 802 esset
1024 737 1091 802 Isto
1113 737 1205 801 modo

206 961 224 1004 1.
240 956 332 1020 qaue
389 955 493 1024 [umque
512 954 561 1023 ab]
617 961 640 1006 3.
660 965 727 1008 esset
764 955 976 1018 scursonem,
996 955 1040 1008 Or.

220 1163 284 1220 103.
322 1163 449 1232 Quodsi
470 1165 527 1221 dies
549 1165 684 1221 notandus
700 1165 766 1238 fuit,
789 1183 880 1221 eumne
897 1159 1004 1244 ponus)
1027 1163 1121 1220 Plana
1145 1183 1204 1220 ma-

150 1249 271 1306 morabile
292 1249 461 1325 exemplum
484 1250 540 1306 hoc
562 1259 607 1307 ast
629 1249 773 1306 orationis
796 1249 837 1306 sic
854 1257 994 1319 structae,
1017 1257 1050 1305 ut
1061 1249 1208 1324 posterior

149 1350 204 1406 pars
222 1353 276 1391 nou
299 1335 336 1391 ad
349 1353 423 1404 eam,
447 1353 523 1410 qnae
534 1335 739 1411 praecesserit,
762 1333 897 1404 formam,
915 1335 967 1392 ssd
977 1335 1016 1392 ad
1028 1333 1117 1392 aliam
1128 1333 1206 1392 idem

149 1416 340 1493 significantem
351 1420 603 1488 accommodatum
626 1439 694 1476 nam
718 1439 755 1476 ex
778 1420 830 1477 illo
852 1421 985 1476 iactandus
1001 1421 1060 1494 suit
1081 1419 1207 1478 sumitur

150 1507 222 1560 maa
239 1509 360 1580 oporam.
406 1505 550 1564 Similiter
579 1505 684 1564 Cicero
712 1504 789 1562 dixit
815 1504 845 1561 in
873 1504 977 1562 Laelio
1006 1505 1061 1577 74,
1095 1504 1146 1562 ubi
1169 1524 1207 1562 ex

149 1588 290 1662 gerundivo
312 1609 371 1648 non
395 1590 525 1648 eiusdem
548 1591 632 1648 verbi
654 1589 832 1660 infinitivus,
866 1590 918 1647 sed
945 1589 1009 1647 sola
1031 1589 1206 1666 significatio

149 1673 216 1730 verbi
245 1685 344 1750 oportet
371 1675 410 1732 ad
437 1675 526 1732 alium
561 1675 739 1734 infinitivum
767 1674 900 1732 auditur:
937 1677 1049 1733 Omnino
1075 1678 1207 1732 amicitiae

148 1760 305 1818 summram
326 1763 381 1817 inm
402 1763 618 1836 corrfirnmtuque
639 1771 664 1818 et
686 1763 796 1834 inpem‘e's
807 1771 832 1817 et
843 1761 974 1817 aetatibus
996 1762 1207 1818 iudicandae

148 1855 224 1916 sunt,
249 1865 302 1912 nen,
331 1849 357 1903 si
382 1849 432 1920 qui
452 1849 556 1903 irseunte
577 1855 663 1903 aetate
685 1847 801 1902 uenandi
822 1855 870 1902 out
876 1847 952 1920 piae
963 1847 1078 1902 studiosi
1081 1847 1204 1919 fuerunt,

148 1947 183 1984 eos
201 1930 316 1988 lubere
336 1935 500 1988 trecassenus
522 1929 683 2009 (oportet),
707 1950 774 2005 quos
797 1941 853 1987 tum
874 1931 965 1988 eodem
986 1931 1075 1987 studio
1092 1932 1207 2006 praedi·

99 2052 104 2066 .
148 2023 180 2070 tos
197 2017 349 2072 murmane.
393 2017 506 2074 Eadem
540 2017 654 2074 ratione
687 2016 759 2072 haec
788 2015 989 2089 Quintilianus
1012 2015 1130 2091 scripsit
1151 2015 1206 2088 IV,

149 2099 170 2163 5,
191 2099 239 2156 20:
270 2101 410 2170 Quaedam
429 2105 532 2158 interm
555 2121 603 2158 nos
625 2111 649 2158 et
671 2103 760 2158 inroitu
776 2101 953 2174 litiqoton'bus
975 2102 1206 2158 simulandum

147 2195 187 2240 est
205 2187 317 2246 dicere
345 2187 434 2263 (quod
465 2187 556 2244 Cicero
573 2207 627 2262 pro
653 2187 775 2243 Cluentio
790 2189 863 2260 fucit
885 2188 957 2243 circo
978 2187 1149 2242 iude'en'an'nm
1171 2188 1207 2243 le·

145 2263 213 2348 ρεπι),
224 2291 430 2346 nonnumquam,
442 2275 525 2346 qnasi
533 2273 730 2348 interpellemur
740 2272 775 2328 ab
786 2274 827 2340 iis,
845 2273 1035 2328 subsistere
1046 2265 1207 2352 (oportet);

146 2372 211 2429 saepe
229 2360 373 2414 auertendo
401 2359 441 2414 ad
466 2361 539 2432 ipsos
566 2360 652 2414 oratio
678 2365 734 2413 cet
783 2353 876 2434 (Nam
904 2357 1047 2413 subsistere
1073 2375 1121 2412 teos
1148 2375 1206 2413 non

145 2439 315 2512 simulamus,
349 2443 402 2499 sed
424 2461 493 2499 vere
516 2443 709 2500 subsistentes
731 2441 903 2499 simulamus
926 2460 979 2499 nos
1001 2438 1208 2518 interpellari.)

145 2519 248 2601 [ltaque
269 2528 359 2584 etiam
382 2528 461 2603 apud
484 2526 545 2586 Cic.
568 2529 604 2585 de
626 2527 745 2598 Inv.II,
761 2528 820 2584 130
844 2527 894 2584 vix
916 2535 996 2584 recta
1019 2527 1150 2583 additum
1163 2535 1208 2584 est

144 2610 297 2670 coniectura
319 2610 472 2689 oportebit]
516 2613 628 2670 Eodem
652 2613 738 2670 modo
761 2613 834 2670 haec
856 2611 976 2688 scripsit
997 2613 1095 2670 Varro
1117 2612 1153 2669 R„
1171 2612 1207 2669 R

143 2693 190 2754 lll.
208 2699 233 2767 9,
246 2698 279 2754 8:
304 2699 498 2766 mirabilibus,
521 2718 580 2755 curn
598 2701 762 2773 pertenent,
786 2699 1006 2756 substernendum
1033 2715 1116 2763 oms,-
1146 2716 1206 2755 eum

138 2794 294 2855 peperenmt,
308 2785 398 2840 tollam
408 2783 575 2840 seehstromen
587 2794 612 2840 et
623 2803 713 2840 recens
724 2785 801 2840 alind
811 2785 936 2840 subicere.
949 2782 1093 2840 Similiter
1099 2781 1208 2841 Graeci

141 2865 282 2938 trandum,
306 2869 404 2944 posito
426 2887 480 2926 suo
503 2869 555 2926 illo
577 2868 740 2945 gerundivo
754 2863 903 2947 (iunior),
927 2867 957 2924 in
969 2868 1062 2925 altero
1075 2867 1207 2924 membro

141 2949 304 3010 infinitivum
326 2961 451 3029 ponunt,
474 2964 624 3028 tamquam
646 2953 804 3029 praecedat
816 2953 862 3010 dai
867 2972 874 3023 ;
898 2953 957 3010 vid.
970 2953 1207 3030 (quosKlotzius

141 3036 172 3092 sd
191 3038 267 3095 Lael.
291 3034 410 3120 citavit)
432 3039 510 3096 Plat.
533 3039 607 3098 Orit.
629 3059 657 3114 p.
671 3038 748 3098 510
771 3038 871 3113 ibique
882 3039 1090 3109 Buttmannus,
1114 3037 1207 3114 Gorg.

141 3139 164 3195 p.
184 3123 240 3180 492
263 3124 292 3180 D
315 3123 416 3199 ibique
428 3125 627 3184 Heindorflus.
656 3134 686 3181 et
713 3124 939 3198 quaeStruvius
961 3124 992 3180 in
1016 3122 1154 3183 Saobodii
1178 3132 1208 3180 et

141 3204 648 3280 Friedemannilliscall.C1-it.11,
687 3212 700 3266 l
731 3229 759 3284 p.
789 3211 850 3266 238
880 3228 895 3266 a
923 3209 1056 3266 Lucieno
1084 3217 1114 3266 et
1141 3207 1208 3266 aliis

142 3293 258 3364 protulit

216 3381 270 3436 Isto
280 3378 372 3454 modo)
385 3380 476 3436 Recte
487 3391 521 3450 et,
535 3381 614 3456 qnod
625 3380 871 3456 praeponebatur,
884 3379 1036 3437 Manutius
1048 3387 1078 3436 et
1089 3378 1207 3436 Lambi-

141 3477 188 3518 nus
197 3465 388 3534 sustuleram
401 3479 496 3540 nemra
508 3466 586 3542 enim
598 3465 629 3522 in
642 3466 697 3522 hac
708 3463 895 3535 refutatione,
904 3483 968 3522 cnm
978 3466 1206 3535 demonstratur,

142 3547 286 3619 quidnam
309 3550 464 3624 aliquare
487 3552 674 3608 coniunctum
697 3551 749 3623 sit,
778 3561 830 3608 aut
846 3551 1033 3626 copulativae
1044 3550 1208 3625 particulae

143 3629 212 3690 loeus
232 3645 277 3692 est
299 3645 352 3693 aut
373 3636 532 3710 quidquam
555 3635 655 3694 verbis
676 3640 727 3694 isto
748 3638 826 3694 nmdo
848 3636 991 3712 praeponi
1013 3643 1126 3711 potest,
1154 3633 1207 3692 cfr.

144 3718 224 3784 1231
245 3724 296 3778 isto
318 3723 396 3778 modo
418 3741 450 3778 ne
470 3723 606 3796 improbos
628 3724 745 3796 quidem,
768 3725 794 3778 si
813 3732 899 3779 essent
923 3721 983 3779 honi
1004 3723 1064 3778 uiri.
1093 3715 1208 3802 (Anima

144 3819 190 3874 pro
208 3809 277 3877 noso,
301 3815 427 3882 excepto
449 3807 560 3878 Marso,
584 3805 647 3864 fere
669 3807 734 3864 edd.
758 3815 827 3864 ante
850 3807 943 3874 vict,
971 3819 1032 3883 χψς
1064 3809 1127 3863 coia
1150 3825 1207 3882 mg.

143 3884 224 3966 Crat)
265 3892 339 3949 Mox
362 3891 392 3948 in
415 3893 499 3968 gravi
522 3891 783 3967 conlprehensione
805 3900 835 3949 et
857 3892 1044 3950 conclusione
1057 3889 1208 3969 (Restotu)

143 3987 192 4029 uon
211 3976 364 4034 admodum
388 3977 572 4035 desideratur
593 3988 641 4047 est,
664 3978 744 4052 quod
765 3976 886 4036 fuerunt
913 3978 964 4052 qui
991 3977 1060 4033 addi
1088 3977 1207 4034 vellent.

144 4055 289 4118 Faunum
311 4081 368 4137 mg.
392 4062 483 4133 Orat,
507 4063 598 4129 Man,
621 4062 734 4134 Lamb,
764 4062 867 4134 Grut,
896 4064 973 4120 Dav.
1002 4061 1090 4118 tacita
1114 4061 1207 4138 (Spir.

140 4143 274 4216 secuntum
297 4147 389 4204 ceteri
411 4147 529 4220 Gziani,
552 4149 606 4223 Εψ
612 4151 773 4222 facetosum,
795 4169 814 4226 χ
824 4146 995 4223 factiosam).
1030 4148 1076 4204 De
1089 4165 1120 4204 ra
1133 4147 1208 4204 nihil

145 4226 204 4286 olibi
223 4232 299 4289 tradi
321 4233 450 4290 memini.
