2998 5020
314 311 377 375 632
704 325 748 370 ns
770 325 902 372 eminus
924 325 994 370 nou.

315 497 375 574 alii,
398 514 479 577 quae
501 495 600 576 prima
622 495 789 558 secundum
802 502 943 560 naturam
956 495 1120 570 nominant,
1137 492 1379 574 proficiscuntur.

315 599 346 664 in
376 598 487 680 quibus
510 605 673 661 numerant
698 597 939 662 incolumitatem
966 597 1290 678 conservationemque
1317 615 1379 659 om·

315 701 400 765 nium
422 700 565 781 partium,
588 699 802 778 valetudinem,
825 719 935 766 sensus
957 701 1108 782 integros,
1140 699 1256 764 doloris
1279 699 1377 761 omnii-

316 809 419 882 tatem,
436 802 526 881 vires,
548 799 814 882 pulchritudinem,
837 811 939 868 cetere
949 803 1071 884 generis
1083 802 1229 882 eiusdem,
1250 819 1378 884 quonam

385 1013 407 1056 2.
427 1007 542 1075 [namnet
559 1007 609 1072 uh}
646 1013 669 1058 t.
688 1016 811 1072 ederaceae
829 1008 897 1060 LCR

316 1216 416 1292 posui,
450 1213 542 1297 [quod
564 1217 728 1292 praecepit,
757 1218 806 1292 qui
835 1218 964 1276 codicem
987 1217 1215 1294 Glogaviensem
1239 1211 1376 1293 scripsit];

315 1302 440 1360 alterum
454 1309 514 1358 aut
535 1320 604 1359 casu
626 1311 656 1359 et
678 1304 764 1360 unius
786 1303 902 1362 litterae
925 1305 1084 1362 mutatione
1102 1311 1199 1361 ortum
1211 1311 1266 1370 est,
1285 1301 1374 1359 autad

312 1391 431 1464 priimum
452 1391 599 1463 appetitum
620 1391 857 1446 accommodatus
879 1399 932 1460 est,
956 1391 1079 1447 conficto
1102 1389 1301 1458 substantivo,
1326 1391 1374 1462 pri-

316 1494 374 1530 mus
396 1476 506 1544 oacitm,
529 1474 584 1531 etsi
607 1483 668 1531 tum
691 1476 845 1550 genetivus
868 1476 1078 1550 requirebatur.
1113 1477 1188 1533 Nam
1203 1474 1373 1550 voluptatem

317 1561 410 1636 ipsam
433 1559 576 1635 appellari
599 1561 722 1618 ascitum
745 1562 806 1618 eive
829 1562 990 1638 appot-itum
1003 1571 1053 1618 aut
1065 1561 1194 1618 dolorem
1208 1560 1373 1616 declinatum

317 1645 378 1702 sive
401 1645 635 1716 declinationem,
659 1667 779 1722 prorsus
802 1647 964 1704 inauditum
988 1655 1040 1703 est.
1074 1647 1121 1704 Ne
1143 1649 1304 1704 <lecticulam
1321 1645 1374 1719 qui·

316 1732 381 1788 dem
404 1730 508 1790 Cicero
531 1751 584 1807 pro
606 1732 811 1804 declinatione,
835 1753 893 1807 qna
914 1752 986 1790 voce
1008 1753 1148 1808 persaepe
1171 1732 1273 1801 utitur,
1296 1729 1374 1787 semel

317 1816 449 1874 dixisset.
492 1817 637 1874 Neutrum
660 1838 752 1894 genus
774 1819 921 1895 participii
945 1819 1055 1875 servari
1078 1819 1107 1874 in
1131 1819 1186 1874 lme
1207 1818 1319 1875 farina:
1339 1835 1373 1871 m

318 1905 408 1978 lupum
429 1911 468 1959 eet
487 1905 604 1977 prirumu
626 1907 747 1975 um’itaru,
770 1907 826 1962 boc
848 1914 902 1975 est,
924 1905 955 1960 id
978 1905 1056 1979 qnod
1077 1905 1203 1978 primum
1223 1902 1372 1962 asciscitur.

222 2057 225 2064 Ι
317 1988 440 2045 Latinus
463 2007 558 2046 sermo
580 1991 780 2064 conpatitur.
825 1991 940 2060 Cetera,
964 1999 996 2046 ut
1018 1989 1089 2059 dixi,
1112 1989 1155 2046 sic
1177 1990 1283 2046 esseio
1300 1987 1373 2044 bonis

317 2073 474 2144 codicibus,
497 2074 738 2133 lidemfacitErl.
761 2073 806 2157 [et
816 2072 865 2155 Bl,
889 2077 918 2132 in
931 2075 1043 2146 mediis,
1067 2076 1092 2131 P
1115 2083 1145 2132 et
1166 2075 1231 2132 Pal.
1251 2076 1284 2144 4;
1305 2071 1370 2147 quod

318 2167 413 2216 tamen
436 2157 529 2216 Gaius
557 2160 586 2216 in
614 2162 748 2219 omuibus
777 2161 837 2220 suis
866 2161 1014 2218 codicibus
1036 2163 1135 2218 doloris
1164 2165 1315 2217 caracterem
1335 2159 1374 2212 ol'

317 2252 371 2301 oet.
394 2244 452 2320 legi
474 2253 582 2316 namet,
605 2247 708 2304 saltem
726 2247 778 2306 illo
800 2247 902 2305 ordine
925 2247 1022 2303 nullus
1045 2246 1137 2302 codex
1162 2247 1254 2303 verba
1274 2242 1370 2302 babuit.

319 2347 372 2386 nec
394 2338 474 2405 puto,
497 2330 527 2386 iu
550 2332 684 2390 omnibus
704 2332 850 2390 eafuisse.
880 2334 956 2390 Nam
974 2332 1005 2389 in
1022 2331 1171 2390 codicibus
1195 2329 1371 2388 deterioribus

317 2415 407 2493 (Pell.
420 2417 448 2488 2,
463 2417 491 2487 3,
505 2417 533 2488 5,
548 2419 574 2488 6Ὶ
588 2417 667 2476 Oxx.
679 2419 829 2488 omnibns,
842 2419 917 2475 Dav.
930 2417 1020 2493 tacet)
1032 2417 1206 2474 exciderunt
1217 2418 1274 2474 duo
1286 2413 1369 2474 verba

318 2500 476 2559 manifesta
497 2504 606 2561 erroris
629 2523 717 2562 causa
739 2503 897 2582 (doloris,
922 2507 1075 2560 cniecturam
1098 2501 1254 2582 doloris).
1282 2503 1370 2571 ltaque

318 2586 349 2642 in
371 2587 500 2662 antiquis
523 2589 700 2647 editionibus
723 2591 826 2668 (etiam
849 2589 939 2660 Crat,
963 2586 1056 2667 Vict.)
1079 2589 1160 2646 locus
1182 2591 1370 2645 mancuserat·

317 2671 395 2729 Hinc
416 2673 446 2729 in
469 2674 629 2733 Ursinieno
658 2676 710 2733 illo
738 2676 837 2734 codice
871 2685 900 2732 et
927 2675 971 2731 ed.
1000 2675 1092 2732 Marsi
1119 2681 1221 2732 natum
1250 2683 1305 2732 est:
1333 2671 1371 2725 ola

318 2769 422 2815 causent
441 2762 558 2834 primeca
580 2764 692 2818 cecinam
715 2782 765 2818 noa
787 2763 883 2832 dolere,
907 2761 984 2835 quod
1007 2761 1093 2835 quale
1116 2761 1162 2832 sit,
1186 2769 1314 2836 apparet.
1342 2754 1370 2811 Id

316 2845 467 2902 revocavit
488 2844 589 2903 Gaius.
633 2848 711 2905 Nam
734 2847 801 2904 inde
829 2848 866 2904 ab
889 2846 968 2904 Aldo
990 2846 1124 2904 Manat-io
1152 2847 1305 2903 edebatur:
1333 2843 1372 2897 alii

316 2939 420 2986 cerami
438 2933 556 3007 manum
578 2935 690 2990 accitam
713 2935 812 2990 doloris
828 2935 995 3003 vacuitatem,
1019 2933 1150 3004 vocibuS,
1173 2951 1250 3006 quac
1271 2927 1371 2987 excide·

317 3024 392 3086 rent,
416 3016 514 3074 nescio
537 3018 623 3090 unde,
647 3019 698 3076 sed
721 3037 777 3076 non
801 3028 882 3075 recto
905 3018 969 3074 loco
992 3026 1022 3075 et
1033 3017 1134 3074 ordine
1146 3017 1298 3084 restitutis,
1319 3032 1371 3069 eas·

315 3119 372 3176 que
394 3102 506 3160 Paulus
529 3104 679 3162 Manutius
702 3104 731 3160 in
754 3103 883 3179 antiquis
905 3102 1015 3170 Maffei,
1039 3103 1162 3179 Sigomi,
1186 3103 1280 3160 Tertii
1301 3098 1371 3157 libris

316 3187 474 3244 desiderari
498 3199 593 3264 negat,
617 3190 654 3246 ad
677 3190 808 3247 ordinem
832 3208 889 3246 non
912 3189 1074 3246 attendens.
1113 3189 1206 3266 (Hinc
1228 3187 1326 3254 Gaius,
1346 3192 1371 3238 ul

317 3273 405 3344 solet,
442 3274 491 3344 „in
519 3275 652 3350 pluribus
675 3275 800 3332 Manutii
831 3275 1009 3332 desideriam
1045 3293 1080 3332 ea
1107 3275 1198 3330 verba
1225 3268 1372 3344 mentibu.)

318 3359 414 3416 Velim
432 3360 553 3428 attendi,
577 3379 653 3417 nunc
669 3361 699 3416 in
717 3360 851 3418 omnibus
869 3361 1006 3418 urenrbris
1029 3361 1152 3417 eundem
1175 3359 1286 3417 servari
1307 3355 1372 3414 ordi·

315 3463 395 3502 uern:
423 3446 570 3522 Voluptatis
592 3448 641 3503 alii
662 3480 701 3487 —
725 3450 882 3503 occultatam
903 3449 1003 3503 doloris
1024 3449 1073 3502 clii
1093 3479 1125 3488 -
1152 3447 1187 3501 ab
1210 3449 1242 3503 iis
1263 3447 1309 3501 abi
1326 3449 1371 3497 cet

398 3532 433 3586 ab
460 3533 493 3587 iis
521 3534 578 3602 clii,
609 3532 691 3606 price)
720 3533 786 3589 Hoc
808 3542 866 3589 est:
899 3532 962 3588 Alii
985 3531 1110 3605 deniqne
1134 3534 1214 3607 (narn
1238 3540 1295 3588 tres
1315 3533 1371 3585 sunl

315 3613 491 3698 sententiae)
513 3618 550 3673 ab
574 3616 609 3674 iis
633 3617 857 3692 proficiscuntur
879 3617 909 3673 in
932 3619 988 3674 fine
1012 3617 1216 3674 constituendo
1240 3609 1370 3688 eteapri·

315 3721 393 3758 mum
416 3703 515 3778 appeti
538 3711 651 3778 putant,
675 3721 750 3777 qnae
773 3711 827 3760 cet.
862 3701 981 3781 (lubae
1003 3703 1307 3784 generisodefinitione
1327 3715 1368 3753 na·

314 3787 441 3846 cessario
463 3791 511 3859 iio,
540 3809 609 3862 qrme
636 3808 689 3864 pro
713 3791 768 3859 laia,
797 3809 866 3863 qaue
889 3788 1008 3863 scripsi,
1041 3797 1074 3845 nt
1096 3797 1159 3844 erat
1180 3789 1211 3844 in
1236 3807 1290 3864 mg.
1311 3783 1369 3840 edit

313 3873 524 3930 Lambinianae
547 3874 707 3943 secundae;
730 3871 770 3954 [B
791 3871 880 3952 ln‘jsl.)
904 3875 1044 3943 Haecine,
1067 3873 1145 3930 dicet
1161 3874 1277 3948 aliquis,
1298 3867 1369 3927 nobit

314 3959 454 4030 enarrari,
477 3978 552 4034 quae
574 3960 671 4035 quivis
694 3979 764 4035 puer
788 3958 959 4036 intelleget?
983 3959 1162 4017 Dormitavit
1184 3968 1280 4016 tamen
1297 3957 1369 4014 Latri-

314 4043 414 4115 binus,
447 4065 567 4121 prorsus
590 4055 686 4102 autem
710 4045 922 4103 incredibiliter
944 4046 1054 4102 erravit
1075 4045 1184 4117 Gaios,
1218 4064 1271 4102 nec
1291 4039 1369 4098 multo

314 4129 409 4188 minue
432 4129 561 4188 Orellius
584 4140 614 4188 et
635 4131 721 4200 Otto,
757 4131 844 4188 etiam
873 4139 941 4206 post
963 4132 1059 4189 Beieri
1082 4131 1306 4188 admonitionem
1327 4120 1369 4203 (nd

314 4213 374 4272 Cic.
398 4214 456 4274 Off.
478 4216 536 4286 111,
554 4219 610 4274 119
624 4237 652 4292 p.
666 4216 751 4292 415).

398 4303 497 4359 doloris
521 4301 690 4376 vacuitatem)
724 4303 815 4361 Recte
845 4311 1000 4362 senserunt
1022 4303 1078 4360 Th.
1102 4303 1253 4360 Bentleius
1279 4309 1306 4356 ct
1325 4295 1369 4353 Er
