2956 5028
388 405 430 451 en
453 405 534 452 uun.
557 403 620 451 nm.
642 404 667 450 11
689 403 762 450 cnr.
783 407 822 450 rr.
1088 385 1151 450 249

94 572 190 638 domm
214 575 270 638 nisi
293 580 377 638 esset
397 573 465 640 iure
486 573 660 651 mutianum,
690 591 751 638 non
774 579 858 636 esset
878 571 1016 636 imitatus
1039 577 1152 651 quarto

94 676 239 740 consulatu
260 693 318 740 sno
339 674 437 754 filius,
466 693 566 756 neque
588 693 684 756 porro
706 694 744 740 ex
766 693 803 738 eo
826 681 917 738 natus
939 690 1009 737 cum
1030 671 1152 754 Pyrrho

93 775 190 840 bellum
212 795 323 858 gerens
345 777 453 842 consul
475 775 638 841 cecidisset
657 775 689 840 in
710 775 829 858 proelio
847 774 1151 856 sequeecontinenti

94 896 192 957 genere
214 879 337 944 tertiam
359 878 515 944 victimam
536 877 582 943 rei
604 877 747 959 publicae
757 877 961 958 praebuisset.
996 878 1046 942 62.
1070 877 1151 941 Con·

93 979 162 1044 tineo
182 999 231 1044 me
252 980 292 1045 ab
314 980 472 1062 exemplis.
505 979 636 1044 Graecis
657 981 716 1045 hoc
736 977 892 1044 modicum
907 985 965 1057 est,
987 977 1151 1056 Leonides,
1169 985 1191 1050 5

93 1079 318 1160 Epaminondae,
340 1091 406 1146 tres
428 1081 524 1164 aliqui
545 1089 601 1146 aut
621 1089 783 1164 quattuor3
811 1099 869 1162 ego
892 1079 920 1144 si
942 1087 1066 1146 nostros
1089 1080 1152 1144 col·

92 1181 174 1262 igere
194 1201 334 1264 coepero,
356 1182 515 1264 perficiam
535 1183 612 1248 illud
634 1183 773 1265 quidem,
799 1189 836 1247 ut
862 1201 897 1246 se
918 1181 1027 1246 virtud
1048 1182 1154 1246 tradat

93 1286 349 1366 constringendam
370 1285 528 1366 uoluptas3
562 1287 619 1350 sed
647 1285 714 1350 dies
741 1303 790 1350 me
818 1283 953 1362 deficiet,
980 1291 1026 1362 et,
1053 1289 1089 1347 ut
1115 1285 1152 1347 Α.

93 1385 203 1466 iunius,
222 1387 275 1468 qui
298 1397 347 1450 est
367 1386 491 1451 habitus
507 1387 600 1452 iudex
612 1388 729 1466 durior,
751 1387 854 1453 dicere
876 1383 1051 1450 consessori
1073 1384 1153 1449 sole·
1254 1381 1256 1386 ’

93 1486 144 1564 bet,
163 1507 244 1566 cum,
277 1487 361 1552 detis
382 1489 529 1567 testibus
562 1488 614 1553 alii
642 1497 745 1554 tamen
769 1489 954 1554 citarentur:
990 1488 1073 1558 ,Aut
1094 1486 1153 1551 hoc
1171 1496 1214 1562 10

93 1589 203 1654 testium
224 1591 301 1656 sotis
324 1597 374 1654 est
393 1597 450 1654 aut
471 1591 589 1670 nescio,
611 1589 686 1672 quid
709 1590 786 1656 satis
803 1589 874 1668 sit“,
896 1589 941 1654 sic
962 1607 983 1653 a
1003 1606 1053 1654 me
1076 1587 1154 1652 satis

153 1830 172 1874 1.
190 1827 354 1878 iuremetE
390 1832 414 1880 2.
436 1826 621 1895 [consolaturi]
666 1827 742 1896 [porro
760 1825 794 1896 Α]
833 1832 856 1877 8.
875 1843 887 1875 e
905 1827 996 1876 om.E
1031 1831 1056 1880 t.
1077 1825 1156 1894 [ruodo

94 1893 193 1962 aaut]
236 1900 258 1945 7.
277 1894 616 1961 quodeusproquidernjss
652 1896 824 1946 8.etom.E
877 1894 969 1962 [Aulus
988 1893 1022 1962 A]
1069 1894 1155 1944 uita·

94 1961 229 2080 3³5st
280 1963 471 2019 durioremc
528 1967 659 2030 conparari
676 1965 751 2016 ELM
819 1962 991 2015 courmorn'C
1063 1967 1103 2013 11.
1125 1963 1157 2012 eit

94 2223 155 2275 ocio?
176 2221 339 2280 Durissime
361 2223 438 2280 dixit
464 2224 481 2281 I
508 2224 544 2282 de
572 2223 705 2282 Divinat.
734 2224 789 2281 72:
817 2223 864 2280 Eo
890 2241 989 2297 petrem
1016 2223 1158 2280 diuinandi

94 2323 137 2360 nou
156 2311 298 2378 maruha,
321 2310 370 2365 sed
386 2310 532 2382 artificioso
554 2309 696 2376 dicuntum
719 2313 746 2366 iu
768 2303 968 2388 quo(genere)
991 2309 1156 2384 doruspt'ces,

94 2409 198 2462 aruum
217 2397 427 2469 coniectoresque
437 2403 619 2452 numemutur.
653 2393 765 2454 Contra
786 2413 804 2451 a
822 2412 929 2471 genere
941 2394 984 2452 sic
995 2393 1156 2466 nominato,

95 2483 122 2530 nt
140 2475 174 2532 de
194 2477 316 2555 singulis
337 2479 397 2536 iam
420 2480 608 2556 cogitaretur,
632 2480 749 2537 transiit
775 2479 813 2536 ad
840 2479 957 2556 singula
984 2477 1157 2555 pronomine

95 2559 190 2634 plurali
211 2563 403 2640 significanda
424 2553 441 2622 Ϊ
463 2565 499 2622 de
521 2565 612 2642 Legg.
636 2567 690 2624 40:
724 2565 809 2622 ri'erno
836 2575 891 2621 tom
913 2567 1008 2622 audac
1030 2584 1158 2640 umquem

90 2645 147 2716 picit,
164 2651 225 2721 quein
248 2681 288 2690 —-
311 2651 488 2724 defensionem
503 2653 639 2725 facinoros
660 2671 679 2707 a
700 2659 813 2708 naturae
834 2653 907 2707 iure
934 2653 1052 2726 aliquo
1074 2669 1157 2725 quae·

97 2741 163 2788 reret
209 2731 301 2802 Quae
327 2738 353 2791 ei
377 2737 516 2811 appellare
542 2737 643 2794 audent
672 2739 748 2812 impii
768 2744 824 2793 cet.
869 2733 945 2813 [Cir.
969 2736 1007 2794 ad
1028 2737 1068 2806 V,
1092 2733 1158 2813 94.]

95 2813 194 2874 &dem
215 2819 302 2876 modo
324 2819 492 2878 defenditur
519 2821 587 2878 inde
609 2839 628 2877 a
649 2820 833 2897 Wopkensio
855 2821 989 2879 codicum
1011 2821 1159 2898 scriptura

96 2899 120 2956 in
140 2901 222 2960 Tusc.
243 2905 299 2974 1v,
324 2905 374 2962 65.

170 3008 249 3064 neque
265 3009 352 3066 porro
373 3010 406 3048 ae
427 3010 456 3048 eo
478 2987 574 3070 meuc)
597 2990 702 3051 Cicero
724 2990 773 3048 hic
795 3001 824 3048 et
840 2991 929 3050 Tusc.
952 2992 978 3064 1,
997 2991 1036 3049 89
1048 2991 1158 3050 famam

96 3067 188 3130 falsam
209 3085 328 3133 secutus
350 3084 404 3147 est,
427 3093 503 3152 quae
525 3077 603 3134 unde
625 3075 696 3134 oriri
717 3075 858 3151 potuerit,
880 3077 1011 3135 ostendit
1026 3078 1158 3136 Zonaras

95 3157 165 3213 dnn.
187 3160 272 3231 VIII,
296 3161 331 3230 5;
353 3161 494 3218 iactatum
517 3163 594 3220 eninr
618 3161 803 3219 sermonibus
814 3159 912 3220 fuerat
922 3172 991 3220 ante
1003 3163 1158 3239 proelium,

96 3239 208 3302 Decium
229 3245 260 3303 id
282 3245 439 3304 facturum.
481 3247 603 3304 Pridem
630 3265 693 3304 rem
719 3255 799 3304 recte
822 3260 1024 3324 exposuerunt
1044 3248 1079 3306 F.
1100 3250 1159 3307 Fa-

97 3325 194 3388 bricius
215 3329 267 3410 (ed
289 3332 379 3390 Tusc.
401 3328 513 3410 locum)
536 3343 566 3390 et
586 3331 817 3390 Freinshemius.
860 3333 926 3410 Ego
954 3343 1112 3409 antequam
1142 3354 1161 3393 a

96 3409 185 3471 Deciis
206 3415 334 3487 discedo,
357 3417 479 3488 addam,
502 3418 531 3474 in
554 3417 703 3476 Paradox.
729 3418 777 3488 12,
800 3417 852 3475 ubi
874 3418 991 3477 codices
1013 3419 1080 3499 (cfr.
1093 3439 1160 3479 cum

96 3491 368 3576 Guelf.01x.ou›)
393 3503 516 3560 habent:
554 3502 630 3571 Quae
652 3506 692 3560 oia
712 3512 818 3578 putrem
833 3504 962 3576 Decium,
992 3525 1063 3581 quoe
1071 3509 1162 3581 filium

96 3581 222 3654 ἅιεοεαιᾰι,
243 3590 352 3644 immuto
368 3591 395 3644 iu
406 3597 528 3646 aremus
540 3588 654 3648 hostium
664 3591 765 3664 copiae,
788 3587 818 3645 in
830 3589 971 3648 Plautino
988 3601 1018 3648 et
1034 3591 1160 3651 Attiano

96 3668 178 3726 rerbo
197 3683 225 3728 at
252 3673 282 3729 in
310 3673 454 3750 asyndeto
481 3674 615 3732 inaudito
642 3673 714 3732 satis
747 3674 905 3733 manifesta
937 3677 1064 3754 vestigia
1096 3697 1160 3736 esse

96 3769 174 3810 rarae
194 3757 370 3834 scripturae,
399 3776 486 3833 quam
509 3759 736 3835 Oudendorpius
765 3760 889 3819 ebonis
912 3761 995 3820 codd.
1024 3764 1162 3839 protulit:

96 3838 180 3896 deuota
202 3845 253 3899 outo
275 3846 392 3900 moriat.
435 3844 476 3901 Et
498 3853 595 3902 tannen
617 3843 797 3920 interpolata
817 3855 947 3922 putatur.

174 3927 220 3983 62.
253 3939 308 3986 trec
330 3921 430 4008 aliquo]
452 3927 531 3988 Gud.
557 3933 572 3987 1
597 3933 702 4005 reliqro',
726 3939 752 4002 ψ
774 3934 823 3988 olii
843 3927 935 4013 (idem
958 3932 1107 4006 ed.Crat.,
1131 3935 1162 3992 iu

97 4025 147 4084 mg.
168 4013 272 4088 aliquoi).
316 4015 467 4072 Numerus
494 4033 552 4072 non
581 4015 718 4072 definitus
741 4016 939 4092 significatur;
972 4019 1031 4076 vid.
1054 4019 1161 4078 lexico.

96 4091 211 4154 Graeci:
232 4101 311 4176 τρεῖς
331 4117 417 4164 τινες.
460 4102 499 4157 A.
523 4101 632 4159 Varius
654 4101 710 4158 hoc
732 4121 791 4160 uno
814 4103 880 4162 loco
902 4105 1080 4164 nominetur.

173 4187 236 4240 sutis
258 4185 353 4240 (ἰαὶιιηι
375 4193 415 4241 eet
437 4185 554 4262 testium)
578 4186 628 4246 Sic
650 4186 715 4244 Pal.
742 4192 768 4260 1,
792 4187 871 4264 Spir.
894 4186 965 4270 [B],
988 4211 1046 4268 mg.
1069 4191 1161 4264 Crat,

98 4265 256 4326 coddMor.
279 4279 309 4326 et
332 4269 420 4340 Scai,
443 4270 592 4346 ediditque
615 4271 778 4343 Gruterum
811 4274 974 4334 Lambinus
998 4281 1102 4334 teetirrm
1124 4289 1163 4336 est

97 4351 190 4410 durum.
232 4353 330 4412 Ceteri
353 4355 447 4426 codd,
470 4365 503 4412 ut
525 4358 617 4415 nostri
640 4357 809 4416 deteriores.
