2956 5028
409 409 453 453 ur
476 407 558 452 unt„
580 407 643 453 nna
665 409 688 452 u
710 410 784 455 cnr.
802 414 844 458 nr.
1083 393 1144 456 291

91 573 193 638 afferre
207 575 420 640 incrementum
441 575 537 652 diem:
560 575 613 656 qui
640 587 745 642 autem
767 579 928 659 uoltnptate
948 579 1045 642 vitam
1067 577 1147 642 effici

91 677 201 740 beatam
220 677 344 756 putabit,
366 677 419 756 qui
442 677 501 740 sibi
523 677 551 740 is
573 681 743 747 conveniet.
766 681 793 744 si
816 681 939 761 negabit
955 679 1149 760 voluptatem

91 795 217 841 nascere
235 777 477 859 longinquitate?
499 779 599 860 lgiunr
620 801 659 846 ne
680 783 964 862 doloremquidem
993 783 1042 844 An
1058 779 1149 844 dolor

90 877 268 958 longissimus
278 880 411 960 quisque
422 878 624 958 miserrimus
646 884 836 964 voluptatem
853 903 916 947 non
933 881 1149 963 optabiliorem

94 1099 357 1228 -ffifflffr-”W
378 1104 438 1152 aa.
456 1103 496 1154 aa.
515 1102 550 1170 a]
605 1103 694 1156 aaa·
709 1105 882 1154 mean
933 1103 1084 1168 *aaa
1124 1109 1149 1150 a.

94 1184 114 1220 ,0
181 1187 211 1216 eta

166 1365 207 1438 qai
226 1365 278 1422 sibi
298 1367 444 1442 convenia)
473 1367 503 1424 Ia
525 1367 657 1423 excludit
679 1367 769 1424 etiam
781 1365 860 1443 Spir.
878 1361 943 1446 [Bt
976 1367 1013 1424 In
1035 1365 1145 1424 Gudl

92 1461 145 1504 erat
167 1453 185 1504 ia
204 1451 261 1506 eibi.

166 1535 244 1607 luitur
265 1555 298 1592 ne
319 1537 436 1592 Morem
463 1535 585 1610 quidm)
619 1537 817 1594 Accusativus
844 1536 995 1612 postulare
1022 1535 1149 1599 videtur,

93 1627 117 1670 nt
137 1619 262 1676 audiatur
283 1640 401 1678 crescere
421 1623 500 1683 dicet,
523 1621 625 1678 durius
647 1640 684 1678 cx
707 1622 859 1696 superiore
882 1623 1000 1694 :malm
1022 1621 1061 1676 ad
1083 1637 1149 1676 sen-

93 1703 195 1760 tentiam
216 1705 314 1781 aptius
337 1707 403 1769 erit,
426 1706 451 1762 si
474 1707 530 1762 hoc
551 1706 614 1781 ipse
627 1707 732 1764 Cicero
755 1707 897 1782 adiunget
914 1717 944 1762 et
956 1706 1039 1780 sequi
1051 1717 1149 1762 osten·

93 1785 145 1842 det:
167 1790 245 1862 lqn'tur
266 1811 299 1846 ne
320 1792 398 1848 dolor
419 1792 526 1864 quidem
549 1791 699 1868 (crescet).
741 1792 848 1866 Neque
867 1791 955 1848 aliter
976 1789 1081 1850 Cicero
1103 1789 1150 1846 in·

93 1871 176 1948 tellegi
195 1875 267 1931 haec
290 1875 394 1946 voluit,
418 1875 469 1931 sed
491 1877 691 1932 accusativum
722 1877 957 1934 accommodavit
982 1875 1021 1930 ad
1048 1893 1148 1930 casum

93 1956 146 2013 eius
165 1961 346 2025 substantivi,
370 1962 416 2017 cui
439 1961 494 2017 hoc
517 1962 696 2018 contrarium
714 1972 768 2018 est.
806 1962 856 2018 Fit
878 1961 908 2017 id
930 1960 1048 2037 saepius
1069 1959 1149 2035 apud

94 2039 205 2115 htinoe,
227 2055 260 2100 nt
283 2046 313 2101 in
335 2044 541 2121 respondendo
563 2054 593 2102 et
614 2047 801 2124 adiungendo
823 2047 1000 2103 attractione
1022 2045 1149 2119 quadam

94 2137 178 2184 conus
197 2131 360 2188 sententiae
382 2131 526 2188 rationem
550 2131 710 2205 superioris
733 2131 875 2190 orationis
897 2131 1036 2205 obliquae
1052 2148 1149 2205 gram-

94 2213 210 2270 maticam
227 2215 353 2272 formam
365 2224 534 2289 sequantur,
558 2216 721 2272 subiectum
733 2217 903 2274 accusativo
915 2233 984 2272 casu
995 2225 1149 2291 ponentes,

94 2309 118 2348 nt
138 2297 151 2352 I
171 2299 247 2356 Nl).
272 2301 328 2356 82:
365 2299 439 2367 Qaa
460 2304 542 2372 ἱρέων
563 2309 672 2358 careas?
704 2301 787 2375 Apim
808 2303 882 2358 cllum
905 2321 989 2356 nortae
1010 2301 1088 2357 &um
1110 2303 1148 2356 ui-

94 2379 143 2436 ‹lm'
156 2384 305 2460 Acayptia's?
332 2385 398 2440 Tam
417 2387 513 2455 hercle,
536 2405 619 2459 qaam
641 2387 689 2440 tili
708 2388 783 2442 eldam
805 2396 921 2442 cestram
945 2385 1095 2460 Sospitam,
1117 2383 1149 2439 id

93 2476 139 2520 est:
169 2469 228 2524 Tam
251 2471 339 2526 hercle
365 2472 483 2531 aiaelcttcr,
512 2489 593 2544 quam
621 2471 670 2526 tihi
690 2473 738 2526 illa
759 2481 847 2528 vestm
871 2471 990 2544 despite.
1033 2469 1146 2526 Mem

93 2551 164 2608 uodo
183 2553 335 2611 durissime
357 2555 436 2630 apud
458 2555 630 2612 Terentium
653 2555 762 2632 Hecyr.
784 2555 825 2624 11,
840 2556 868 2612 3.
882 2557 910 2616 5.
933 2573 999 2612 cum
1012 2553 1147 2612 Sostrata

92 2632 211 2694 dixisset:
235 2641 280 2695 Ita
302 2643 419 2696 amariam
431 2642 603 2696 ardescerent.
626 2659 720 2696 soenes
742 2643 1027 2714 omnesesmiaiquas,
1050 2638 1146 2695 addit:

93 2718 165 2778 llud
179 2725 226 2798 pol
247 2744 287 2780 mc
309 2727 426 2798 qut'cleta.
454 2725 582 2782 Debuit:
606 2725 693 2781 Haud
704 2727 753 2800 pol
779 2745 826 2797 eqo
848 2727 970 2799 antidana
993 2743 1060 2779 nam
1083 2723 1150 2798 ipsa

92 2802 212 2869 sffinnat.
235 2827 314 2880 nou‚-
335 2809 405 2883 quid
428 2809 479 2866 alii
502 2809 539 2866 de
561 2828 592 2866 se
615 2810 752 2869 sentiant.
776 2811 855 2866 dicit.
905 2809 1063 2878 Similiter,
1097 2808 1150 2865 sed

92 2890 165 2960 paulo
184 2893 286 2955 lenius,
310 2894 415 2952 Cicero
437 2895 528 2971 Legg.
550 2896 576 2963 1,
600 2895 655 2950 52:
678 2897 825 2954 Postremo.
848 2897 874 2950 si
889 2905 1003 2970 propter
1024 2895 1149 2949 abbat-es

93 2975 161 3032 tirum
184 2982 329 3053 asperiter,
364 2981 455 3036 :aelius
484 2999 542 3036 ease
567 2981 674 3054 aliqatil
706 2999 788 3052 quam
817 2983 938 3036 uirtutem
970 2997 1074 3035 ttoecase
1101 2988 1150 3034 cat.

93 3055 197 3129 Quaerit
207 3064 275 3132 iarn,
299 3065 370 3138 quid
393 3065 431 3120 sit
442 3064 530 3133 illud;
553 3063 654 3120 debuit
666 3064 756 3140 igitur
767 3065 882 3121 dicere:
904 3065 1057 3121 Pecuniam
1068 3065 1149 3136 ἐρίων

93 3145 191 3209 (melior
211 3149 284 3223 est);
307 3150 369 3219 sed,
392 3149 476 3222 quasi
492 3149 657 3206 audiretur:
680 3168 783 3206 neccsse
804 3159 843 3206 cet
861 3169 927 3217 case,
950 3149 1040 3205 dixit:
1063 3149 1149 3204 Pecu·

92 3229 178 3288 tl'ssmae
196 3237 296 3306 iqiturt
327 3255 363 3290 aa
385 3235 515 3291 baumes?
546 3255 582 3289 aa
598 3237 737 3307 somnum?
758 3255 795 3290 aa
817 3235 1011 3291 calaminam?
1043 3233 1146 3289 Livius

93 3328 189 3390 quoque
215 3337 246 3375 se
269 3319 434 3393 implicavit
455 3319 509 3374 bac
532 3318 675 3375 orationis
698 3327 845 3376 structura
867 3321 905 3390 V,
929 3319 979 3388 35,
998 3319 1031 3374 3:
1064 3319 1147 3374 Hunc

90 3409 173 3466 oestro:
194 3437 234 3444 —
257 3405 373 3460 Romam
394 3405 495 3460 aenaeae
515 3407 662 3478 catapano,-
685 3405 714 3460 id
730 3423 832 3479 param
848 3413 1006 3473 causaest,
1029 3405 1146 3458 solamne

93 3500 120 3536 απ
139 3517 172 3529 -
193 3490 330 3549 adiutum.
360 3489 391 3545 id
413 3499 472 3556 est,
495 3490 586 3544 solane
607 3509 643 3544 an
665 3523 707 3530 —
729 3491 825 3545 adiectu
848 3491 954 3545 venerit.
999 3487 1149 3545 Volabant

93 3568 154 3626 enin
173 3573 271 3630 Latini
294 3573 419 3630 eandem
441 3573 617 3630 brevitatem
639 3574 788 3647 consequi,
812 3592 899 3647 quam
923 3591 976 3630 uos
994 3571 1148 3645 consequi·

93 3669 151 3725 utar,
171 3659 260 3714 verbo
283 3677 321 3714 ex
345 3659 676 3734 superioribusaadit03
698 3658 781 3732 atqui
804 3658 960 3715 sicecdetn
972 3657 1068 3728 modo,
1091 3655 1148 3712 hoc

93 3746 136 3804 θεῖ,
155 3742 266 3800 infinito
290 3745 463 3800 occurrebat
485 3744 584 3800 anbno
607 3743 789 3816 eundemque
812 3761 911 3800 casum
934 3742 1079 3799 trahebat.

159 3829 202 3883 Aa
223 3831 301 3885 (lawr
323 3831 491 3902 tmzqisatnna
513 3831 628 3902 qta'eqac
649 3831 812 3884 sarmatae
834 3827 904 3902 cet.)
935 3827 1094 3885 Goerenzii
1117 3824 1147 3880 in

93 3901 214 3969 hocloco
237 3931 367 3970 errorem
391 3923 421 3970 et
442 3913 656 3970 dubitationem
679 3911 784 3969 sustuli
807 3913 979 3970 adulescens
997 3911 1028 3968 iu
1041 3911 1148 3966 Emen-

93 3987 148 4050 date
168 3997 314 4055 Tullianis
335 4017 364 4074 p.
388 3999 443 4067 433
471 3998 531 4054 vid.
554 3997 591 4054 ad
613 3999 644 4068 Ι,
669 3999 696 4054 5.
746 3999 907 4054 Lambinus
939 4006 1008 4072 post
1034 3998 1149 4070 quisque

93 4075 185 4140 addida
206 4094 253 4153 ast,
277 4083 358 4158 quod
379 4093 444 4158 post
467 4082 645 4140 adiectivum
658 4083 854 4158 panidebuit3
878 4081 929 4138 sed
946 4081 1047 4138 durius
1059 4079 1148 4136 etiam

94 4165 196 4224 verbnm
216 4169 362 4226 omittitur
388 4169 418 4224 iu
445 4169 544 4243 priore
566 4168 697 4224 membro
720 4167 887 4224 huiusmodi
909 4163 1149 4241 interrogationis

93 4259 222 4310 connexae
243 4256 283 4324 V,
308 4254 357 4309 91.

892 4365 942 4418 19*
