2920 5012
388 435 433 482 nr
454 433 535 480 nnn.
552 434 615 482 nra.
632 435 644 480 1
666 435 738 482 car.
754 437 793 482 rr.
1064 416 1125 481 107

88 623 139 669 run
169 623 293 686 corpore
331 605 485 684 dolemuS,
530 602 600 670 lieri
638 613 743 690 tamen
780 622 951 687 permagna
989 605 1126 670 accessio

81 715 176 788 prust,
210 708 236 772 si
272 707 400 788 aliquod
430 713 590 772 aeternum
612 713 644 772 et
671 706 824 772 infinitum
850 707 1029 789 impendere
1060 727 1126 772 rna-

80 809 130 878 lunr
156 809 237 874 nobis
270 811 441 891 opinemur.
492 811 584 888 Quod
610 810 694 875 idem
720 809 792 874 licet
818 807 990 874 transferre
1016 810 1049 874 in
1070 828 1126 875 vo·

80 911 213 992 luptatem,
236 917 271 977 ut
293 931 330 976 ea
352 913 452 977 maior
473 913 522 993 sit,
546 913 572 978 si
594 913 670 978 nihil
692 913 754 976 tale
770 917 953 977 metuamus.
987 913 1037 979 56.
1060 913 1126 977 Iam

79 1013 138 1077 illnd
156 1014 273 1096 qrridem
296 1015 494 1096 perspicuum
517 1021 579 1094 est,
601 1013 766 1078 maximam
788 1014 882 1078 animi
905 1021 961 1078 aut
981 1015 1125 1096 volupta·
1143 1013 1164 1079 5
1268 1061 1273 1070 -

79 1123 127 1180 ten
144 1124 193 1180 ant
213 1117 385 1182 molestiam
406 1117 478 1198 plus
500 1124 555 1182 aut
577 1117 617 1182 ad
639 1116 763 1181 beatam
784 1122 840 1181 aut
860 1117 902 1181 ad
920 1117 1066 1181 miseram
1082 1118 1127 1182 vi·

79 1226 127 1282 um
144 1221 251 1285 atierre
272 1219 421 1284 momenti
443 1239 537 1302 quam
560 1237 668 1284 eorum
690 1218 857 1298 utrumvis,
891 1219 918 1283 si
946 1236 1046 1300 aeque
1074 1219 1128 1284 diu

78 1319 107 1383 sit
132 1321 167 1398 in
191 1340 329 1403 corpore.
384 1322 455 1386 Non
492 1322 597 1403 placet
628 1331 747 1401 autern,
786 1322 928 1386 detracta
959 1321 1135 1402 voluptate,¹

78 1423 278 1504 aegdmdinem
301 1425 407 1489 statim
428 1425 589 1506 consequi,
623 1424 682 1488 nisi
704 1424 736 1488 in
758 1423 927 1505 voluptatis
948 1423 1049 1488 locum
1072 1424 1127 1488 do-

77 1523 112 1588 lor
130 1523 204 1590 forte
225 1527 423 1606 successerit
456 1533 490 1591 at
516 1535 625 1591 contra
646 1526 784 1608 gaudere
804 1532 928 1590 nosmet
949 1525 1127 1590 omittendis
1146 1525 1188 1592 10

77 1625 219 1706 doloribus,
252 1629 374 1693 etiamsi
395 1628 540 1710 voluptas
564 1648 610 1707 ea,
633 1647 713 1710 quae
735 1647 861 1693 sensum
889 1635 1020 1706 moveat,
1043 1627 1127 1694 nulla

131 1803 149 1847 1,
168 1816 263 1864 corpore
289 1816 336 1848 nou
353 1797 400 1851 dol.
421 1801 440 1850 s:
485 1805 508 1849 2.
536 1798 630 1864 aliquid
654 1814 741 1850 omnes
788 1797 919 1866 [marum
938 1798 991 1864 Eh]
1028 1801 1051 1848 5.
1070 1797 1130 1848 illud

77 1865 160 1928 pods
194 1867 283 1934 [animi
302 1873 432 1918 maximam
449 1867 485 1936 Δ]
532 1873 555 1918 e.
572 1868 607 1918 od
623 1883 672 1918 cm.
691 1867 713 1917 E
732 1869 792 1934 (bis)
828 1868 890 1918 Post
907 1869 998 1918 beatam
1016 1868 1075 1917 add.
1093 1867 1129 1917 ω’·

75 1942 112 1981 ton
127 1936 146 1984 1.
178 1939 200 1988 7.
227 1952 307 1986 eorico
324 1936 445 2000 tardaeque
462 1938 575 1988 ammeio
593 1939 617 1987 R
854 1949 856 1952 '

74 2081 230 2164 enim'tnm,
253 2111 320 2150 cum
342 2112 465 2172 corpore
488 2094 635 2164 dolemus,
664 2113 722 2152 non
744 2092 887 2151 minorem
909 2092 1040 2151 dolorem
1063 2112 1129 2170 per·

74 2177 198 2252 cipiamns
220 2179 323 2256 (quam
346 2198 412 2237 cum
434 2181 555 2254 animo),
577 2179 620 2237 ita
641 2189 675 2236 ut
696 2181 826 2237 nondum
848 2178 963 2254 inipso
981 2187 1129 2237 momento

73 2263 236 2338 percipiendi
251 2267 417 2341 praesentis
434 2267 544 2324 doloris
566 2265 695 2323 excellat
716 2265 806 2322 animi
829 2263 922 2336 dolor,
946 2275 1045 2322 tamen
1062 2285 1130 2342 per·

73 2365 163 2424 ωεςπα
182 2350 312 2408 accessio
335 2351 397 2408 fieri
420 2361 518 2428 potest
540 2361 594 2409 etc.
639 2349 733 2410 Gaius
761 2351 852 2408 tradit
878 2369 932 2425 pro
960 2353 1028 2408 enim
1056 2351 1130 2409 duos

72 2451 131 2490 snos
149 2435 261 2493 codices
282 2435 392 2494 habere
414 2458 475 2509 non,
499 2457 536 2494 ex
559 2446 629 2496 nota
650 2457 676 2494 a.
700 2437 828 2508 scilicet,
852 2436 941 2494 duos:
973 2456 1057 2510 neque
1078 2455 1130 2493 oon

71 2521 199 2577 duanae
251 2521 348 2578 Paulo
381 2532 449 2599 post
475 2525 582 2598 oliqacid
607 2523 696 2580 etiam
721 2523 841 2599 ,plures
863 2522 984 2598 seripti“
1009 2519 1077 2580 Gaii
1101 2529 1131 2578 et

70 2605 266 2680 13rid.ad§
293 2609 341 2664 18.

146 2693 191 2748 56.
235 2693 296 2749 Iam
317 2695 387 2750 illud
407 2695 515 2768 quidem
534 2697 706 2769 perspicuum
727 2697 778 2768 eet)
801 2692 992 2751 Perbreviter
1012 2691 1132 2769 attingi·

71 2783 114 2832 tur
139 2796 183 2835 res
215 2779 355 2850 obscure,
390 2798 465 2855 quae
487 2797 631 2858 nusquam
659 2777 731 2835 alibi
753 2779 920 2854 exponitur.
963 2778 1042 2836 Nam
1065 2797 1132 2836 curn

70 2873 127 2919 ante
158 2864 287 2940 singulas
319 2865 410 2922 animi
443 2875 473 2922 et
500 2864 632 2940 corporis
660 2864 828 2940 voluptates
856 2864 1030 2938 doloresque
1053 2882 1131 2922 com·
1161 2893 1166 2904 v

70 2959 202 3021 parasset,
230 2967 309 3007 nnnc
330 2959 433 3028 neget,
462 2950 614 3025 utriusque
641 2949 758 3026 generis
780 2949 903 3006 eandem
925 2949 985 3006 vim
1008 2968 1072 3007 esse
1094 2949 1133 3006 ad

71 3041 153 3091 totum
184 3045 292 3092 statum
325 3026 517 3109 εὐδαιμονίας
539 3034 735 3116 ¹efficiendum
769 3043 821 3092 aut
853 3035 1052 3092 minuendum.
1095 3036 1132 3092 In

70 3136 120 3192 quo
140 3120 241 3192 miror,
275 3120 348 3196 quid
369 3121 438 3178 novi
461 3119 638 3178 discriminis
660 3121 731 3178 oriri
758 3120 853 3196 possit
885 3129 1003 3196 praeter
1024 3121 1133 3196 gradus

69 3204 140 3276 sslos,
172 3225 244 3280 quos
272 3217 341 3264 ante
368 3206 482 3282 posuit;
516 3225 583 3264 narn
615 3225 723 3282 genere
750 3225 809 3264 non
832 3204 987 3264 differebat
1007 3215 1133 3281 utraque

70 3291 202 3367 voluptas.
246 3291 307 3352 Sed
329 3291 485 3367 Epicurus,
509 3311 585 3366 quae
607 3292 815 3362 coniunxerat,
843 3309 944 3349 rursus
967 3291 1082 3348 divellit
1104 3299 1134 3348 et

70 3376 151 3433 ntitnr
171 3377 335 3436 incuriosus
357 3377 504 3435 communi
527 3378 677 3435 hominurn
701 3377 840 3454 opinione
861 3377 898 3434 de
921 3377 1011 3434 animi
1028 3377 1133 3454 volup·

69 3462 129 3518 tatis
150 3473 179 3519 et
200 3464 311 3521 doloris
333 3463 372 3520 vi.

144 3547 205 3605 ivon
223 3551 315 3624 placet
336 3559 422 3606 auton
446 3546 515 3624 etc.)
538 3549 621 3606 Haec
644 3548 733 3624 paulo
755 3545 958 3625 neglegentius
980 3567 1133 3624 exponun-

67 3642 116 3688 tur.
169 3633 246 3692 Nam
276 3653 352 3710 quae
375 3635 410 3691 de
437 3634 554 3692 sublato
576 3634 673 3692 medio
696 3634 773 3691 inter
794 3633 978 3711 voluptatem
1000 3643 1030 3691 et
1052 3633 1134 3692 dolo·

66 3735 120 3776 rem
154 3719 305 3791 dicuntur,
339 3739 435 3794 neque
468 3720 516 3777 hic
544 3737 610 3776 cum
643 3719 749 3776 ceteris
783 3719 941 3778 cohaerent
973 3729 1003 3778 et
1035 3720 1134 3796 posita

67 3815 145 3861 erent
164 3805 223 3862 iarn
245 3810 260 3876 ξ
285 3807 340 3877 38,
369 3815 400 3862 et
422 3824 514 3880 prave
536 3804 734 3876 concluditur,
764 3805 832 3862 hine
853 3805 1001 3882 intellegi,
1023 3814 1135 3881 quanta

67 3891 196 3966 voluptas
224 3892 263 3948 sit
290 3910 349 3949 non
373 3890 486 3961 dolere;
519 3909 588 3948 nam
609 3892 756 3966 Epicurus
786 3901 903 3961 contra,
938 3910 1004 3949 cum
1037 3900 1135 3950 osten-

66 3975 165 4048 disset,
197 3977 228 4033 in
251 3995 309 4035 non
332 3976 458 4034 dolendo
480 3977 539 4034 iarn
562 3995 626 4034 esse
656 3975 853 4052 voluptatem,
887 3977 956 4034 hinc
978 3976 1135 4050 efficiebat,

65 4061 132 4120 nihil
155 4081 219 4120 esse
241 4063 379 4120 medium.
424 4063 553 4122 Omnino
574 4063 661 4133 haec,
696 4080 771 4137 quae
799 4063 837 4120 ad
859 4063 1009 4121 notionem
1030 4064 1135 4140 volup·

65 4148 127 4206 tatis
151 4147 356 4224 explicandam
379 4149 541 4224 pertinent,
575 4149 684 4206 rectius
706 4148 790 4206 initio
819 4149 917 4224 posite
938 4157 1050 4220 essent3
1083 4149 1136 4207 sed

65 4232 89 4289 id
109 4253 148 4292 ne
170 4235 235 4310 ipse
256 4234 376 4309 quidem
398 4233 545 4310 Epicurus
568 4251 686 4292 curasse
708 4235 842 4306 videtur,
874 4243 908 4292 ut
929 4241 1010 4292 certo
1033 4235 1136 4293 ordine

65 4317 130 4378 haec
154 4328 383 4395 exponerentur.
418 4320 492 4379 Cum
514 4320 545 4377 in
567 4320 698 4378 salebras
715 4319 869 4393 inciderat,
892 4320 1042 4379 oriebatur
1058 4339 1137 4380 nora

65 4407 215 4464 sententia.
