2938 5020
395 419 440 464 nr
464 417 545 465 nnn.
563 417 627 464 nna
644 417 668 462 n
691 417 765 465 cnr.
786 421 825 464 rn.
1098 399 1158 463 211

94 587 146 652 nlla
165 590 202 654 de
222 607 343 653 summo
365 587 449 652 bono
471 587 553 651 ratio
575 593 631 650 aut
652 585 825 667 voluptatis
835 603 898 650 non
910 585 1075 650 dolendive
1086 603 1161 666 par-

93 689 176 771 ticeps
195 699 250 754 aut
271 689 448 766 honestatis
471 707 584 770 expers
606 687 799 770 probabitur.
833 689 882 752 lta
905 687 1061 768 relinquet
1072 689 1161 766 duas,

92 792 126 855 de
142 792 247 873 quibus
269 793 365 858 etiam
386 799 483 873 atque
505 791 599 856 etiam
621 789 806 855 musiderct.
851 791 915 854 Aut
936 789 1018 855 enim
1035 795 1161 868 statuet,

91 893 154 958 nihil
172 913 240 960 esse
262 895 377 960 bonum
399 894 461 958 nisi
482 895 657 971 honestum,
680 891 755 957 nihil
777 892 893 957 maltmr
915 891 1087 973 nisimrpe‚
1109 909 1160 958 ce·

90 1007 148 1060 tera
166 1005 218 1061 aut
240 997 367 1062 omnino
395 995 471 1060 nihil
493 996 610 1061 habere
631 995 779 1060 momenti
801 1003 858 1060 aut
878 1001 1013 1072 tanturn,
1047 1001 1082 1060 ut
1103 995 1199 1059 noch

91 1100 248 1178 upeunua
270 1117 329 1164 nec
356 1097 518 1180 hrgienda‚
551 1098 609 1162 sed
630 1097 775 1178 eligenda
801 1097 894 1161 modo
921 1103 976 1160 aut
1002 1097 1160 1161 reicienda

93 1199 153 1276 sint
172 1208 224 1265 aut
245 1207 418 1283 anteponet
439 1219 517 1278 eam,
540 1217 717 1282 quamcum
739 1199 903 1264 honestate
920 1198 1159 1277 ornatissimam,

91 1303 259 1367 amatium
287 1303 366 1384 ipsis
393 1301 491 1366 initiis
518 1309 651 1366 naturae
678 1309 710 1366 et
736 1301 833 1366 totius
860 1299 1051 1382 perfectione
1077 1300 1159 1366 vitae
1223 1387 1225 1392 ,

90 1401 294 1492 locupletatam
316 1403 442 1468 videbit
477 1401 892 1485 Quodeoliquidiuslaciet,
916 1401 943 1466 si
954 1401 1159 1484 perspexerit,

91 1523 181 1570 rerum
200 1507 281 1572 inter
304 1525 358 1570 eas
381 1505 587 1570 verborumne
609 1505 650 1569 sit
672 1504 893 1570 controversia
1178 1504 1220 1568 10

151 1749 169 1790 1.
188 1743 229 1793 lin
247 1744 368 1794 LPMCR
420 1743 450 1794 de
467 1759 558 1793 summa
576 1743 740 1792 lonmutioE
793 1747 816 1792 2.
838 1741 976 1810 [lanatum
993 1745 1160 1812 uprobabtpor

92 1809 131 1878 ΔΙ]
180 1813 313 1876 ηἱὺιᾳνιιηε
335 1812 433 1862 PMCR
487 1817 509 1861 8.
528 1811 650 1862 statuitC
678 1817 701 1861 5.
719 1815 815 1862 coruino
838 1826 879 1860 om
911 1811 932 1860 L
986 1817 1007 1860 6.
1027 1813 1159 1877 menda

91 1896 125 1927 aar
140 1879 241 1946 abendo
258 1881 327 1931 modo
348 1879 394 1930 sed
404 1880 526 1947 saqierrda
549 1889 592 1930 aut
612 1880 771 1930 recondat.
809 1883 833 1933 7.
851 1881 1023 1946 interponatis
1059 1885 1081 1931 8,
1100 1882 1159 1946 ipsis

92 1949 171 1997 omli
220 1955 242 2000 9.
262 1947 404 2014 locupletam
423 1951 441 1998 Ε
461 1948 598 2014 locupletem
618 1951 640 1999 R

90 2167 287 2228 permutantur.
331 2157 489 2214 Praesenti
522 2175 618 2232 nsque
651 2176 705 2234 per
732 2175 763 2214 se
791 2157 874 2214 locus
904 2167 962 2229 est,
987 2176 1062 2230 cum,
1086 2159 1157 2233 quid

91 2241 154 2298 ratio
185 2243 349 2300 iudicatura
382 2243 436 2313 sit,
471 2243 665 2320 significetur,
700 2261 796 2317 neque
830 2243 860 2299 in
893 2243 948 2299 hac
972 2243 1061 2302 serie:
1091 2264 1156 2320 pro·
1231 2259 1245 2272 ·

91 2328 215 2389 riarabbhil.
242 2331 379 2394 reicietur,
403 2329 579 2402 probabitur,
614 2330 744 2403 relinquet
777 2337 845 2384 cett.
894 2328 1031 2387 Klotzius
1059 2339 1157 2388 tamen

91 2409 211 2482 (Quaest
232 2413 312 2470 Tull.
336 2433 364 2489 p.
378 2411 433 2490 57)
455 2431 510 2471 nos
533 2413 627 2481 docet,
651 2414 681 2470 in
695 2414 800 2472 ceteris
813 2414 1046 2486 commemorari,
1069 2415 1156 2490 quale

90 2495 119 2550 sit
139 2495 264 2556 futurum
287 2498 412 2556 rationis
434 2499 585 2570 iudicium,
608 2499 681 2556 haee
703 2499 841 2556 universe
863 2499 937 2556 dici:
960 2501 996 2558 de
1008 2501 1156 2558 vacuitate

90 2579 187 2640 doloris
212 2584 335 2641 eandem
369 2602 433 2640 esse
468 2583 614 2642 sentiendi
641 2584 844 2643 condicionem
873 2603 907 2640 ac
935 2585 1039 2662 legem.
1089 2587 1156 2644 Hoc

90 2666 189 2724 scilicet
209 2669 355 2746 significat
377 2673 505 2726 aaronita
528 2681 581 2739 est;
611 2681 640 2728 et
668 2670 698 2726 in
722 2669 828 2727 ceteris
851 2667 956 2728 Cicero
979 2671 1155 2729 senteutiam

89 2749 169 2824 ipsum
191 2755 312 2812 ratiorus
334 2765 364 2812 et
385 2755 526 2812 iudicium
555 2756 668 2830 posuit,
702 2755 750 2812 hic
780 2755 926 2812 sentiendi
953 2757 1154 2814 condicionem

90 2840 322 2897 commemoravit.
367 2839 487 2915 Septem
511 2839 617 2898 Cicero
645 2839 715 2919 (35)
743 2841 815 2898 fines
839 2851 992 2916 posuerat,
1026 2843 1077 2918 qui
1106 2843 1155 2900 ‹le-

89 2917 156 2979 iendi
177 2937 309 2999 possent:
333 2925 387 2983 hos
408 2943 488 2982 nunc
510 2927 669 3000 percurrit,
697 2926 824 3002 primum
848 2925 1030 3002 voluptatem
1060 2947 1155 2986 remo·
1183 2967 1187 2976 ·

90 3022 149 3064 rens
184 3011 244 3066 sire
284 3011 377 3068 solum
412 3009 590 3089 (Aristippi)
624 3011 686 3068 sive
721 3029 786 3068 cum
820 3011 929 3068 virtute
968 3013 1154 3071 coniunctam

90 3089 313 3170 (Calliphontis);
337 3097 520 3171 voluptatem
544 3097 679 3172 sequitur
705 3097 839 3155 vacuitas
867 3098 978 3155 doloris
1006 3099 1069 3156 sive
1092 3099 1155 3156 sola

90 3175 275 3258 (Hieronymi)
299 3181 362 3238 sive
390 3181 529 3238 adiuncta
553 3179 725 3262 (Diodori);
758 3183 805 3239 his
838 3183 965 3240 adicitur
993 3183 1154 3242 Carneadis

91 3266 228 3329 sententia,
251 3267 490 3342 generaliterque
512 3268 721 3342 pronuntiatur
744 3269 871 3343 (rreerrllu
894 3271 971 3344 etc).
1016 3271 1094 3327 Turn
1117 3270 1154 3326 ad

90 3343 189 3406 Stoicos
210 3362 240 3408 et
261 3351 454 3410 Polemonem
478 3353 605 3409 venitur.
638 3353 678 3410 Et
700 3354 730 3410 in
753 3354 809 3410 hac
832 3355 1013 3414 serierius
1033 3354 1154 3426 „interi-

90 3448 155 3490 orem
176 3435 384 3512 disputationis
407 3445 535 3494 nexum“
561 3440 709 3496 turbatum
733 3457 798 3496 esse
820 3440 950 3515 putavit!

142 3519 186 3576 38.
208 3543 253 3579 nec
266 3517 337 3602 ulier)
348 3523 468 3580 Primus
476 3541 513 3580 ex
519 3524 585 3581 Pal.
597 3527 609 3581 1
624 3524 1038 3596 restituitDav.‚retinuerunt
1050 3544 1152 3584 recen·

89 3599 164 3660 tiores
173 3607 263 3664 taciti.
287 3607 409 3664 Habent
420 3609 509 3666 etiam
521 3605 633 3710 [BJEE.
652 3607 692 3690 [B
704 3613 858 3684 relinquunt
868 3611 977 3669 habere
992 3607 1152 3692 scribitur]

158 3703 204 3746 aut
224 3703 343 3762 toaleam,
372 3703 401 3750 ut
424 3691 494 3772 etc.)
531 3695 578 3752 Τα
609 3689 780 3770 προηγμένα
808 3707 838 3753 et
859 3687 898 3752 τὰ
922 3687 1151 3773 ἀποπροηγμένα

89 3767 237 3834 Stoicorum
261 3779 417 3854 significat,
441 3799 516 3854 quae
540 3771 626 3850 ἀξίαν
643 3779 792 3837 habebant
809 3781 966 3856 quandam,
989 3791 1022 3839 ut
1034 3782 1063 3838 in
1076 3781 1152 3839 libro

88 3855 127 3912 ΠΙ
146 3863 309 3936 exponitur.

158 3957 209 4003 turn
232 3953 311 4005 etiarn
335 3951 402 4024 apsis
424 3952 505 4006 initiis
517 3947 644 4029 autricae)
667 3950 770 4027 prioris
782 3961 913 4015 naturae,
932 3970 1006 4027 quae
1019 3953 1151 4028 corporis

87 4023 151 4084 boun
171 4041 199 4089 et
221 4043 346 4090 externa
367 4035 558 4110 appellabant
580 4036 773 4112 Peripatetici
804 4046 833 4094 et
855 4038 1037 4095 Academici.
1082 4039 1151 4096 Vid.

88 4129 139 4169 cxc.
160 4117 196 4174 ad
218 4123 232 4188 ξ
257 4120 306 4176 33.
352 4119 431 4177 Huic
453 4121 646 4196 appellationi
669 4141 687 4179 a
710 4121 819 4182 Stoicis
843 4125 994 4181 traductae
1017 4124 1151 4201 adiungit

87 4199 274 4262 Aristoteliam
297 4203 465 4276 formulam,
488 4199 552 4281 βίον
570 4199 680 4264 τέλειον
704 4226 770 4266 cum
793 4209 902 4266 virtute
915 4210 1149 4287 coniungentem

88 4283 174 4344 eadem
195 4290 350 4347 sententia.
394 4291 463 4348 Vid.
493 4291 531 4346 acl
553 4292 596 4361 V,
629 4293 678 4349 26.
722 4293 791 4368 lpse
814 4294 933 4366 Cicero,
968 4297 1150 4354 Antiochum

89 4383 206 4443 aqueus,
228 4395 259 4432 re
283 4375 361 4432 idem
384 4377 493 4434 sentire
517 4375 632 4437 Stoicos
655 4389 685 4436 et
706 4381 922 4456 Peripateticos
945 4383 1101 4442 statuebat

892 4499 942 4553 14*
