3034 5030
484 374 528 420 nr
552 373 631 420 una.
649 373 712 420 nm.
730 373 765 419 m
787 373 860 420 cnr.
882 377 920 420 ra.
1164 357 1230 420 415

151 541 286 621 piantem
308 541 432 606 beatum
455 559 533 620 esse,
556 559 625 606 cum
637 541 742 606 eculeo
753 543 959 622 torqueatur?
981 541 1098 605 Eorum
1114 547 1229 619 autem,

151 643 203 722 qni
225 643 364 708 dolorem
385 642 417 707 in
438 643 528 708 malis
551 661 613 707 non
635 643 763 721 habent,
797 644 877 708 ratio
905 649 989 708 certe
1011 643 1106 724 cogit,
1139 648 1175 707 ut
1196 643 1227 706 in

151 744 292 809 omnibus
315 745 476 809 tormentis
498 753 700 810 conservetur
721 745 813 809 beata
834 744 898 808 vita
920 744 1062 825 sapienti.
1106 743 1229 808 Etenim

151 845 177 908 si
199 847 322 911 dolores
344 847 470 910 eosdem
491 846 681 911 tolerabilius
704 846 880 927 patiuntur,
913 846 966 927 qui
995 846 1153 926 excipiunt
1173 863 1227 910 eos

150 965 208 1026 pro
231 946 348 1028 patria,
381 966 475 1028 qnam
497 948 550 1029 qui
572 947 689 1012 leviore
709 947 749 1012 de
771 965 880 1024 causa,
913 947 1017 1028 opinio
1045 946 1132 1026 iacit,
1166 953 1268 1016 noni>

151 1055 274 1126 natura,
296 1048 358 1111 vim
368 1049 486 1114 doloris
508 1053 564 1114 aut
584 1047 732 1112 maiorem
755 1057 810 1113 aut
824 1048 982 1114 minorem.
1016 1051 1067 1114 43.
1090 1049 1226 1113 Neillud

150 1150 275 1230 quidem
299 1155 348 1214 est
370 1157 621 1228 consentaneum,
643 1155 687 1228 ut,
710 1151 745 1229 si,
768 1168 838 1214 cum
861 1151 922 1214 tria
943 1169 1059 1232 genera
1075 1151 1228 1215 bonorum

151 1251 222 1328 sint,
244 1269 325 1332 qnae
343 1253 496 1317 sententia
518 1260 566 1316 ost
587 1251 875 1332 Peripateticorum,
899 1270 935 1316 eo
955 1253 1075 1317 beatior
1097 1251 1229 1333 quisque
1290 1299 1292 1304 -

151 1351 200 1432 sit,
224 1371 286 1434 quo
309 1353 350 1418 sit
371 1354 512 1434 corporis
534 1360 590 1417 ant
611 1352 748 1417 externis
770 1353 1001 1434 bonisplenior,
1024 1362 1060 1417 ut
1077 1353 1135 1418 hoc
1146 1354 1229 1418 idem
1331 1349 1338 1363 '

212 1595 232 1641 1,
252 1589 395 1640 aream?
431 1590 515 1639 cumin
525 1591 604 1642 eculeo
622 1591 643 1640 L
677 1596 698 1639 9.
719 1589 785 1640 aliia
803 1589 931 1650 (umam.
951 1591 987 1640 uti
1003 1591 1133 1640 nominibus
1155 1589 1228 1658 [Aba

151 1663 176 1710 8.
195 1655 244 1706 aaa
263 1659 373 1707 beataE
410 1665 435 1711 4.
453 1657 545 1708 eoadem
563 1660 651 1709 om.L
685 1657 939 1723 patibntorLPlllCR
976 1665 998 1708 b.
1018 1659 1230 1709 levioriELPMR

151 1727 414 1862 fgbagmfihffelioto
432 1729 561 1792 apati0,l·2
614 1745 660 1776 non
679 1737 819 1777 naturarum
837 1726 966 1778 dolormll
1033 1733 1056 1780 9.
1076 1727 1140 1790 qnod
1157 1727 1229 1778 mc

150 2020 315 2077 doctrinam
338 2019 411 2097 (vid.
436 2021 485 2088 48,
509 2019 603 2076 Aead.
626 2021 668 2090 11,
692 2021 742 2090 27,
765 2021 855 2077 Tuae.
878 2022 916 2092 V,
935 2020 990 2095 87)
1013 2020 1131 2095 sapiens
1153 2037 1230 2076 sem·

151 2123 204 2180 per
227 2106 331 2162 beatus
354 2123 499 2162 essenon
522 2105 624 2179 possit
669 2104 762 2163 Gaius
785 2115 879 2181 putat,
904 2125 982 2176 „non
1005 2125 1084 2175 esse,
1112 2113 1145 2161 ut
1167 2123 1230 2161 mo·

151 2199 265 2259 meatur,
289 2190 335 2246 his
352 2189 514 2265 Epicureos
537 2189 648 2246 inuui.“
682 2191 782 2248 Verba
809 2191 939 2247 correxit
960 2191 1137 2258 Lamniana
1160 2208 1228 2246 nam

151 2275 255 2350 optimi
279 2275 373 2345 codd,
397 2275 461 2330 Pal.
489 2278 501 2330 1
527 2283 557 2331 et
580 2273 657 2350 Spin.
681 2278 725 2332 illo
752 2279 863 2346 maone,
887 2275 948 2332 Erl.
971 2271 1025 2356 [B]
1048 2278 1095 2331 illo
1118 2278 1228 2346 ratione,

150 2360 254 2417 eodem
278 2379 377 2416 errore
400 2378 438 2416 ex
460 2360 634 2434 compendio
657 2360 758 2434 aliquo
781 2371 855 2431 orto,
879 2379 937 2434 quo
961 2361 1007 2430 §3
1030 2379 1162 2416 earmina
1174 2379 1230 2435 pro

150 2465 242 2501 aarum
266 2465 355 2501 remim
378 2445 532 2520 (aequente
544 2445 643 2501 littera
665 2445 694 2524 r)
717 2446 859 2520 scriptum
871 2454 943 2502 erat.
976 2445 1054 2502 Hine
1066 2445 1143 2502 Pall.
1157 2446 1184 2516 3,
1199 2447 1228 2514 4,

149 2524 233 2599 Eut,
257 2529 315 2586 duo
339 2528 408 2587 Gzii
430 2539 463 2585 ut
484 2539 584 2586 noster
606 2531 646 2599 P,
669 2541 723 2606 χψ,
746 2531 856 2606 plures,
879 2531 1076 2601 utvidentur,
1100 2529 1177 2586 Poll.
1200 2541 1229 2586 et

149 2616 227 2672 Dav.
250 2623 283 2670 ut
305 2615 397 2671 nostri
420 2615 490 2684 MR,
514 2625 544 2670 et
565 2614 607 2670 sic
629 2625 697 2671 ante
710 2616 885 2672 Lambinum
908 2635 945 2672 ex
963 2617 990 2672 R
1011 2615 1063 2672 alii
1085 2615 1230 2682 editores;

148 2701 260 2757 aliia'lla
283 2702 352 2756 ratio
373 2710 413 2756 eat
434 2719 524 2756 eornm
546 2718 583 2756 ax
607 2699 641 2770 C,
664 2709 694 2756 et
716 2701 758 2757 sia
769 2701 846 2758 Dav.
869 2701 899 2757 in
923 2700 1005 2758 codd.
1029 2700 1143 2774 aliquot
1164 2719 1229 2756 essa

148 2786 200 2843 ait.
225 2785 369 2860 Scaligeri
381 2793 466 2841 vetus
488 2782 532 2862 (et
544 2785 645 2841 Lamb.
658 2785 687 2841 in
701 2785 798 2860 priore
811 2785 909 2860 edit.):
938 2789 1039 2842 mitione
1050 2805 1148 2855 eornm,
1172 2789 1228 2859 qni.

76 2925 79 2930 .
150 2872 224 2928 Mox
243 2874 387 2946 patiuntur
409 2868 504 2937 Crat,
528 2869 621 2936 Vict,
646 2870 763 2940 Lamb,
787 2871 864 2927 Dav.
888 2880 1006 2946 etpost
1028 2871 1105 2927 bunc
1128 2869 1228 2939 ceteri,

150 2956 213 3013 aina
236 2955 371 3012 codicum
395 2955 552 3022 mentione,
575 2963 608 3011 ut
629 2973 707 3012 nune
730 2955 847 3012 demum
864 2957 1067 3024 confirmatum
1090 2974 1157 3012 nam
1181 2974 1229 3012 su·

149 3041 282 3117 perieras
301 3038 421 3117 (Mare.)
444 3049 473 3096 et
485 3039 641 3110 Gruterus,
665 3049 726 3096 tum
750 3040 807 3099 Ox.
825 3058 843 3116 χ
859 3045 1011 3116 patiantur,
1035 3041 1061 3098 Ε
1078 3044 1227 3114 perennior.

155 3127 338 3184 Tolerabilitar
353 3127 431 3199 seme
453 3125 555 3181 eodem
578 3125 753 3200 significatu,
777 3145 835 3200 quo
858 3129 1008 3197 toleranter,
1032 3125 1108 3183 dixit
1124 3125 1230 3183 Cicero

150 3212 240 3268 etiam
264 3211 353 3268 Tuae.
376 3209 499 3280 111,55,
522 3210 559 3266 ad
571 3211 653 3266 Fam.
666 3211 736 3281 XV,
752 3213 801 3281 20,
816 3212 843 3266 2.
872 3213 1031 3267 Amabiliter
1041 3229 1095 3285 pro
1106 3221 1230 3266 amanter

149 3297 227 3354 dixit
248 3295 399 3353 Antonine
422 3296 452 3351 in
475 3313 521 3370 ep.
544 3294 582 3351 ad
604 3294 665 3354 Cio.
688 3303 757 3370 post
779 3315 824 3371 ep.
847 3297 885 3352 ad
906 3298 971 3353 Att.
994 3297 1081 3364 XIV,
1108 3295 1161 3364 133
1190 3295 1229 3351 si·

149 3381 248 3438 milem
271 3381 517 3456 permutationem
540 3379 570 3436 in
593 3379 746 3437 adieetivis
769 3379 944 3455 quibusdam
966 3381 1114 3450 accidere,
1137 3398 1230 3437 anno·

148 3475 242 3524 tatum
267 3474 312 3522 est
334 3465 486 3540 (Ruddim.
508 3465 581 3540 Hp.
595 3463 658 3543 99),
682 3483 719 3521 ex
742 3465 849 3539 quibua
872 3466 949 3542 apud
973 3464 1146 3524 Ciceronem
1169 3464 1229 3521 usi·

148 3560 243 3609 tatum
266 3559 312 3607 est
333 3551 501 3607 insanabilia.
546 3549 643 3627 [Dure
666 3559 696 3606 et
717 3568 793 3607 novo
815 3553 979 3608 laudabilius
1005 3569 1059 3626 pro
1082 3568 1126 3621 eo,
1150 3549 1228 3624 quod

149 3644 194 3694 est
217 3637 444 3709 bonomfloentirm,
468 3635 575 3692 dieitur
591 3635 629 3691 ad
640 3635 722 3692 Fam.
736 3635 807 3701 XV,
822 3637 850 3706 6,
872 3633 912 3713 1.]
936 3636 1013 3693 Turn
1036 3637 1128 3692 leviori
1137 3654 1229 3692 anno·

148 3731 229 3778 tatur
251 3721 340 3778 etiam
364 3739 401 3777 ex
413 3717 453 3802 [B
466 3718 509 3797 et]
527 3720 606 3779 Oxx.
628 3720 699 3790 EU;
719 3721 770 3778 sed
793 3721 852 3777 vid.
874 3721 1080 3796 Wesenbergii
1102 3719 1229 3778 Observ.

149 3806 235 3864 Crito.
257 3806 289 3862 in
312 3813 385 3862 orat.
408 3824 463 3880 pro
486 3804 561 3864 Sest.
584 3825 613 3881 p.
637 3806 655 3862 7
679 3815 709 3862 et
732 3807 765 3874 83
789 3802 897 3886 [leniore
918 3802 972 3886 A].

237 3890 287 3947 43.
310 3901 521 3961 consentaneum,
544 3900 583 3960 ut,
605 3894 630 3946 oi
652 3923 692 3932 —
710 3894 826 3966 plenior,
850 3902 878 3948 nt
901 3892 949 3948 boo
971 3888 1040 3968 eet.)
1079 3891 1116 3947 Ut
1136 3889 1229 3965 parti·

149 3975 245 4033 culam
270 3974 384 4041 Cicero,
408 3993 474 4032 oum
496 3974 583 4050 plura
604 3975 756 4032 inteream
769 3985 854 4048 eteo,
878 3995 953 4050 quae
976 3976 1003 4032 ei
1015 3974 1229 4045 subicerentur,

148 4061 325 4136 interposita
348 4069 459 4130 essent,
489 4059 624 4127 iteravit,
652 4071 686 4118 ut
713 4061 813 4118 multis
841 4061 907 4118 aliis
934 4061 1007 4118 locis
1030 4059 1139 4116 factum
1163 4079 1229 4116 esse

148 4146 305 4203 annotavit
326 4145 385 4202 iam
408 4145 560 4202 Manutius
582 4147 619 4202 ad
642 4165 688 4220 ep.
711 4147 748 4202 ad
771 4147 807 4218 Q.
826 4147 875 4203 Fr.
887 4147 913 4216 1,
934 4149 948 4202 1
973 4165 998 4202 e.
1019 4146 1067 4216 13,
1082 4146 1130 4216 38,
1154 4146 1229 4202 Bre-

149 4231 226 4288 mius
250 4231 289 4287 ad
312 4229 378 4286 libr.
401 4230 437 4287 de
460 4231 535 4287 Fato
554 4248 577 4286 o.
598 4231 625 4302 9,
649 4231 803 4306 Zumptins
826 4231 863 4286 ed
886 4232 972 4288 Verr.
996 4231 1090 4299 11,17
1113 4250 1142 4305 p.
1156 4231 1228 4300 251,

148 4316 210 4373 alii.
244 4316 472 4391 Argumentatio
496 4315 569 4392 ipsa,
593 4334 668 4389 quae
691 4315 817 4372 fortasse
840 4316 948 4374 clarius
964 4315 1090 4392 proponi
1102 4325 1229 4390 poterat,
