2998 5020
345 417 408 481 598
737 437 781 481 ns
804 435 935 484 eramus
957 437 1027 482 sos.

343 603 452 669 tinere.
498 603 579 681 Quid
602 605 681 668 enim
704 615 753 669 est
773 614 837 668 tam
854 623 1032 686 repugnans
1055 622 1147 686 quam
1165 605 1297 669 eundem
1308 603 1406 674 dicere

345 707 429 788 quod
450 706 613 770 honestum
635 707 689 786 sit,
718 707 816 772 solum
839 707 870 772 id
893 707 1007 772 bonum
1029 726 1111 785 esse,
1140 706 1193 787 qui
1216 707 1301 771 dicat
1321 724 1405 786 appe-

345 807 484 873 titionem
506 826 609 872 rerum
631 810 671 874 ad
693 809 858 876 vivendum
875 811 1176 874 accommodatarum
1190 816 1334 873 enatura
1344 827 1406 890 pro·

345 910 478 975 fectum?
521 910 570 974 Ita
592 929 660 974 cum
683 929 721 975 ea
742 912 851 977 volunt
873 911 1022 990 retinere,
1055 929 1136 992 quae
1165 911 1320 991 superiori
1346 929 1405 975 sen-

308 1013 460 1084 5tenu'ae
482 1012 676 1092 conveniunt,
698 1013 730 1078 in
752 1015 931 1079 Aristonem
953 1014 1105 1092 incidunt;
1139 1031 1208 1078 curu
1236 1013 1268 1077 id
1290 1013 1406 1095 digium,

345 1133 380 1178 re
401 1117 509 1180 eadem
531 1113 708 1194 defendunt,
731 1135 810 1196 quae
831 1115 1040 1198 Peripatetici,
1063 1117 1158 1180 verba
1179 1123 1287 1180 tenent
1303 1115 1405 1180 mordi-

346 1234 409 1280 cus.
454 1217 541 1294 Quae
564 1237 674 1282 rursus
696 1219 770 1283 dum
793 1218 853 1283 sibi
875 1219 963 1283 evelli
986 1237 1023 1282 ex
1046 1219 1155 1282 ordine
1178 1218 1295 1292 nolunt
1317 1215 1404 1282 horri-

361 1421 364 1428 ’
419 1428 438 1470 i.
459 1421 517 1485 quid
533 1431 567 1472 eet
585 1423 645 1472 enim
665 1423 732 1473 Lea
749 1433 785 1474 eat
802 1439 849 1472 oar.
870 1423 913 1472 0r.
950 1428 973 1472 8.
992 1421 1170 1472 accommodare
1188 1426 1244 1487 (pro
1254 1419 1403 1470 accommoda·

346 1492 474 1554 tamm)E
515 1507 531 1539 a
550 1507 599 1543 orn.
619 1492 709 1542 EPCR
762 1500 784 1544 4.
804 1492 895 1542 enorL
941 1496 963 1544 6.
983 1491 1100 1541 mordicus
1120 1509 1167 1540 om.
1188 1493 1210 1540 F.
1229 1493 1316 1540 relicto
1333 1490 1404 1554 spatio

346 1574 425 1609 vacuo
462 1563 484 1608 7.
503 1558 583 1609 uolunt
600 1561 644 1609 ΕΡ

345 1749 505 1830 persequi]
545 1753 610 1809 Hoc
622 1752 687 1808 loco
710 1770 757 1808 res
781 1751 872 1827 magis
895 1761 1060 1828 appareret,
1084 1749 1225 1808 eiCicero
1247 1749 1404 1807 affirmatiu-

345 1856 411 1893 nem
434 1835 554 1918 (intimet
576 1836 694 1912 aliquid)
725 1837 762 1893 ab
790 1837 903 1894 ironica
930 1837 1085 1914 negatione
1114 1836 1299 1894 distraxisset
1326 1835 1403 1908 scrip·

345 1923 503 1997 sissetque:
536 1933 561 1979 et
588 1927 671 1997 quasi
699 1942 749 1980 aon
777 1926 845 1979 iuter
873 1943 915 1979 res
942 1943 1048 1997 quoque
1075 1925 1151 1997 ipsus
1179 1923 1286 1997 aliquid
1306 1923 1402 1977 interut.

345 2008 468 2065 Licebat
489 2009 576 2065 enim.

431 2095 448 2150 7
453 2095 481 2150 8.
509 2093 583 2162 Quid
605 2097 671 2150 entim
694 2103 733 2150 eat
756 2103 809 2150 tom
833 2089 1000 2170 repupnaaa)
1035 2090 1186 2173 [Restione
1210 2093 1288 2167 quod
1309 2091 1403 2148 indeo

345 2179 480 2236 Manutio
493 2179 581 2235 tacite
594 2179 705 2236 editum
716 2179 827 2236 habent
838 2179 899 2235 Eri.
912 2189 941 2235 et
957 2179 992 2235 B.
1023 2178 1197 2254 Superiores
1209 2177 1272 2235 fere
1288 2187 1324 2233 ast
1339 2177 1403 2232 arira.

345 2264 438 2322 Gaius
460 2259 512 2334 Εξ,
537 2264 616 2322 Gud.
640 2265 668 2334 2,
692 2259 772 2322 Mon.
796 2273 931 2322 auctores
959 2264 1052 2322 citans
1080 2275 1120 2320 est
1148 2262 1270 2341 omisit]
1320 2259 1402 2318 Paulo

345 2359 412 2425 post
434 2350 613 2425 praepositio
635 2371 652 2406 α
675 2359 745 2406 ante·
764 2359 864 2406 tactura
894 2349 1042 2406 exciderat
1071 2350 1100 2406 in
1129 2349 1230 2406 codice
1260 2348 1402 2421 archetypo

346 2435 453 2511 (tribus
476 2435 639 2510 potioribus
657 2433 735 2506 Gaii,
759 2433 825 2512 [B,]
847 2449 900 2511 χψ,
924 2433 1175 2512 eddanteMan.)
1199 2432 1403 2515 [accommodare

346 2520 433 2577 etiam
452 2521 486 2579 Β.
531 2521 642 2578 Eodem
666 2521 771 2578 mendo
784 2523 821 2591 V,
836 2517 1184 2600 20prora'marehabent]
1220 2521 1251 2576 In
1269 2521 1402 2575 Aristonea

345 2605 576 2666 iticiciereCicero
599 2606 717 2664 brevius
730 2606 806 2663 dixit
828 2626 881 2682 pro
904 2625 949 2676 eo,
973 2607 1050 2680 quod
1074 2611 1088 2676 ξ
1113 2607 1152 2662 40
1176 2605 1283 2682 posuit,
1304 2608 1327 2660 iu
1347 2603 1402 2657 Art

345 2703 435 2748 scortea
459 2696 520 2749 citio
533 2703 557 2749 et
569 2703 691 2767 peccata.
725 2691 831 2770 [Verba
854 2692 985 2767 intellegi
1008 2701 1131 2767 apparet
1155 2691 1332 2767 magnificam
1351 2685 1402 2743 ior·

346 2777 463 2846 mulam,
488 2797 575 2852 quam
599 2778 690 2836 Stoici
713 2779 750 2834 ab
773 2777 858 2834 initio
881 2787 1030 2852 tamquam
1053 2795 1159 2834 novam
1181 2769 1375 2848 instituerint]

431 2867 505 2920 evelli
531 2885 563 2920 err
593 2867 685 2920 ordine
707 2862 811 2941 erodunt)
845 2881 882 2919 ex
916 2863 1017 2919 ordine
1045 2862 1233 2937 discipliuae,
1269 2861 1317 2918 ubi
1345 2873 1402 2914 suas

346 2966 480 3023 quaeque
514 2969 561 3006 res
590 2949 737 3025 signantia
765 2949 879 3006 inclusa
907 2959 974 3005 sunt
1003 2957 1033 3005 et
1060 2949 1121 3005 suis
1144 2948 1217 3005 loeis
1240 2947 1338 3024 posita.
1376 2942 1402 2998 Is

345 3043 442 3091 tumen
466 3035 538 3092 ordo
560 3053 657 3092 rerum
680 3034 774 3110 magis
796 3046 841 3092 ast
863 3033 934 3112 (111,
949 3035 988 3091 74
1011 3042 1040 3090 et
1062 3035 1117 3104 IV,
1131 3033 1186 3109 53)
1210 3053 1297 3108 quam
1312 3029 1401 3086 verbo·

345 3139 419 3187 rum,
443 3139 461 3176 a
483 3120 589 3195 quibus
612 3120 716 3179 Cicero
740 3139 786 3177 res
809 3120 973 3195 separavit3
997 3120 1155 3176 hicautem
1168 3119 1261 3178 Stoici
1278 3117 1401 3175 inducun-

346 3215 394 3262 tur
416 3225 474 3263 non
497 3217 556 3262 tam
579 3207 609 3263 id
631 3216 805 3282 pugnantes,
829 3224 865 3262 ne
889 3206 959 3280 quid
981 3205 1170 3280 perturbetur
1193 3225 1229 3261 ex
1253 3223 1344 3260 rerum
1363 3217 1401 3254 or-

347 3291 423 3353 dine,
447 3311 534 3365 (luam
557 3304 591 3347 ut.
613 3293 668 3348 sibi
687 3292 775 3348 liceat
787 3292 890 3348 iisdem
902 3292 999 3348 rebus.
1023 3309 1096 3364 quas
1108 3290 1300 3366 Peripatetici
1312 3289 1402 3344 dcent.

346 3377 405 3433 alia
427 3378 546 3434 nomina
568 3377 728 3452 imponere.
779 3377 838 3436 Sed
870 3377 942 3433 haee
972 3387 1112 3433 contexta
1144 3377 1301 3433 verborum
1329 3369 1403 3429 series

346 3462 474 3536 speciem
498 3463 587 3520 habet
610 3481 752 3519 novarum
776 3481 888 3534 rerum,
923 3480 998 3535 quae
1026 3460 1113 3518 facile
1136 3461 1277 3532 intereat,
1311 3460 1333 3516 si
1356 3470 1403 3512 uno

346 3547 477 3604 alterove
504 3548 570 3605 ioco
598 3548 707 3605 usitata
739 3548 830 3605 verba
858 3547 995 3604 substitui
1024 3547 1184 3622 patiantur.
1230 3547 1280 3606 Sic
1306 3536 1403 3602 defendi

346 3651 433 3707 posse
450 3633 556 3708 opinor
572 3634 704 3691 codicum
717 3631 820 3713 [etiam
831 3630 871 3713 B]
889 3633 1073 3709 scripturam.
1108 3631 1201 3712 (Nam
1219 3633 1297 3708 quod
1311 3631 1339 3687 in
1351 3619 1404 3706 [B]

347 3717 430 3774 codd.
442 3719 587 3790 Lambini,
600 3719 676 3776 Pall.
690 3721 718 3789 2,
732 3720 760 3790 3,
774 3721 803 3792 4,
816 3720 898 3790 Eup
911 3729 949 3789 et,
962 3727 994 3775 ut
1007 3719 1121 3793 opinor,
1145 3719 1175 3775 in
1188 3719 1252 3776 eod.
1264 3717 1403 3789 archetypo

346 3802 404 3861 tuit
426 3807 523 3876 voluat,
546 3814 708 3881 pervagata
730 3823 766 3862 ea
778 3803 911 3862 confusio
924 3812 977 3872 est,
1001 3823 1055 3860 nec
1067 3807 1142 3860 euelli
1156 3805 1209 3860 sibi
1224 3806 1321 3871 uolunt,
1336 3813 1404 3876 prae·

347 3890 447 3947 sertim
470 3899 537 3965 post
559 3901 658 3963 tenera,
682 3909 746 3947 eam
770 3891 1042 3966 interpretationem
1065 3889 1179 3965 recipit,
1203 3909 1291 3963 quam
1314 3887 1430 3946 Gnate-¹

346 3994 397 4032 rus
419 3975 518 4052 fingit:
547 3994 605 4033 non
628 3977 783 4048 omittunt,
807 3977 863 4033 nisi
886 3976 916 4034 vi
939 3975 995 4033 sibi
1019 3975 1276 4051 extorqueantur.)
1318 3973 1405 4030 Manu·

347 4060 406 4118 tius
428 4070 536 4134 tamem
561 4062 730 4132 Lambinus,
755 4063 896 4120 Davisius
919 4062 1051 4120 scribunt
1073 4081 1106 4118 ae
1128 4081 1181 4126 ore,
1205 4061 1283 4136 quod
1306 4059 1405 4136 placue-

347 4155 393 4202 rat
414 4146 472 4203 iarn
495 4146 610 4204 scribae
633 4149 696 4205 cod.
719 4149 765 4205 El.
778 4149 820 4226 (et
834 4147 959 4206 fortasse
972 4146 1029 4206 Ox.
1048 4147 1082 4218 E,
1107 4166 1144 4204 ex
1167 4165 1227 4221 quo
1245 4147 1281 4204 ad
1298 4135 1406 4202 urenihfl

346 4231 532 4311 annotatur),
556 4243 589 4290 ut
611 4234 715 4292 Cicero
737 4233 767 4291 in
787 4252 821 4291 eu
844 4234 970 4310 imagine
993 4242 1119 4307 perstet,
1143 4251 1219 4307 quae
1243 4231 1330 4290 estin
1350 4241 1405 4280 mor·

349 4319 433 4374 dicata.
478 4321 589 4376 Verum
613 4329 643 4375 et
664 4337 768 4394 parum
791 4319 916 4376 honesta
938 4337 973 4374 ea
994 4317 1092 4394 imago
1115 4317 1233 4375 videtur
1260 4327 1289 4374 et
1316 4308 1406 4372 sabab

347 4403 444 4471 stude,
468 4405 497 4460 in
522 4421 580 4478 qua
602 4405 695 4461 verba
706 4404 842 4462 dentibus
854 4413 1023 4472 teneantur3
1047 4405 1182 4461 mordicus
1194 4404 1252 4460 iam
1265 4400 1407 4460 deflexerat
