2944 5040
342 433 406 498 820
761 447 934 494 exsensus
951 447 993 494 iv.

341 623 472 720 plectens
495 638 559 678 cum
583 637 703 695 corpus,
737 629 798 677 tum
821 619 914 677 multo
937 619 1030 696 magis
1052 620 1180 676 animum
1210 629 1240 677 et
1260 621 1291 677 in
1314 620 1400 676 animo

342 706 465 765 rationis
476 703 696 782 perfectionem,
709 705 738 762 id
750 715 804 776 cst,
827 705 966 762 virtutem
977 705 1200 781 comprehendit
1217 703 1285 782 (IV,
1303 707 1348 764 17
1361 707 1401 762 41.

342 793 381 864 V,
395 792 433 850 36
457 793 536 866 cet),
559 799 591 848 ut
613 810 657 862 ea,
680 791 736 848 etsi
757 791 787 847 in
809 791 874 866 ipso
897 800 963 847 ortu
986 809 1044 848 non
1066 791 1152 861 ussit,
1180 801 1277 848 tamen
1302 809 1339 848 ex
1360 791 1402 847 ills

343 877 550 936 constitutione
573 885 728 934 sumentur
750 886 779 933 et
801 876 902 934 eodem
927 875 1028 946 modo,
1052 894 1110 951 quo
1133 887 1246 948 cetera,
1280 895 1355 950 qnae
1375 895 1403 932 es

343 963 536 1032 continentur,
559 970 716 1038 appetatur
737 980 772 1019 ac
794 971 908 1018 tantum
930 961 1021 1019 multo
1043 962 1138 1019 maius
1160 969 1339 1020 momentum
1360 961 1402 1016 hs·

342 1049 419 1106 beat.
462 1049 499 1105 In
521 1047 577 1104 hac
599 1056 696 1104 tamen
719 1047 928 1105 constitutione
951 1046 1126 1122 explicanda
1148 1058 1179 1105 et
1194 1047 1311 1104 adfinis
1323 1047 1402 1103 bone

342 1153 406 1190 rum
430 1133 627 1190 definitionem
638 1133 834 1208 perducenda,
857 1133 926 1207 quia
937 1132 968 1189 in
979 1133 1073 1208 primo
1085 1143 1152 1190 ortu
1168 1132 1304 1190 animalis
1321 1132 1402 1208 magis

342 1217 585 1276 animadvertitur
606 1218 737 1294 corporis
759 1218 860 1276 tuendi
882 1235 966 1288 cura,
989 1218 1031 1275 ita
1057 1236 1076 1274 a
1103 1217 1211 1278 Stoicis
1239 1216 1402 1275 transfertur

343 1314 373 1361 et
393 1304 536 1364 retinetur
557 1303 718 1379 primorum
740 1313 862 1361 naturae
884 1303 1053 1379 appellatio,
1076 1313 1109 1360 ut
1131 1323 1166 1361 ea
1187 1304 1218 1360 in
1230 1304 1286 1360 line
1306 1303 1402 1360 advir-

342 1399 434 1447 tutem
457 1389 653 1466 adiungantur
675 1387 744 1467 (IV,
763 1391 813 1462 41,
834 1389 884 1458 43,
904 1389 959 1466 47)
982 1389 1098 1464 sintque
1126 1389 1257 1464 corporis
1284 1386 1400 1459 bow)

342 1476 447 1550 ltaque
470 1475 548 1550 quod
569 1474 648 1550 apud
671 1473 786 1534 Stoicos
809 1493 924 1532 omnem
947 1474 1071 1550 primum
1099 1474 1334 1532 conciliationem
1359 1491 1401 1529 ns·

343 1571 425 1618 turae
448 1560 557 1636 explet,
581 1560 612 1618 id
634 1560 663 1616 in
685 1561 772 1618 huius
795 1559 1012 1618 constitutionis
1034 1570 1188 1636 partenou
1206 1560 1401 1617 meximscen·

342 1654 431 1704 setur.

428 1729 487 1790 Sed
508 1731 584 1787 hanc
606 1729 806 1787 diversitatem
829 1727 948 1802 Cicero,
972 1731 1153 1788 Antiochum
1181 1748 1320 1806 sequens,
1352 1745 1400 1784 non

343 1816 553 1874 animadvertit
576 1825 606 1872 et
627 1834 680 1891 per
702 1823 796 1874 totum
818 1816 925 1872 librum
950 1826 1084 1890 quartum
1108 1815 1151 1873 ita
1167 1815 1306 1891 disputat,
1329 1812 1400 1888 quasi

344 1902 445 1960 eadem
468 1919 588 1976 prorsus
610 1919 657 1958 res
684 1901 732 1972 sit,
761 1901 848 1977 idque
876 1901 986 1977 apertis
1013 1901 1112 1958 verbis
1140 1901 1170 1958 iu
1198 1901 1264 1976 ipso
1290 1898 1400 1958 exordio

343 1987 497 2064 profitetur
519 1987 547 2063 (ξ
574 1986 626 2044 15:
650 1990 798 2044 coarctatio
820 1989 866 2043 illa
886 1989 976 2062 poma
998 1997 1120 2056 imtruuc,
1143 2006 1161 2042 o
1183 2007 1239 2062 quo
1261 1997 1288 2043 ta
1308 2001 1398 2060 quoquc

341 2072 503 2148 ordiebare),
532 2081 594 2129 tum
617 2081 720 2148 postea
741 2090 856 2147 quoque
879 2081 972 2142 tenet,
1001 2073 1036 2129 ob
1063 2073 1156 2130 bedun
1179 2074 1322 2148 participiis
1343 2088 1398 2144 pro

335 2160 425 2232 ¹ficisci
446 2156 562 2216 Stoicos
584 2166 614 2214 et
636 2165 750 2214 veteres
772 2153 817 2236 (id
839 2167 896 2228 est,
919 2157 1114 2230 Antiochum)
1142 2157 1253 2214 dicens.
1306 2157 1397 2228 mque

342 2243 420 2300 idem
442 2243 530 2299 etiam
552 2261 669 2313 nomen,
692 2261 750 2316 quo
773 2243 802 2298 in
825 2243 900 2300 libro
923 2244 981 2312 III,
1000 2245 1039 2300 22
1064 2253 1093 2300 et
1116 2243 1155 2300 23
1178 2242 1274 2318 prima
1290 2250 1397 2298 naturae
1465 2273 1466 2276 =

342 2328 529 2404 significarat,
550 2330 684 2403 ptirmipia
706 2338 820 2386 amarae
841 2328 1003 2404 appellans,
1027 2329 1058 2386 in
1070 2339 1174 2403 quarto
1197 2328 1273 2386 libro
1296 2323 1396 2403 (ctior-

341 2423 419 2471 tasse
442 2412 622 2470 commodius
644 2413 824 2489 rectiusque)
847 2414 882 2470 de
905 2413 1000 2489 prima
1021 2413 1072 2471 illa
1095 2413 1302 2471 constitutione
1318 2409 1397 2488 ponit,

343 2517 430 2573 quam
453 2499 600 2556 Zenonem
624 2517 641 2554 a
663 2498 823 2556 Polemone
846 2499 993 2575 accepisse
1015 2509 1101 2576 putat
1122 2497 1193 2577 (45)
1216 2515 1356 2573 quamque
1375 2493 1396 2549 ei

342 2584 511 2641 mutandam
534 2601 598 2641 esse
621 2583 700 2654 dicit,
724 2585 748 2642 si
771 2603 855 2642 suum
877 2585 964 2642 finem
976 2586 1118 2642 bonorum
1135 2595 1236 2642 tenere
1249 2584 1320 2641 velit
1330 2575 1395 2655 (34).

343 2668 398 2728 Oui
421 2670 562 2727 hactenus
584 2669 647 2726 iure
660 2670 749 2740 Zeno,
774 2670 798 2726 si
810 2668 951 2742 affuisset,
974 2671 1182 2746 respondisset,
1206 2671 1395 2728 suumbonnm

342 2773 357 2810 e
380 2755 476 2831 prima
498 2754 702 2812 conciliatione
733 2765 854 2812 naturae
883 2774 940 2812 non
968 2756 1010 2813 ito
1037 2774 1101 2812 esse
1123 2756 1256 2831 petitum.
1300 2757 1395 2810 Verum

342 2839 372 2898 in
401 2840 456 2898 hoc
478 2849 583 2914 quarto
605 2840 695 2910 libro,
719 2840 780 2922 ¹ubi
803 2838 907 2900 Cicero
936 2859 1036 2916 presse
1062 2841 1244 2898 Antiochum
1271 2839 1395 2914 seqnitur.
1463 2833 1464 2880 ἒ

343 2934 455 2982 tantum
478 2925 507 2982 in
531 2925 585 2982 hoc
608 2935 695 2996 errat,
719 2926 797 3000 quod
819 2927 885 3002 plus
907 2926 999 2984 multo
1022 2925 1137 2986 Stoicos
1159 2927 1272 3001 primae
1294 2925 1335 2983 illi
1355 2939 1395 2977 na·

342 3020 426 3068 turae
449 3010 648 3068 conciliationi
671 3011 807 3068 tribuisse
830 3021 931 3087 putat,
956 3031 1042 3086 quam
1066 3011 1245 3081 tribuerunt;
1278 3011 1308 3068 in
1333 3008 1395 3065 libro

343 3096 480 3166 secundo,
502 3096 553 3152 ubi
576 3114 628 3153 suo
651 3097 746 3154 Marte
768 3097 929 3172 Epicurum
957 3095 1079 3163 refellit,
1113 3097 1265 3172 eliquanto
1292 3091 1395 3173 gravius

342 3181 460 3238 labitur.
493 3181 570 3238 Nam
594 3175 659 3238 curn
681 3182 734 3239 illa
755 3183 866 3257 primae
889 3183 1149 3240 commendationis
1172 3183 1301 3252 notione,
1322 3193 1394 3254 quam

343 3267 380 3323 ab
402 3266 551 3324 Antiocho
574 3279 735 3342 acceperat,
759 3268 800 3324 its
822 3269 864 3324 uti
888 3268 985 3333 vellet,
1009 3277 1041 3324 ut
1062 3268 1223 3343 Epicurum
1245 3267 1395 3325 inconstan-

343 3353 401 3409 tiae
424 3361 569 3428 argueret,
588 3353 666 3450 quod
688 3354 725 3410 ab
749 3372 783 3410 ea
805 3353 883 3410 illius
906 3351 1014 3425 forme,
1048 3371 1136 3428 quam
1159 3352 1318 3428 posuisset,
1347 3363 1393 3403 11011

342 3438 379 3495 sd
402 3455 477 3508 eum,
501 3437 600 3511 quisi
623 3439 821 3514 responderet
843 3439 930 3496 finem
953 3439 1150 3514 pervenisset,
1174 3448 1286 3496 ceteros
1309 3442 1393 3494 conus

343 3522 533 3598 philosophos
556 3521 613 3580 sibi
635 3534 769 3580 constare
792 3524 918 3594 doceret,
941 3525 1110 3600 imprudens
1132 3542 1186 3600 pro
1208 3524 1260 3581 illa
1282 3513 1393 3580 universi

343 3608 468 3665 hominis
491 3608 699 3666 constitutione
716 3619 868 3685 angustam
892 3609 1057 3669 Stoicorum
1080 3610 1227 3667 notionem
1251 3610 1391 3685 primorum

373 3918 392 3976 ¹)
412 3913 467 3962 Hoc
485 3927 575 3976 genere
592 3913 666 3962 etium
685 3921 790 3961 externe
807 3911 858 3962 sere
876 3912 1064 3978 comprehendi,
1084 3912 1177 3961 dictum
1196 3920 1233 3962 est
1252 3913 1285 3962 ud
1302 3908 1344 3968 111
1360 3907 1389 3951 ⁴³

412 3981 546 4062 Quomodo
564 3982 664 4045 quidem
683 3981 716 4040 V,
736 3984 766 4029 67
786 3997 839 4045 sqq
858 3989 962 4030 externa
980 3981 1174 4038 constituuntur,
1193 3997 1244 4031 non
1267 3979 1341 4042 magis
1356 3973 1390 4022 ⁵⁰¹³

411 4052 548 4115 primorum
567 4058 672 4099 naturae
690 4051 817 4099 notionem
835 4065 910 4114 quam
929 4051 1301 4100 eubhnemhonorumcsdunt
1323 4037 1390 4094 Anini

411 4121 485 4179 bona,
504 4133 569 4184 quse
586 4127 684 4182 prester
700 4118 816 4168 virtutem
826 4127 903 4176 erent,
921 4119 947 4168 id
966 4129 1010 4179 est
1029 4119 1122 4181 ingenii
1134 4120 1229 4178 Cicero,
1244 4123 1389 4184 praecerpo

412 4203 469 4237 rem
489 4188 603 4236 illumin
622 4187 655 4246 V,
669 4192 697 4236 18
717 4187 959 4250 significationems
952 4203 977 4236 m
996 4197 1086 4252 quarto
1095 4187 1232 4250 quintoque
1250 4186 1313 4236 libro
1329 4188 1390 4241 net]ue

411 4257 498 4322 primis
516 4264 664 4305 annumerat
681 4271 760 4320 neque
778 4257 898 4306 excludit
930 4255 1040 4306 Omnino
1057 4256 1123 4304 enim
1142 4257 1174 4304 sd
1188 4254 1389 4323 Peripateticorum

412 4333 521 4374 veterum
545 4325 692 4390 tripertitam
716 4325 837 4376 bonorum
862 4325 1007 4375 divisionem
1030 4325 1092 4373 haec
1116 4331 1168 4374 tote
1186 4325 1321 4388 primorum
1336 4314 1388 4368 noliss

412 4408 464 4444 non
481 4392 556 4442 iacile
575 4395 820 4444 accommodabuntur.
