2956 5028
322 400 386 464 266
715 417 759 462 nn
782 416 913 465 amisus
937 418 1007 464 non.

321 584 528 650 occultatione
549 583 713 664 proposita
729 593 784 650 aut
794 586 979 666 impunitate
989 593 1045 650 aut
1055 587 1199 652 licentia?
1223 589 1274 652 tl.
1298 590 1416 668 Quid?

320 685 406 765 illud,
429 685 603 767 Torquate,
630 686 723 768 quale
745 688 869 753 tandem
891 688 1029 766 videaur,
1062 693 1095 753 te
1115 688 1177 753 isto
1200 691 1339 770 nomine,
1364 693 1415 756 in-

320 788 420 868 genio,
442 787 550 869 gloria,
572 805 654 870 quae
675 786 761 866 iacis,
783 807 864 870 quae
886 789 1013 870 cogitas,
1036 807 1116 870 quae
1138 791 1320 870 contendis,
1347 811 1416 874 quo

321 887 455 968 referas,
477 888 565 954 curius
587 889 633 954 rei
651 907 747 956 cama
768 889 927 971 perlicere,
949 909 1031 972 quae
1052 891 1188 970 conaris,
1210 891 1304 970 velis,
1332 895 1415 974 quid

281 993 303 1058 5
323 990 473 1072 optimum
499 990 633 1073 denique
660 991 693 1056 in
715 992 779 1057 vita
800 991 931 1070 iudices,
964 1011 1026 1057 non
1047 993 1166 1058 audere
1191 993 1223 1057 in
1246 1001 1415 1060 conventu

320 1093 443 1158 dicere?
472 1093 555 1171 Quid
571 1093 652 1158 enim
668 1093 782 1158 mereri
793 1093 880 1172 velis,
900 1094 964 1159 iam
980 1112 1050 1159 cum
1061 1094 1277 1176 magistratrun
1295 1095 1413 1160 inieris

320 1195 394 1260 etin
405 1193 578 1260 contionem
589 1194 768 1261 ascenderis
790 1196 855 1276 (est
869 1195 951 1261 enim
973 1196 1029 1261 tibi
1050 1196 1241 1276 edicendum,
1263 1215 1353 1278 quae
1366 1199 1414 1262 sis

320 1297 544 1362 observaturus
564 1297 596 1362 in
617 1296 686 1362 iure
707 1297 846 1376 dicendo,
869 1303 901 1362 et
921 1296 1055 1364 tortasse
1077 1297 1183 1376 etiarn,
1213 1297 1240 1361 si
1262 1298 1322 1364 tibi
1348 1299 1414 1364 erit

319 1398 434 1477 uisum,
461 1398 579 1480 aliqndd
600 1399 640 1464 de
662 1398 829 1464 maioribus
856 1399 918 1464 tuis
945 1400 1038 1466 etde
1060 1399 1182 1481 teipso
1205 1399 1289 1464 dices
1314 1419 1412 1464 more

261 1503 303 1568 10
319 1499 494 1580 maiomm),
518 1535 556 1546 -
579 1500 817 1582 quidmerearis
832 1501 936 1584 igitrun
958 1507 994 1565 ut
1015 1501 1109 1580 dicas,
1130 1507 1163 1566 te
1184 1500 1217 1564 in
1240 1519 1277 1565 eo
1299 1502 1410 1583 magi-

390 1742 410 1786 1.
429 1736 494 1802 quod
510 1737 532 1786 Ε
572 1744 596 1786 4.
615 1737 679 1800 quod
695 1737 803 1802 optusum
825 1736 1014 1805 [AEh]PMCB
1057 1741 1081 1786 6.
1098 1737 1226 1788 memoli
1278 1738 1329 1786 ium
1352 1753 1407 1788 eum

316 1805 487 1924 zchCOr?
508 1805 718 1856 mansionarii
772 1811 795 1853 8.
814 1805 992 1858 cen-nlamrc
1045 1810 1067 1854 9.
1092 1805 1138 1854 turb
1162 1821 1210 1856 om.
1236 1804 1258 1856 C
1315 1811 1357 1854 10.
1384 1815 1406 1854 te

316 2083 370 2138 quo
392 2065 486 2135 tilido,
515 2065 546 2120 in
569 2083 628 2138 quo
651 2064 740 2122 etiam
763 2064 888 2121 molesta
910 2071 954 2121 est
976 2063 1035 2120 loci
1056 2063 1138 2121 notio
1161 2063 1191 2119 in
1204 2063 1330 2139 singulis
1355 2083 1403 2120 re·

315 2149 371 2206 bus
392 2148 527 2225 repetita.
1025 2205 1028 2212 ,

402 2245 450 2292 out
471 2237 642 2292 occultatione
670 2245 719 2292 out
740 2237 965 2310 imposturatorem
986 2232 1104 2309 ocean)
1142 2233 1189 2290 Ex
1224 2233 1269 2290 his
1302 2233 1404 2290 tribus

316 2318 374 2377 duo
396 2320 561 2395 posteriora
583 2337 642 2376 non
664 2319 707 2377 ita
727 2319 805 2377 inter
826 2317 1023 2390 sedifferunt,
1051 2326 1083 2375 ut
1105 2318 1171 2393 ipsa
1192 2335 1210 2374 a
1232 2317 1347 2393 primo;
1372 2327 1402 2373 et

316 2422 406 2480 supra
428 2403 498 2482 (71)
521 2405 579 2462 duo
602 2413 700 2475 erant,
734 2423 793 2463 non
816 2405 886 2476 tria,
921 2405 1008 2461 celare
1034 2412 1064 2460 et
1086 2406 1190 2477 conparis
1211 2403 1306 2478 opidum
1330 2403 1400 2458 obti-

314 2509 390 2560 nere3
413 2507 508 2564 neque
530 2508 608 2548 nova
629 2489 751 2566 partitio
773 2489 821 2547 hic
842 2491 936 2548 altero
959 2499 1007 2546 out
1028 2487 1092 2546 fieri
1120 2497 1216 2564 potest
1244 2488 1273 2544 in
1297 2487 1399 2544 tribus

315 2574 509 2632 substantivis
531 2574 791 2652 (quemadmodum
814 2575 856 2646 lit,
891 2583 923 2632 ut
945 2574 1000 2632 hoc
1022 2581 1103 2643 utar,
1137 2591 1191 2649 pro
1215 2572 1313 2632 Sestio
1340 2573 1397 2628 24:

314 2664 433 2736 aipuroo
450 2679 537 2736 puero
558 2670 606 2717 out
622 2661 783 2718 eiimbooillo
805 2663 863 2718 sessi
882 2670 930 2718 out
952 2657 1054 2734 debila).
1078 2666 1122 2728 et,
1146 2658 1169 2716 si
1193 2657 1256 2714 lieri
1278 2667 1395 2732 posset,

314 2744 408 2802 nihilo
431 2746 542 2821 magis,
566 2745 637 2819 quid
659 2744 814 2802 interesset
837 2744 909 2802 certi
922 2743 1115 2813 discriminis,
1138 2750 1295 2801 constaret.
1325 2742 1397 2800 Non

313 2829 548 2905 improbabiliter
568 2830 659 2906 igitur
680 2829 842 2888 Lambinus
863 2849 897 2890 oc
918 2832 1031 2888 boeotia

400 2915 450 2972 74.
493 2917 562 2990 quid
592 2913 733 2991 optimam)
766 2916 906 2991 Plerique
940 2915 1078 2972 mendose
1116 2912 1270 2970 ediderunt
1302 2913 1395 2987 qrrod;

313 3009 481 3058 correxerat
506 3000 667 3072 Manutius,
690 3010 752 3058 tum
775 3001 917 3058 Davisius
939 3020 955 3057 e
977 3001 1046 3057 Par.
1071 2999 1105 3067 3;
1128 2998 1188 3055 vid.
1210 2998 1246 3055 ad
1269 2997 1294 3057 1.
1323 2998 1372 3054 18.

397 3089 450 3142 iarn
473 3084 547 3161 carne)
574 3086 614 3143 Tu
636 3085 748 3142 addunt
770 3086 858 3143 etiam
870 3086 917 3143 El.
940 3082 1063 3162 (nter?),
1086 3083 1198 3153 Meam,
1225 3096 1285 3158 χψ,
1309 3081 1393 3149 Bas,

312 3169 392 3229 Gud.
419 3173 450 3238 l;
473 3179 648 3246 receperunt
671 3171 750 3230 vict.
763 3181 792 3228 et
810 3173 887 3230 Dav.
932 3171 1048 3228 vitiose
1071 3167 1210 3226 abundat.
1255 3169 1315 3223 Iam
1340 3167 1392 3223 ed·

312 3256 445 3313 verbium
469 3256 629 3332 significat,
652 3274 711 3314 non
733 3256 820 3333 longe
843 3257 946 3313 abesse
968 3265 1125 3331 praeturae
1148 3252 1292 3310 ineundae
1316 3261 1392 3308 tem-

311 3359 381 3416 pus,
416 3348 448 3396 ut
470 3339 499 3397 in
523 3342 606 3398 Brut
621 3342 695 3410 171:
719 3341 778 3398 Iam
794 3343 934 3415 intellcqcs,
956 3361 1016 3399 corn
1038 3343 1065 3397 in
1080 3338 1323 3408 Gulb'amrenen's,
1348 3333 1393 3416 [et

311 3443 401 3501 supra
421 3427 447 3496 1,
472 3426 522 3498 37,
545 3425 623 3485 infra
644 3427 703 3499 111,
727 3428 777 3485 40.
816 3426 919 3484 Livius
941 3427 966 3498 1,
991 3426 1042 3497 23,
1067 3426 1100 3482 9:
1123 3425 1228 3481 llemor
1249 3433 1313 3492 ecto,
1337 3425 1391 3478 iam

310 3529 370 3568 cum
392 3513 497 3586 siquam
515 3530 624 3586 puqnue
645 3513 737 3582 daun,
761 3508 840 3592 cet}
884 3510 959 3578 Cur,
988 3509 1067 3568 dicat
1088 3508 1210 3584 aliquis,
1238 3507 1294 3564 hoe
1330 3516 1390 3564 tam

310 3594 443 3670 puerile?
465 3595 576 3655 Videat
599 3597 695 3669 modo,
718 3615 792 3672 quas
814 3597 1010 3673 proprietates
1032 3593 1275 3654 concurrentibus
1297 3591 1391 3669 parti·

310 3681 384 3739 culis
413 3683 466 3738 lusu
488 3699 548 3738 cum
571 3691 601 3739 et
621 3701 681 3740 oum
708 3685 761 3740 ium
783 3683 920 3740 Handius
941 3681 1069 3740 ascribat
1092 3680 1179 3737 Turs.
1201 3679 1250 3736 ΠΙ
1272 3697 1301 3753 p.
1330 3677 1389 3735 118

309 3765 340 3823 in
362 3766 477 3841 aliquot
499 3767 581 3842 locis,
604 3768 634 3825 in
657 3767 764 3841 quibus
787 3767 857 3842 quid
880 3777 972 3838 esset,
1001 3766 1079 3842 quod
1101 3785 1120 3822 a
1142 3763 1389 3840 pervagatissimo

309 3870 364 3909 usu
387 3852 469 3910 vocis
498 3855 552 3908 ium
574 3853 755 3922 abhorreret,
779 3851 889 3910 frustra
916 3852 1087 3928 int-ellegere
1110 3849 1218 3908 studui.
1262 3849 1389 3904 Praetor

308 3937 479 4010 Torquatus
500 3936 559 3994 fuit
580 3957 606 3994 a.
630 3939 670 3994 49
694 3957 720 3995 a.
738 3937 824 4006 Chr.;
847 3938 1030 4013 vidargum.
1053 3937 1121 3994 libri
1133 3937 1157 3994 Ι.
1185 3934 1254 3990 Non
1268 3931 1387 3990 memini

308 4021 380 4078 alibi
403 4022 490 4090 tradi,
513 4034 678 4097 praetorem
701 4023 732 4080 in
754 4023 890 4080 contione
913 4022 1041 4080 edixisse
1063 4031 1092 4079 et
1114 4017 1385 4078 edictoorationem

308 4105 465 4164 addidisse.
893 4159 896 4166 .

394 4201 423 4248 ut
445 4194 531 4260 dicae,
553 4191 591 4268 te)
615 4191 664 4252 Sic
676 4211 777 4251 omnes
800 4193 888 4250 etiam
901 4191 970 4251 Gzii
982 4191 1066 4249 codd.
1078 4201 1108 4248 et
1119 4209 1157 4248 ex
1169 4191 1196 4248 R
1218 4190 1283 4247 edd.
1296 4205 1386 4264 qnae·

308 4275 375 4331 dam
399 4285 522 4334 veteres.
566 4279 639 4336 Mox
661 4279 749 4336 etiam
773 4277 881 4338 Gudl
906 4282 1001 4352 inquit,
1024 4289 1056 4335 ut
1074 4275 1386 4334 volueratWalkerus.
