3018 5052
399 416 443 462 nr
466 416 545 463 usn.
568 415 630 462 mn.
647 417 681 464 rv
703 414 776 462 cnr.
799 419 819 462 ι.
1083 397 1149 462 479

82 581 667 670 oomwrpoummanmmao).
711 581 896 662 Parudoua,
928 583 955 650 ai
982 581 1148 667 qroispro·

75 685 758 768 piuuspareitmilrilhabereadmirabib.
803 685 1149 769 &oraliaqasbasom-

81 789 719 871 mbpecoatoporioessedemoastreiar,
751 787 1146 872 dimiruliaeseeaffl).

82 889 1149 974 onmmsmwsmaememouioprenaqmddoasconomas

80 993 664 1078 emmerammianos).

491 1223 643 1230 .--..——
652 1221 737 1228 .---0

161 1389 185 1453 L
210 1391 237 1453 l.
271 1388 358 1467 Quae
380 1407 449 1454 oum
476 1387 618 1468 dixisset,
647 1387 740 1454 finem
760 1387 819 1453 ille.
863 1387 929 1470 sigo
951 1393 1069 1452 autem:
1098 1386 1147 1452 Ne

81 1499 121 1566 tu
141 1491 277 1573 inquam,
300 1491 386 1570 Cato,
407 1491 470 1556 ista
490 1490 670 1572 exposuisti,
692 1496 811 1556 uttam
833 1490 938 1568 multa
960 1489 1146 1567 memoriter,

81 1603 112 1656 ut
142 1599 206 1660 tam
240 1593 386 1672 obscura,
419 1593 560 1660 dilucide.
609 1593 720 1674 ltaque
752 1599 807 1657 ant
832 1592 1011 1658 omittamus
1038 1599 1146 1657 eontra

81 1697 199 1761 omnino
221 1695 300 1761 velle
321 1695 437 1778 aliquid
458 1703 514 1760 aut
535 1694 671 1776 spatium
692 1713 850 1760 sumamus
871 1695 913 1760 ud
934 1694 1145 1776 cogitandum

81 1807 139 1861 tarn
161 1799 243 1864 eninr
265 1797 441 1879 diligenter,
474 1799 594 1863 etiamsi
621 1797 721 1862 miuus
749 1816 822 1863 vere
849 1799 935 1878 (uam
957 1796 1093 1862 nondum
1113 1796 1145 1860 id
1163 1799 1185 1860 ὁ

81 1899 198 1980 qudem
221 1901 324 1965 audeo
346 1900 472 1983 dicere),
499 1901 555 1966 sed
577 1906 680 1966 tamen
703 1905 847 1965 accurate
874 1918 935 1964 uon
963 1899 1054 1964 modo
1073 1897 1145 1962 iun-

146 2103 291 2172 [lnseriptio
308 2105 334 2154 in
352 2106 377 2155 A
395 2105 458 2156 haee
475 2113 524 2155 est:
543 2104 627 2172 irrupit
648 2103 706 2154 liter
728 2103 833 2161 Oranus
850 2103 879 2154 ds
888 2103 980 2168 finrbus
998 2105 1106 2154 ioamm
1125 2111 1147 2152 et

82 2173 190 2223 nmloram
214 2171 299 2223 Marci
326 2171 403 2224 Tullii
425 2172 555 2242 abeona]
623 2178 646 2224 2,
669 2173 745 2224 r'taR
807 2171 891 2240 [uitam
908 2174 982 2224 muta
999 2170 1034 2239 A]
1055 2170 1146 2222 morlo

81 2241 148 2292 mua
165 2242 186 2292 P
203 2251 230 2292 at
247 2241 426 2294 embolion
479 2247 503 2295 3.
529 2241 563 2310 [ia
584 2252 632 2292 tum
650 2243 750 2294 obscura
770 2243 809 2310 A]
871 2242 944 2292 vitum
960 2243 1063 2291 obserere
1081 2241 1099 2290 Ε
1121 2240 1147 2289 in

82 2311 125 2360 rin
141 2313 243 2362 οὸοαιω
261 2309 281 2360 P
299 2321 325 2362 ut
343 2326 392 2363 om.
411 2311 520 2364 LCROr.
556 2317 580 2360 4.
601 2309 710 2379 [aliquod
726 2311 776 2379 Eh]
813 2317 836 2362 ⁶.
853 2310 900 2362 mi
915 2309 1045 2362 urcuor.

160 2503 234 2580 Cap.
257 2504 281 2573 I,
308 2506 334 2561 1.
366 2515 396 2562 at
417 2514 472 2562 tam
494 2506 577 2560 multa
598 2537 640 2544 —
662 2513 692 2559 ot
713 2513 767 2561 tom
789 2501 915 2578 obseura)
943 2502 987 2562 Ut
1007 2500 1079 2574 Eri,
1102 2501 1146 2558 sio

82 2586 153 2662 Spir.
175 2587 232 2668 [B]
255 2589 364 2647 lineola
384 2589 503 2647 aberrat
524 2589 617 2646 altero
639 2588 704 2646 loeo
727 2585 851 2666 (tritam);
874 2589 904 2646 in
927 2586 1005 2647 Gud.
1030 2588 1048 2644 2
1072 2597 1145 2658 erat,

82 2683 110 2728 nt
130 2675 159 2730 in
182 2675 208 2733 P
231 2683 346 2733 nostro:
367 2679 395 2732 in
416 2679 471 2732 trito
492 2709 535 2717 -
555 2677 582 2730 in
604 2677 674 2742 vitm
702 2675 875 2750 scripturam
898 2674 1004 2731 leviter
1025 2691 1145 2748 eorrup-

82 2769 135 2816 tam
156 2760 298 2818 adiuvare
319 2759 426 2835 aliquis
447 2760 542 2818 voluit
563 2759 780 2836 praepositione
801 2759 910 2818 addita.
931 2761 1043 2818 Verum
1055 2757 1147 2835 igitur

82 2845 199 2903 restitui.
249 2847 285 2904 Ut
311 2845 455 2922 particula
482 2845 639 2922 significat,
674 2846 756 2903 cuius
783 2845 825 2904 rei
852 2845 928 2904 ratio
949 2844 1093 2902 habeatur
1114 2844 1144 2900 in

81 2939 198 3005 utreque
222 2931 308 2989 lande
331 2931 437 2991 Catoni
459 2931 628 3002 tribuenda,
652 2931 896 3005 quemadmodum
919 2949 984 2988 eum
1006 2928 1145 2987 dicimus:

83 3025 108 3072 nt
128 3019 179 3073 illa
202 3018 363 3093 wemno
390 3025 420 3074 et
446 3017 568 3086 similia3
602 3035 669 3074 nam
697 3016 776 3092 qnod
801 3017 975 3093 plerumque
1002 3014 1076 3072 haee
1102 3014 1146 3071 ita

81 3111 232 3174 ponuntur,
255 3113 288 3160 ut
309 3102 457 3160 minuendi
480 3101 626 3178 quandam
648 3102 708 3160 vim
731 3103 867 3172 habeant,
890 3120 955 3159 oum
967 3099 1079 3174 aliquid
1090 3100 1145 3157 ali-

82 3187 124 3242 oni
145 3188 236 3245 tribui
258 3187 437 3264 significetur
464 3208 518 3265 pro
545 3207 581 3244 ea
603 3205 752 3260 mensura,
787 3205 846 3262 qua
871 3187 902 3244 in
923 3186 979 3245 hae
1000 3186 1089 3243 illave
1110 3204 1143 3242 re

81 3271 120 3327 uti
141 3291 266 3348 aequum
290 3274 342 3342 sit,
376 3292 435 3330 non
463 3273 560 3331 aliena
586 3282 632 3331 est
657 3273 732 3331 levis
758 3273 831 3330 haec
853 3273 948 3331 laudis
970 3271 1142 3343 attenuatio,

82 3357 154 3428 qnod
182 3368 212 3416 at
233 3359 375 3418 Catonem
402 3359 526 3417 laudans
552 3358 656 3418 Cicero
684 3377 716 3417 se
742 3359 844 3416 laudat
870 3367 899 3416 et
926 3359 1004 3433 quod
1031 3356 1073 3414 sie
1100 3356 1143 3414 rei

81 3441 233 3502 difficultas
254 3445 348 3522 magis
371 3445 542 3502 ostenditur.
585 3445 706 3504 Priores
727 3445 855 3504 editores
876 3453 1041 3514 tennerunt,
1065 3443 1144 3519 quod

82 3527 191 3588 codices
224 3530 383 3588 deteriores
415 3529 538 3603 hahent,
572 3547 626 3588 nee
659 3530 695 3587 de
728 3531 833 3588 ceteris
865 3530 950 3588 bonis
983 3530 1143 3605 quidquem

82 3612 221 3674 dixerunt

160 3703 210 3760 sod
230 3712 317 3760 tornea
338 3699 476 3776 accurate)
499 3701 646 3776 Quoniam
668 3703 783 3778 pondus
805 3701 947 3759 orationis
958 3709 1022 3759 erat
1032 3701 1062 3758 in
1075 3717 1144 3758 oon-

83 3783 182 3844 iunetis
209 3787 307 3844 verbis
340 3797 394 3844 tam
422 3789 573 3861 dib'yerrter,
606 3787 636 3844 in
669 3787 834 3845 revocanda
861 3795 929 3863 post
954 3781 1143 3863 parenthesin

82 3873 207 3930 oratione
241 3873 330 3930 etiam
357 3882 411 3930 tom
438 3873 629 3949 repetendum
657 3872 773 3930 videtur
799 3872 900 3931 finisse.
943 3873 1011 3930 Non
1034 3872 1145 3948 impro-

83 3953 164 4016 bandi
185 3958 276 4036 igitur
296 3958 458 4016 Lambinus
480 3968 510 4016 et
531 3959 681 4031 Davisius,
704 3977 828 4033 quornm
850 3958 901 4016 ille
923 3960 972 4016 sed
983 3969 1068 4015 latren
1080 3968 1142 4021 tam,

82 4039 125 4098 hie
145 4047 193 4102 sed
214 4055 269 4102 tani
291 4044 476 4102 scribendum
499 4045 622 4120 putavit.
661 4045 782 4102 Etiamsi
801 4063 854 4120 pro
876 4047 927 4102 etsi
947 4062 984 4100 ex
1007 4043 1073 4100 aliis
1095 4060 1144 4100 co-

83 4125 188 4188 dicibus
215 4149 274 4188 non
292 4128 449 4206 profertur,
478 4127 538 4208 [est
558 4130 589 4187 in
608 4128 694 4208 ΑΒ];
717 4133 821 4188 etiamsi
841 4130 935 4206 magis
951 4129 1068 4186 dubiam
1081 4147 1142 4186 rem

83 4212 216 4289 relinquit
237 4234 324 4290 qnam
347 4219 403 4273 etri.
448 4217 605 4274 Perdisoero
626 4215 723 4273 minus
745 4224 844 4292 aptum
872 4215 968 4272 visum
991 4225 1036 4273 est
1056 4215 1144 4272 Lam-

83 4295 145 4356 bino
167 4311 195 4359 et
217 4301 356 4374 Davisio,
390 4302 496 4378 partim
524 4302 602 4377 quod
625 4301 729 4362 Cicero
755 4320 814 4360 non
841 4319 919 4358 nune
940 4301 1056 4358 demum
1079 4319 1143 4358 eam

83 4381 259 4462 disciplinam
282 4387 391 4458 diseat,
425 4387 476 4446 sed
503 4385 638 4446 refellere
659 4387 847 4465 aggrediatur
874 4397 903 4445 et
930 4387 965 4444 de
992 4387 1079 4446 huius
1101 4385 1143 4444 rei
