2944 5040
328 401 370 446 un·
395 400 474 446 nnn.
493 401 555 446 urs.
575 403 596 448 v
618 401 691 448 use.
710 403 820 447 nr-sr.
1052 383 1115 448 779

114 571 234 636 lllleL
263 569 313 636 96.
336 569 422 636 llaec
443 569 538 652 igitur
561 577 609 635 est
630 575 738 634 nostra
760 570 855 648 ratio,
884 587 965 651 quae
993 569 1048 634 tibi
1069 570 1115 634 vi-

61 676 137 740 detur
159 675 352 752 inconstans,
385 691 455 736 cum
476 678 607 753 propter
628 672 752 736 subitis
774 671 938 738 caelestem
959 673 1115 754 quendam

61 783 84 842 et
104 776 229 841 didnam
251 781 431 856 tantamque
452 775 687 856 praestantiam,
709 779 752 854 ut,
774 774 938 840 ubivirtus
950 775 992 840 sit
1002 794 1116 858 resque

59 897 171 961 umnec
193 885 225 944 et
246 879 366 942 summe
385 877 556 942 laudabiles
577 877 692 942 virtute
713 883 828 960 gesac,
850 877 892 942 ibi
909 896 979 943 esse
990 878 1115 944 miseria

58 990 82 1046 et
101 998 243 1046 aerumna
265 999 327 1045 non
348 979 458 1061 possit,
480 985 584 1045 amen
605 979 694 1045 labor
715 979 826 1061 possit,
848 980 949 1061 possit
964 981 1153 1062 molestiab

110 1193 127 1238 t.
145 1194 178 1236 est
196 1202 245 1238 om.
265 1185 286 1235 C
322 1190 344 1234 2.
362 1185 494 1234 obtutui}
530 1191 553 1232 4.
572 1193 595 1233 et
612 1183 760 1236 omnum
798 1183 926 1234 rummdue
944 1185 1000 1250 (pro
1017 1187 1115 1252 summ)

55 1255 134 1306 LPCR
182 1253 359 1317 laudabilesque
377 1253 468 1305 LPCR
520 1258 544 1306 5.
562 1251 631 1303 labor
645 1253 721 1318 posset
739 1261 760 1303 et
777 1252 885 1304 molada
902 1253 993 1305 6Ροὶί

53 1483 100 1541 ego
120 1464 147 1520 in
169 1462 312 1520 Emendd.
335 1461 401 1520 niv.
417 1482 445 1536 p.
464 1463 525 1519 447
554 1471 584 1519 et
611 1461 870 1520 Weissenbornius
898 1463 1113 1521 annotavimus.

51 1549 122 1608 ddd.
133 1547 218 1608 Ovid.
231 1549 302 1605 Met.
314 1549 339 1620 1,
353 1549 425 1620 438,
447 1549 575 1620 11,182,
598 1549 656 1619 ΠΙ,
678 1549 747 1618 188,
767 1549 842 1619 247,
865 1543 918 1627 ab]
962 1547 1004 1606 Ac
1027 1559 1114 1606 anun

52 1636 132 1693 etiarn
159 1633 236 1710 Spir.
260 1632 325 1712 [B],
353 1633 540 1709 restituitque
569 1633 676 1706 Gaius,
711 1634 746 1691 de
775 1652 833 1708 quo
866 1632 976 1691 dictum
1005 1643 1051 1693 est
1077 1635 1114 1692 ad

48 1721 84 1792 11,
109 1720 155 1778 85.

129 1805 198 1882 Cap.
221 1805 365 1875 XXXII,
390 1804 439 1862 95.
472 1824 568 1880 resque
584 1825 698 1880 mapnue
719 1816 744 1862 et
760 1824 861 1862 summe
877 1804 1041 1883 laudabiles)
1065 1805 1114 1866 Sic

49 1892 136 1951 Gziue
157 1911 173 1948 e
196 1889 284 1967 Spin,
308 1890 395 1948 modo
418 1891 490 1948 satis
512 1899 623 1948 certum
647 1891 699 1962 sit,
734 1891 764 1947 in
792 1909 827 1947 eo
849 1889 941 1948 fuisse
963 1901 1002 1962 et,
1037 1892 1115 1966 quod

46 1978 103 2035 Erl.
126 1974 179 2055 [B]
207 1976 326 2034 omittit.
370 1976 546 2048 Cratander,
580 1993 645 2032 cum
676 1976 777 2033 ederet
802 1976 895 2048 idem,
929 1977 1008 2051 quod
1034 1977 1066 2033 in
1087 1978 1116 2036 R

46 2072 101 2134 est,
139 2063 168 2120 in
202 2063 333 2138 margine
366 2081 420 2137 pro
459 2064 603 2119 summulae
636 2061 790 2120 annotavit
822 2081 922 2118 sumpse
955 2063 1115 2136 andabata,

44 2159 137 2206 utrum
159 2158 183 2204 et
205 2149 235 2205 in
258 2147 360 2206 eodem
383 2157 461 2206 esset
479 2148 589 2218 codice,
617 2148 647 2205 in
671 2165 728 2222 quo
745 2147 810 2219 hoc,
833 2166 939 2220 necne,
970 2148 1115 2206 incertum

43 2235 215 2308 relinquens.
266 2234 437 2291 Tenendum
470 2233 645 2308 particulam
662 2233 790 2309 ¹putaui,
824 2233 903 2307 quod
930 2252 977 2291 res
1004 2234 1114 2292 mute

42 2329 140 2397 gestae
162 2319 355 2376 communiter
382 2319 440 2376 dici
468 2319 605 2377 videntur
627 2313 675 2400 (ut
697 2323 711 2389 6
736 2317 805 2397 66),
838 2327 901 2376 tum
929 2320 985 2376 hoc
1013 2320 1115 2396 augeri

42 2406 154 2463 duobus
175 2404 329 2462 adiectivis
358 2404 534 2462 coniunctis:
556 2425 669 2479 capnos
695 2415 720 2462 et
742 2423 842 2462 summe
863 2406 1021 2462 laudabiles.
1054 2406 1115 2464 Res

41 2490 211 2562 sumendas,
245 2491 301 2548 hoc
329 2499 387 2562 est,
421 2491 590 2548 commodes
618 2500 648 2547 et
675 2490 826 2566 eligendas
849 2490 878 2567 (5
903 2489 942 2546 90
971 2500 1001 2547 et
1028 2485 1114 2572 alibi)

40 2577 114 2634 nihil
135 2577 191 2633 huc
213 2575 378 2652 pertinere,
410 2575 469 2634 iam
492 2576 643 2634 Manutius
661 2576 776 2634 viderat
803 2585 833 2634 et
859 2595 1012 2652 summeque
1038 2579 1113 2634 laud.

39 2661 129 2720 scribi
151 2662 294 2720 voluerat.

125 2758 213 2804 umen
235 2748 312 2818 labor
328 2749 425 2822 possit,
444 2749 532 2822 possit
553 2742 687 2824 mobstiu)
710 2747 777 2804 Hoc
800 2765 916 2822 quoque
938 2766 977 2805 ex
999 2747 1061 2804 Erl.
1085 2755 1115 2805 et

38 2833 117 2908 Spir.
140 2829 196 2914 [B]
213 2841 364 2908 receptum
387 2841 432 2890 est
453 2851 471 2888 a
493 2831 579 2890 Gaio.
612 2832 707 2890 Paulo
729 2841 828 2890 tamen
850 2832 937 2889 aliter
958 2832 1113 2890 hicvicem

35 2919 201 2995 particulae
224 2919 281 2976 duo
304 2917 423 2975 nomina
444 2917 649 2994 coniungantis
671 2927 701 2974 et
723 2917 817 2974 eidem
829 2917 921 2975 verbo
942 2918 1114 2976 subicientis

36 3003 129 3082 (labor
156 3007 244 3080 possit
276 3014 301 3060 ct
328 3002 461 3079 monens)
495 3003 620 3061 sustinet
653 3003 736 3060 verbi
752 3003 922 3080 geminatio,
951 3011 1040 3078 atque
1062 3004 1114 3062 ubi

34 3089 204 3148 contremere
226 3097 375 3166 ponuntur
395 3090 426 3146 in
449 3088 552 3146 eodem
575 3089 665 3146 verbo
688 3089 806 3164 negatio
829 3096 859 3145 et
880 3087 1046 3160 affirmatis
1080 3097 1114 3146 ut

33 3193 128 3252 supra
150 3177 191 3243 H,
206 3177 261 3234 68:
284 3185 322 3232 est
343 3177 458 3249 aliquid,
482 3177 556 3249 quod
576 3175 650 3232 nolis
672 3177 820 3245 nortliceot,
844 3175 994 3246 liceutillls,
1018 3183 1049 3232 et
1059 3193 1113 3250 pro

33 3261 122 3320 Sulla
146 3262 182 3318 3:
205 3262 376 3336 quamobrem
392 3262 488 3317 abste
515 3259 548 3329 Q.
561 3261 700 3318 Hortensii
718 3263 827 3334 sactum
854 3279 905 3317 non
932 3253 1113 3336 reprenenda-

31 3358 87 3419 tur,
114 3347 329 3423 rcprebsndutur
350 3365 444 3404 meum.
487 3345 575 3417 Huic,
598 3346 676 3420 quod
698 3364 769 3421 prae
792 3345 926 3403 manibus
950 3355 1008 3417 est,
1032 3346 1112 3404 simi-

30 3433 90 3491 lius
114 3433 191 3490 illud
213 3432 308 3490 videri
329 3431 431 3506 possit,
455 3431 533 3506 quod
555 3431 585 3488 in
608 3432 696 3489 Tusc.
718 3432 765 3492 11.
794 3433 835 3488 44
857 3431 965 3507 legitur
994 3430 1060 3509 (sed
1082 3433 1114 3488 in

28 3519 119 3576 brevi
143 3519 277 3576 oratione
299 3515 487 3594 indicativa):
511 3527 627 3592 possunt
649 3519 719 3575 oculi
738 3514 882 3596 (dolere),
906 3527 997 3593 potest
1023 3529 1113 3594 caput,

28 3607 133 3674 lutera,
153 3607 302 3680 pulmones,
321 3613 437 3680 possunt
459 3607 554 3660 mania.
599 3604 711 3661 Varum
735 3603 777 3660 ibi
798 3603 853 3661 hac
876 3603 941 3679 ipsa
962 3602 1113 3662 formadi·

26 3691 164 3766 ligenter
187 3689 407 3766 distinguuntur
427 3690 526 3765 plures
548 3708 596 3746 res
619 3698 772 3765 separatae
795 3697 826 3746 et
847 3689 1011 3761 seiunctae,
1034 3688 1114 3764 quod

25 3776 57 3832 in
83 3776 223 3834 laborem
246 3783 277 3832 et
298 3775 462 3833 molestiam
485 3794 543 3832 non
566 3775 683 3832 videtur
705 3775 818 3832 cudere.
857 3775 984 3832 Accedit
1005 3775 1036 3832 in
1058 3775 1113 3833 hoc

25 3861 106 3934 loco,
133 3860 216 3936 quod
242 3861 273 3918 in
300 3861 468 3919 huiusmodi
496 3861 670 3936 exceptione
699 3871 729 3918 et
761 3860 922 3936 superioris
950 3861 1113 3918 sententiae

23 3947 308 4022 circumscriptione
335 3947 523 4023 adiungenda
549 3965 626 4018 raro,
655 3945 680 4004 si
707 3965 865 4020 umquam,
899 3957 986 4004 maten
1008 3965 1062 4021 pro
1090 3956 1115 4003 st

22 4041 120 4090 tamen
144 4033 268 4108 ponitur
289 4030 333 4112 (ut
354 4034 391 4090 tlt
411 4036 519 4090 misnia
541 4053 598 4090 esse
620 4051 670 4090 non
687 4039 786 4109 possit,
810 4041 896 4089 tamen
914 4028 1112 4112 utupossts);

21 4118 54 4174 in
79 4119 150 4188 illa,
175 4137 263 4194 quem
286 4119 359 4191 dixi,
381 4118 546 4195 negationis
574 4127 604 4176 et
632 4116 837 4176 affirmationis
864 4118 1013 4176 contraria
1044 4136 1113 4176 con·

20 4204 188 4262 iunctione
211 4204 279 4262 addi
302 4215 389 4263 tantm
411 4204 454 4262 sic
476 4212 586 4281 potest:
620 4214 649 4261 ut
675 4205 713 4261 tlt
732 4206 840 4261 macria
862 4223 919 4260 esse
946 4223 997 4260 non
1015 4207 1113 4279 possit,

14 4293 117 4365 possit
142 4300 232 4348 tamuz
254 4293 381 4348 molestia.
410 4291 521 4348 Locum
533 4290 616 4347 illum
638 4291 669 4346 in
680 4290 769 4348 Tusc.
781 4291 822 4360 Π,
836 4290 885 4361 60,
908 4289 939 4346 in
956 4308 1014 4364 quo
1027 4300 1114 4347 tanam

18 4394 80 4449 pro
106 4387 137 4434 ct
160 4387 249 4434 tamen
272 4377 401 4454 positum
422 4375 557 4434 nonnulli
579 4385 729 4452 putarunt,
753 4376 842 4451 paulo
866 4384 934 4434 ante
953 4374 1007 4455 (ad
1025 4381 1039 4448 ξ
1060 4375 1113 4452 94)
