3018 5052
275 379 339 444 426
670 397 714 443 nn
737 397 867 446 rinusus
890 399 961 444 non.

276 567 404 658 habere,
433 573 468 631 ut
490 568 582 648 quasi
603 568 700 632 duces
723 568 787 632 sint
808 569 849 634 ad
872 568 1063 651 voluptatem
1085 569 1179 634 etad
1200 568 1354 633 valetudi-

277 689 346 736 nem
369 669 490 748 bonam‚
513 671 684 736 sedetiam
707 671 753 734 uti
775 689 813 736 ea
835 672 1026 751 contineant,
1062 691 1121 736 non
1149 671 1231 736 idem
1253 669 1355 736 facere

323 932 416 1056 (niem
434 926 506 992 aaa
522 925 596 976 rme
632 925 670 994 pn
688 925 722 994 n]
779 895 846 978 n'u
869 927 891 976 n
916 945 946 978 sa
971 926 1117 996 [menon
1137 926 1171 996 [u
1189 945 1242 977 mea
1259 925 1308 992 nu]
1329 935 1355 976 u

276 1013 306 1046 ω
388 1009 406 1044 i'.

276 1205 401 1266 nendos.
425 1204 476 1262 aed
499 1203 577 1278 quod
600 1203 665 1278 ipsa
688 1203 832 1280 Diogenis
854 1205 1070 1282 argumentatio
1098 1223 1157 1262 non
1179 1204 1252 1262 satis
1274 1215 1355 1260 certa

276 1291 325 1348 ria
347 1299 377 1348 et
398 1289 512 1347 ratione
541 1289 683 1364 procedit.
732 1289 866 1348 Primum
900 1291 977 1348 enim
1006 1301 1155 1365 tamquam
1183 1307 1354 1348 concessum

276 1377 410 1452 ponitur,
434 1375 547 1432 divitiis
568 1373 767 1433 valetudinem
791 1385 820 1432 et
842 1375 1024 1452 voluptatem
1037 1375 1191 1438 contineri,
1214 1375 1355 1433 virtutum

276 1471 306 1520 et
328 1471 406 1520 artes
429 1479 487 1518 non
510 1460 664 1531 contineri,
687 1471 825 1536 reeteque
847 1462 984 1519 concludi
1005 1461 1126 1527 dieitur,
1161 1462 1186 1518 si
1215 1460 1355 1518 valetudo

276 1559 306 1606 et
328 1547 465 1623 voluptas
488 1546 565 1603 bona
587 1547 660 1616 sint,
689 1547 778 1605 etiam
806 1546 940 1620 divitias,
974 1566 1051 1622 quan
1078 1547 1146 1604 illas
1174 1548 1354 1608 contineant.

277 1635 355 1691 bona
377 1651 451 1690 esse.
495 1630 597 1710 (Quod
619 1632 655 1688 de
678 1633 824 1709 sapientia
846 1633 973 1706 additur,
997 1633 1116 1691 omnino
1145 1633 1183 1690 ad
1210 1652 1271 1690 rem
1295 1651 1355 1689 non

276 1719 413 1797 pertinet,
436 1718 493 1776 nisi
505 1717 655 1794 Diogenes
672 1719 827 1794 pecuniam
839 1719 877 1776 ad
889 1719 1063 1794 sapientiam
1076 1718 1178 1775 ducem
1191 1737 1256 1775 esse
1267 1737 1356 1794 posse

277 1803 375 1882 dixit.)
420 1803 537 1862 Deinde
565 1813 663 1860 antem
691 1805 763 1862 illud
793 1805 904 1880 ipsum.
938 1805 1001 1862 sine
1035 1823 1095 1879 quo
1122 1804 1175 1861 ilia
1204 1803 1356 1862 conclumio

276 1891 354 1949 effici
376 1909 434 1947 non
457 1899 582 1966 poterat,
606 1899 755 1965 tamquam
779 1909 886 1947 novum
908 1890 1073 1948 inducitur:
1096 1909 1180 1964 neque
1201 1891 1236 1946 ab
1252 1893 1308 1946 ralla
1327 1910 1356 1945 ru

277 1987 347 2044 cet.;
370 1986 519 2053 postremo
543 1993 648 2044 exeo,
672 1975 750 2050 quod
773 1974 894 2033 divitiae
917 1995 975 2033 non
999 1977 1058 2034 sint
1086 1976 1116 2032 in
1140 1975 1239 2046 bonis,
1262 1974 1356 2032 sitici-

277 2074 333 2127 tur,
356 2071 435 2120 artes
457 2070 509 2118 aut
531 2061 636 2118 saltem
659 2061 797 2119 virtutem
820 2061 932 2118 divitiis
955 2080 1012 2119 non
1026 2062 1184 2130 contineri3
1207 2061 1287 2119 stab
1299 2061 1356 2118 hoc

276 2157 426 2223 tamquam
448 2156 529 2204 certo
552 2146 636 2204 initio
658 2147 717 2204 iem
739 2166 829 2223 snpra
851 2147 975 2222 profecti
999 2165 1125 2204 eramus.
1176 2147 1240 2204 Nec
1267 2147 1357 2203 vaide

276 2235 390 2291 firmum
414 2242 468 2302 est,
491 2232 690 2290 valetudinem
713 2233 825 2290 divitiis
847 2233 1000 2290 contineri.
1044 2233 1109 2291 Nec
1131 2243 1229 2290 temen
1241 2232 1356 2294 dubito.

276 2319 347 2394 quin
370 2317 485 2388 Cicero,
508 2317 624 2376 etiamsi
647 2317 874 2393 disputationem
887 2318 1031 2395 Diogenis
1054 2319 1150 2376 minus
1172 2317 1357 2376 fomeesedi·

276 2405 402 2482 ligenter
423 2403 454 2460 iu
477 2403 596 2460 brevius
608 2404 798 2462 contraxerit.
822 2422 964 2461 summam
977 2415 1075 2461 temen
1087 2415 1167 2462 recte
1185 2403 1357 2461 reddiderit.

277 2491 356 2548 Nam
379 2489 487 2546 multas
509 2489 677 2546 huiusmodi
699 2491 830 2566 argutias
853 2509 956 2565 porum
980 2490 1103 2548 subtiles
1116 2490 1208 2550 Stoici
1220 2501 1289 2566 post
1300 2491 1359 2548 Ze·

276 2595 398 2647 nonem,
427 2593 493 2632 eum
516 2593 534 2631 a
561 2575 669 2633 esteris
699 2575 885 2651 philosophis
912 2588 1170 2652 oppugnarentur,
1204 2577 1359 2652 excogita·

275 2671 353 2720 runt.
397 2661 562 2718 Proernam
583 2661 672 2717 etiem
689 2661 814 2718 aliorum
837 2661 998 2719 deteriores
1010 2662 1127 2720 codices
1149 2659 1358 2740 (Oxx.E}11p,

277 2748 357 2808 Gud.
385 2747 414 2822 l)
437 2757 550 2816 censent,
574 2765 612 2803 ex
635 2747 798 2804 editoribus
821 2757 987 2822 postremus
1009 2748 1176 2817 victorium
1198 2759 1285 2804 censet
1295 2747 1358 2804 iarn

276 2835 394 2892 Marsus
417 2843 445 2890 et
464 2831 545 2892 Crat.
569 2831 732 2910 (Gruterus
755 2843 783 2889 et
807 2833 949 2890 Davisius
971 2831 1093 2912 tacent.)
1127 2832 1266 2912 [Constat
1278 2851 1361 2891 nunc

280 2919 315 2976 de
338 2915 473 2995 ABErl.]
522 2919 596 2976 Mox
624 2929 653 2974 ut
680 2921 707 2974 in
734 2937 766 2974 eo
787 2921 936 2975 constiterint
958 2919 1047 2976 etiam
1065 2915 1162 2994 Εξχψ.
1185 2918 1250 2975 edd.
1262 2918 1359 2981 Crat..

279 3006 358 3062 Vict.
402 3001 524 3084 [Etiam
547 3014 580 3060 ut
602 3004 809 3071 nuncscimus,
833 3005 916 3061 codd.
934 3005 1084 3074 meliorem
1107 3004 1362 3078 itaqneBaiterus

277 3089 416 3149 stiterit.
460 3090 556 3147 Paulo
583 3101 652 3146 ente
682 3109 732 3146 non
760 3101 829 3146 ante
856 3111 913 3148 eom
941 3091 971 3146 in
999 3090 1160 3166 archetypo
1188 3089 1362 3158 excideram

277 3175 445 3236 orn.·etiatn
469 3176 504 3234 Β.
549 3175 608 3234 Sed
631 3176 703 3232 setis
726 3185 807 3233 certa
828 3177 975 3251 scriptura
1002 3177 1040 3234 ob
1068 3178 1117 3232 seri
1145 3181 1222 3233 etium
1246 3185 1274 3232 et
1304 3196 1361 3233 uon

277 3265 346 3320 idem
369 3272 399 3319 et
421 3271 512 3318 totam
535 3257 735 3340 sententiam]
1243 3261 1247 3270 ⁴

365 3369 415 3403 uon
437 3349 507 3404 idem
522 3350 618 3421 secere
639 3344 700 3425 eno)
734 3347 840 3405 Altera
870 3365 938 3422 pars
961 3347 1105 3423 Diogenis
1127 3347 1245 3409 iudicii.
1279 3365 1364 3420 quae

278 3433 369 3510 priori
392 3451 430 3489 ex
447 3433 572 3490 adverso
594 3432 762 3508 respondet,
785 3432 849 3489 sine
870 3433 1016 3508 particula
1038 3432 1209 3508 adiungitur
1230 3429 1363 3508 (seuinon

278 3519 376 3595 uletu);
410 3519 440 3575 in
469 3519 614 3575 sententia
641 3518 766 3575 relativa
794 3519 847 3592 (od
873 3537 944 3592 quos
965 3537 1023 3576 esse
1044 3519 1102 3574 dur
1120 3520 1235 3594 poemnir
1254 3517 1365 3598 potest)

278 3605 354 3665 Cato
377 3604 537 3662 indicativo
560 3603 647 3661 modo
669 3603 776 3665 utitur.
799 3604 879 3678 quod
900 3623 985 3661 suurn
1008 3604 1149 3662 iudicium
1172 3623 1191 3661 a
1213 3602 1366 3679 Diogenis

278 3710 337 3749 uon
359 3701 487 3766 separat.
530 3689 745 3764 Apertissirnas
766 3690 964 3766 menningo:
988 3690 1039 3746 sed
1068 3689 1366 3749 commemorandum

279 3789 332 3841 est,
355 3795 532 3852 quamquam
554 3775 665 3833 invitus
687 3775 775 3840 facio,
798 3775 1043 3849 quemadmodum
1067 3773 1256 3834 Godofredus
1280 3775 1367 3832 Her-

279 3881 403 3920 nmnnus
433 3871 526 3918 totum
560 3861 637 3918 huno
664 3861 762 3918 locum
789 3862 827 3918 ab
855 3861 940 3918 initio
967 3862 1053 3918 huius
1087 3862 1194 3936 cepitis
1221 3864 1365 3921 tractarit

279 3947 323 4016 (in
346 3947 462 4005 dissert.
484 3947 521 4005 de
532 3949 568 4006 R.
580 3947 725 4008 Boudeio.
738 3947 848 4023 Opusc.
861 3947 892 4005 11
903 3967 932 4022 p.
945 3945 1032 4024 270).
1053 3957 1087 4004 ut
1110 3946 1289 4005 levissimum
1307 3965 1369 4005 ro-

279 4034 376 4090 dirum
404 4033 556 4094 mendum,
584 4033 620 4090 de
642 4051 701 4107 quo
723 4050 814 4109 supra
836 4032 946 4089 dietum
974 4043 1019 4090 est
1045 4031 1177 4110 (erescere
1198 4045 1223 4090 et
1244 4033 1367 4110 mucra),

279 4129 420 4176 tueretur.
465 4118 515 4178 Sie
541 4118 620 4176 enim
649 4119 722 4176 haee
749 4117 916 4176 continuat:
944 4151 986 4160 -
1008 4139 1040 4176 ne
1066 4121 1100 4176 de
1128 4121 1220 4175 dmum
1249 4119 1368 4193 quidem

280 4215 319 4261 est
340 4209 449 4262 ueritate
470 4205 661 4267 dubitnudmu,
695 4205 758 4274 sed,
791 4224 956 4278 qrrnmquom
985 4215 1082 4278 nquit!
1109 4225 1156 4262 nec
1178 4209 1288 4262 uirtutes
1311 4225 1371 4266 nec

280 4293 344 4346 titio
366 4310 483 4348 crescere
504 4302 528 4346 et
551 4301 636 4346 terraneo
660 4301 802 4364 simonque
823 4310 911 4346 eorum
929 4292 1015 4364 ,tutudi
1031 4301 1146 4366 prrtortt.
1175 4292 1284 4348 divitrica
1306 4311 1371 4350 arr-

281 4385 329 4432 teru
354 4375 487 4448 Dioyeues
508 4387 594 4433 cernet
622 4396 672 4432 nou
700 4395 757 4432 eaor
780 4378 858 4432 surmio
885 4379 935 4432 run
959 4377 1073 4438 huden.
1107 4387 1136 4432 ut
1168 4379 1252 4452 quusi
1275 4378 1373 4438 cinaeo
