2920 5012
327 382 370 448 34
721 401 766 448 ns
787 400 919 450 smmus
941 400 1013 448 sos.

327 574 492 652 quantum,
524 569 665 653 inquom,
698 568 821 652 tellure,
865 571 1036 653 Torquate.
1092 567 1202 634 Oratio
1234 583 1285 630 me
1316 563 1399 630 istius

326 671 504 755 philosophi
527 691 589 737 nou
612 671 755 754 offendit3
777 691 849 738 nam
876 681 909 739 et
935 671 1152 754 complectitur
1172 668 1290 748 verbis,
1324 667 1400 749 quod

398 847 418 890 1.
437 841 524 906 follere
542 843 663 894 LPMcR
698 849 721 892 2.
740 861 787 893 non
804 859 855 894 om.
874 843 895 895 0

326 1001 385 1072 XI,
411 1001 460 1072 16,
485 1000 503 1058 2
527 995 593 1082 (sed
614 1019 660 1074 epo
682 1020 734 1056 nou
756 1001 887 1072 adducor,
910 1019 1072 1076 quensqsom
1090 999 1184 1056 bonum
1202 997 1401 1054 ullomsototem

321 1097 424 1163 putore
445 1087 512 1142 noos
532 1089 601 1143 moti
615 1089 705 1161 fuisse
727 1082 810 1165 stc),
834 1086 870 1143 de
893 1086 982 1164 chg.
1005 1087 1047 1156 Π,
1074 1087 1102 1156 6,
1128 1101 1182 1160 pro
1205 1081 1322 1142 Cluent
1348 1081 1400 1137 104

328 1171 395 1247 (ubi
415 1173 530 1229 adducti
550 1170 721 1230 Classenius
743 1189 760 1228 e
782 1171 866 1229 codd.
889 1173 1020 1230 restituit
1041 1190 1096 1248 pro
1118 1169 1246 1227 barbaro
1268 1161 1401 1246 addocts);

327 1258 488 1332 eodemque
520 1258 608 1316 modo
630 1256 751 1316 Curtius
774 1257 892 1333 scripsit
913 1259 960 1328 X,
994 1259 1031 1316 10
1056 1258 1106 1330 (2,
1138 1248 1190 1334 19)
1225 1252 1270 1332 [et
1292 1251 1401 1312 Colum.

326 1344 368 1416 11,
395 1347 422 1415 1,
445 1345 479 1415 4,
503 1343 610 1401 Festus
631 1363 660 1400 v.
686 1343 768 1401 Oscos
790 1363 820 1419 p.
836 1343 894 1400 198
914 1343 970 1401 M.:
993 1343 1068 1418 quod
1089 1359 1180 1398 vermo
1202 1359 1260 1398 esse
1283 1359 1333 1395 non
1355 1339 1401 1394 od·

328 1427 437 1506 ducor}
481 1427 553 1486 Alis
575 1437 621 1486 est
641 1427 719 1486 ratio
741 1429 772 1486 in
790 1437 863 1486 oret.
875 1428 912 1486 de
923 1448 1008 1505 prov.
1026 1445 1106 1485 cons.
1127 1426 1177 1496 39,
1201 1443 1288 1500 quem
1310 1424 1401 1481 locum

326 1515 524 1572 minusrecte
547 1514 686 1571 tractavit
708 1514 754 1571 vir
776 1514 925 1591 egregium
948 1515 983 1571 Ε.
1007 1513 1176 1570 Wundcrus
1199 1511 1230 1567 in
1253 1511 1305 1580 iis,
1329 1526 1399 1583 quse

327 1599 446 1676 scripsit
479 1599 515 1656 de
548 1599 693 1676 porticulo
725 1609 755 1656 ut
787 1597 885 1680 (Ishn.
917 1599 1029 1658 Annsl.
1064 1600 1106 1668 V,
1141 1617 1170 1673 p.
1208 1589 1292 1678 158).
1357 1593 1402 1653 Sic

326 1686 405 1743 enim
438 1685 480 1742 ibi
514 1703 598 1742 orsus
631 1694 676 1742 est
708 1695 808 1742 orator
830 1683 918 1764 (oum
939 1695 969 1742 ut
995 1685 1024 1742 C.
1051 1685 1135 1740 Iulius
1158 1678 1229 1764 etc.)
1257 1691 1400 1756 tamquam

327 1771 526 1829 subiecturus:
532 1772 598 1844 fieri
604 1773 762 1846 :conpotest3
777 1770 891 1842 deinde,
904 1788 970 1828 cum
978 1770 1094 1846 longius
1106 1777 1201 1826 tractu
1212 1766 1308 1825 oratio
1320 1773 1401 1834 esset,

327 1856 417 1914 dixit:
451 1857 554 1913 adduci
580 1858 620 1913 od
648 1857 839 1932 suspicandum
862 1859 934 1913 tirello
955 1857 1033 1913 modo
1057 1875 1178 1931 possum.
1236 1851 1295 1912 Sed
1328 1849 1401 1926 quod

326 1943 357 2000 iu
381 1941 545 1999 adducendi
568 1941 660 1998 verbo
682 1941 824 1998 orationis
847 1941 993 1999 brevitate
1016 1942 1064 2010 tit,
1086 1949 1121 1997 ut
1141 1958 1189 1996 res
1212 1936 1317 1996 effecta
1340 1933 1401 2012 (od-

327 2029 424 2098 docor,
454 2038 483 2084 ut
510 2021 558 2106 sit)
591 2027 707 2083 dicatur
733 2046 787 2102 pro
815 2027 871 2083 fide
898 2027 943 2084 rei
972 2025 1077 2083 effecto
1110 2023 1261 2106 (miducor,
1296 2033 1324 2080 ut
1350 2041 1401 2079 esse

327 2115 481 2184 existimem,
505 2111 584 2186 quod
605 2112 692 2188 plene
715 2111 854 2170 scribitur
870 2112 909 2169 sd
919 2114 983 2170 Ao.
997 2113 1060 2182 XI,
1085 2113 1119 2181 7,
1144 2107 1192 2188 3),
1216 2109 1280 2167 cius
1301 2107 1346 2166 rei
1368 2107 1401 2162 si·

327 2198 481 2255 millimum
504 2207 550 2254 est
571 2198 738 2273 exemplum
761 2198 791 2254 in
814 2207 887 2254 orat.
899 2217 953 2274 pro
966 2197 1050 2257 Sulis
1067 2199 1123 2254 40:
1147 2215 1193 2253 mec
1214 2215 1277 2253 uero
1295 2213 1401 2269 possum

327 2303 383 2340 meo
405 2293 507 2340 tontum
529 2285 631 2358 impertio
653 2285 733 2353 dore,
757 2293 786 2340 ut
808 2293 845 2339 tot
867 2303 923 2352 res,
947 2293 1051 2350 tantos,
1081 2293 1136 2339 tom
1157 2283 1265 2344 varios,
1288 2291 1343 2336 too:
1364 2297 1401 2334 re·

324 2371 450 2445 portinse
472 2399 514 2409 —
536 2388 595 2426 mea
617 2379 710 2444 spmzte
731 2371 906 2444 dispercmm,
940 2369 996 2426 hoc
1024 2377 1082 2439 est,
1116 2387 1157 2424 me
1178 2369 1329 2441 disperisse
1350 2383 1401 2420 cre·

327 2455 399 2512 dom.
434 2453 546 2511 Eodem
570 2452 704 2511 confusio
725 2454 768 2511 rei
791 2451 912 2511 effectae
936 2463 966 2511 et
987 2452 1115 2510 notionis
1132 2451 1293 2526 iudiciique
1316 2451 1352 2507 de
1374 2467 1401 2504 re

327 2537 423 2596 effecti
446 2548 491 2596 est
512 2539 542 2596 in
571 2539 693 2614 cogendi
716 2540 821 2610 verbo,
855 2557 921 2596 cum
950 2539 986 2596 de
1019 2537 1185 2595 necessaria
1218 2535 1402 2594 conclusione

326 2625 448 2694 dicitur,
481 2634 514 2681 ut
542 2608 726 2699 ἀναγκάζειν.
779 2625 886 2698 Itaque
914 2625 1003 2701 vulgo
1031 2623 1148 2697 quidem
1183 2622 1304 2679 dicitur:
1338 2622 1403 2677 cotio

326 2713 402 2784 copis,
426 2729 517 2766 oerum
539 2727 596 2765 esse
618 2705 691 2787 (vid.
714 2708 811 2766 lexico
833 2719 862 2766 ct
883 2710 949 2767 add.
973 2709 1009 2766 de
1031 2709 1096 2766 Fet.
1120 2713 1134 2778 ς
1159 2705 1210 2787 9);
1239 2707 1291 2765 sed
1319 2705 1402 2762 huius

327 2794 427 2870 operis
449 2794 516 2851 libr.
538 2793 596 2860 III,
621 2794 660 2849 42
685 2794 837 2852 scribitur:
864 2815 953 2852 emmm
975 2805 1063 2852 ostem
1085 2798 1154 2851 ratio
1181 2804 1251 2850 certe
1273 2795 1354 2865 sopit,
1377 2800 1403 2846 ro

326 2883 354 2936 in
387 2881 507 2936 omnibus
539 2881 674 2936 tormentis
707 2889 874 2937 conservem
906 2881 984 2937 beato
1010 2884 1066 2938 vito
1093 2883 1215 2956 sapienti.
1260 2879 1308 2936 De
1341 2877 1402 2952 ipso

327 2967 462 3040 efficiendi
482 2965 573 3024 verbo
596 2973 626 3021 et
648 2964 793 3022 similibus
815 2975 976 3042 pervagata
998 2983 1044 3022 res
1067 2974 1121 3022 cst.
1167 2964 1257 3036 Sunt,
1281 2963 1332 3037 qui
1355 2980 1402 3038 ps-

326 3071 391 3108 rum
425 3050 531 3108 Latine
565 3049 622 3107 dici
655 3059 773 3126 putent:
807 3052 856 3108 hoc
888 3055 926 3108 sic
958 3051 1141 3126 ocmpimdum
1174 3060 1226 3116 est,
1260 3059 1290 3106 nt
1315 3049 1403 3105 Cicero

325 3140 446 3212 posuerit
468 3145 538 3206 etc.;
571 3135 725 3192 dicendum
753 3135 830 3192 enim
859 3155 937 3193 esse:
967 3139 1090 3212 posuisse
1111 3145 1248 3192 stomacus·
1270 3145 1335 3191 sut:
1367 3135 1402 3189 sic

241 3244 246 3254 ·
327 3223 517 3298 accipiendum
533 3231 581 3290 est,
608 3221 756 3278 Cicermem
775 3225 913 3297 posuisse;
935 3239 1002 3278 nom
1026 3221 1179 3297 scripsisse
1203 3221 1298 3296 ipsum
1322 3219 1402 3278 Cico-

327 3325 429 3364 ronem
453 3305 525 3386 (Off.
538 3307 564 3376 I,
588 3301 660 3385 96):
683 3309 752 3364 illud
774 3309 897 3382 supersim
919 3311 957 3364 sic
972 3309 1035 3381 sere
1057 3309 1165 3381 definiri
1184 3309 1257 3374 solet,
1281 3307 1402 3363 decomm

325 3393 356 3449 id
383 3411 447 3452 esse,
482 3411 555 3448 non:
589 3401 617 3447 ot
645 3389 768 3448 decomm
795 3393 825 3448 id
851 3394 893 3449 sit.
939 3393 1050 3450 Verum
1080 3392 1157 3449 dixit
1189 3401 1288 3449 tamen
1316 3391 1402 3448 Tusc.

326 3477 382 3546 IV,
407 3478 445 3532 47
455 3496 462 3532 :
485 3479 522 3533 ito
544 3480 611 3534 enim
634 3478 731 3550 definit,
755 3486 784 3532 ut
801 3479 968 3552 perturbatio
990 3481 1025 3535 sit
1046 3498 1143 3534 averso
1166 3499 1183 3533 o
1206 3481 1308 3534 ratione
1324 3477 1404 3532 om'mi

326 3565 461 3618 commotio
484 3559 573 3640 (nonz
597 3571 626 3618 ut
648 3563 721 3618 dicat
742 3559 821 3641 esse),
845 3573 874 3618 et
896 3563 932 3619 de
954 3563 1045 3639 Legg.
1069 3565 1132 3634 111,
1158 3563 1213 3620 33:
1236 3583 1282 3636 epo
1304 3565 1331 3618 in
1353 3566 1402 3617 isto

327 3667 386 3703 sum
408 3651 544 3716 sententio,
568 3679 608 3688 -
631 3649 698 3704 niort
729 3657 759 3703 ut
784 3650 871 3720 suerit
899 3651 924 3704 io
954 3651 1092 3724 suffropiis
1115 3668 1177 3706 voce
1196 3651 1291 3706 medus
1314 3645 1402 3726 (nom

321 3735 411 3807 foisse
428 3728 554 3810 potero),
578 3741 608 3788 et
629 3733 666 3789 ed
683 3732 766 3789 Fam.
788 3732 859 3803 XV,
885 3734 913 3804 2,
938 3734 970 3789 8:
994 3734 1044 3790 boc
1066 3737 1194 3810 opim'msc,
1218 3745 1248 3792 ut
1269 3766 1311 3775 —
1333 3751 1402 3788 meus

326 3819 459 3874 adversius
481 3849 522 3858 —-
546 3817 672 3874 liberant.
717 3817 830 3874 Durius
863 3828 924 3889 est,
959 3837 997 3875 ox
1030 3820 1132 3876 eodem
1161 3829 1261 3877 temen
1288 3836 1402 3896 genero,

327 3902 405 3976 quod
428 3902 537 3978 legitur
559 3901 595 3958 de
618 3901 673 3978 leg.
697 3921 758 3978 sgr.
780 3903 839 3973 ΠΙ,
865 3903 898 3959 3:
921 3907 1052 3979 orsmqso'd
1073 3915 1246 3976 esiconem,
1270 3907 1335 3979 quin
1357 3905 1402 3959 itta

327 3990 507 4044 criminatione
529 4019 570 4029 -
599 3997 714 4044 vestram
737 3987 899 4058 diliqemtiom
917 3991 1145 4064 pmrdcnticmquo
1167 3993 1326 4066 despexeris
1350 3989 1402 4045 hoc

327 4081 381 4140 est,
404 4074 558 4147 despmisse
579 4075 717 4129 iudicstm:
763 4069 842 4148 [Nec
864 4073 986 4130 multum
1010 4075 1135 4133 discedit
1154 4077 1191 4133 de
1209 4075 1260 4135 Or.
1278 4077 1304 4146 I,
1331 4075 1401 4132 115:

327 4155 422 4230 Iibque
444 4158 509 4214 baec
530 4160 569 4214 ito
591 4159 663 4228 dico,
687 4167 717 4213 ut
737 4177 785 4213 ors
807 4159 912 4230 aliquos
935 4161 1029 4216 binare
1050 4181 1101 4218 nou
1125 4165 1222 4237 possit.
1268 4163 1401 4225 Temere,

326 4249 360 4297 ut
377 4259 474 4317 saepe,
498 4241 653 4300 cavillatus
671 4252 716 4298 est
727 4241 854 4298 Wolfius
866 4242 896 4298 in
909 4253 981 4300 orat
993 4263 1047 4320 pro
1060 4247 1153 4304 Maro.
1167 4248 1217 4304 34.
1251 4247 1362 4306 Eadem
1374 4245 1402 4301 in

328 4325 490 4383 voluntatis
512 4327 631 4384 notione
653 4327 783 4384 brevitas
806 4327 902 4384 estin
926 4327 990 4386 Cot.
1002 4331 1058 4402 IV,
1072 4333 1106 4388 3:
1129 4333 1241 4390 Mooeor
1263 4335 1305 4391 his
1327 4333 1402 4389 rebus

328 4412 456 4482 omnibus,
479 4413 529 4468 scd
543 4414 570 4468 in
581 4431 639 4467 eom
658 4422 773 4486 portem,
796 4421 826 4468 ut
847 4415 917 4470 solvi
926 4416 980 4471 sint
995 4416 1137 4488 vobiscum,
1160 4418 1217 4476 hoc
1240 4427 1294 4491 est,
1317 4420 1402 4475 soloos
