3000 5044
393 429 436 475 us
459 429 540 475 usn.
563 427 626 474 nin.
649 429 683 475 iv
706 427 777 473 cae.
798 431 838 474 io.
1085 407 1150 474 559

79 601 155 661 rant
201 597 252 662 54.
275 599 311 662 In
333 597 436 680 prima
456 597 553 680 igitur
574 597 794 662 constitutione
804 598 888 660 Zeno
911 600 984 660 tuus
1001 613 1020 660 a
1036 601 1152 660 natura

79 700 213 778 recessit
235 718 366 783 cumque
388 719 541 766 sinumum
562 701 678 764 bonum
699 698 857 780 posuisset
877 699 909 763 in
931 698 1150 780 ingeniiprae-

78 803 199 881 stantia„
222 821 316 884 quam
338 803 484 868 virtutem
506 819 668 880 vocamus,
701 817 758 865 nec
780 801 949 883 quidquam
971 800 1055 865 aliud
1079 819 1150 866 esse

79 903 190 969 bonum
217 905 361 984 dixisset,
394 905 454 969 nisi
482 905 566 986 quod
598 909 683 968 esset
708 902 887 983 honestum,
920 921 976 968 nec
1003 902 1149 968 virtutem

77 1212 103 1260 bo
145 1148 168 1192 2.
177 1142 211 1262 ll„
229 1159 279 1196 om.
299 1143 317 1193 Ε
353 1147 376 1192 3.
395 1143 490 1193 armates
508 1143 530 1192 Ε
579 1143 661 1192 donum
679 1141 839 1194 meedmmeet
853 1141 965 1193 PCROr.
984 1142 1083 1194 decimat
1100 1159 1154 1194 aeae

104 1229 159 1261 nam

77 1401 155 1474 Gaii,
178 1399 219 1483 [B
230 1399 422 1480 conpmmtt]).
450 1401 651 1461 Correxerunt
661 1403 823 1460 Ascensius
838 1403 916 1460 1511
932 1411 962 1460 et
977 1403 1151 1474 Lambinus,

76 1497 136 1546 tum
160 1489 302 1546 Davisius
325 1496 354 1544 et
375 1487 568 1556 recentiorem
596 1487 749 1563 leniusque
772 1488 827 1545 hoc
850 1497 980 1546 mutatur
1002 1507 1090 1563 quam
1113 1508 1151 1546 ex

76 1575 170 1632 altero
192 1575 226 1631 fit
247 1575 418 1645 admodum,
442 1583 475 1630 ut
497 1573 590 1632 Gaius
612 1573 746 1644 volebat,
771 1573 944 1632 Schuetzius
966 1573 1049 1646 fecit,
1084 1593 1150 1632 cum

77 1661 251 1735 praesertim
278 1660 326 1716 hie
355 1659 464 1716 nullam
493 1659 637 1717 rationem
660 1659 768 1716 habeat
789 1657 920 1716 futurum
944 1669 1059 1736 tempus
1081 1678 1151 1718 con-

77 1745 202 1803 dicionis
224 1763 289 1802 cum
312 1744 461 1822 praesenti
483 1745 686 1816 coniunctum,
719 1754 753 1801 ut
779 1745 804 1816 Ι,
824 1747 859 1816 6,
887 1744 937 1803 ubi
960 1745 1152 1822 significatur,

75 1829 203 1888 fortasse
225 1831 337 1906 aliquid
358 1830 545 1888 adversarios
568 1830 698 1888 dicturos
722 1848 795 1902 esse,
819 1831 1036 1907 etgeneraliter
1053 1840 1153 1888 osten·

77 1916 171 1987 ditur,
205 1916 276 1990 quid
306 1935 344 1974 ex
371 1916 425 1974 tali
455 1917 601 1974 sententia
627 1925 776 1990 sequatur.
820 1916 879 1974 Hic
906 1935 964 1974 non
993 1915 1152 1974 defutura

76 2003 204 2075 quadam
227 2001 345 2061 Stoicae
367 2002 518 2059 doctrinae
541 2021 607 2060 cum
629 2001 722 2060 initiis
745 2002 950 2060 convenientia
971 2001 1077 2079 agitur,
1100 2002 1152 2060 sad

76 2085 179 2158 daea,
203 2095 281 2161 quae
300 2087 359 2144 iam
382 2087 429 2145 sit
452 2084 619 2168 [Dedeomus
641 2088 729 2144 etiarn
752 2085 802 2164 B.]
854 2139 857 2148 ,

162 2171 213 2230 54.
234 2176 263 2230 in
279 2176 373 2248 patrna
394 2170 589 2251 constitutione)
617 2173 685 2231 Non¹
707 2172 790 2230 illam
813 2173 900 2248 plane
922 2173 1047 2249 primam
1069 2172 1176 2230 insti·'

75 2257 219 2314 tutionem
241 2258 395 2336 intellegit,
418 2277 477 2334 qua
499 2258 586 2316 homo
608 2259 646 2316 ad
668 2277 699 2316 se
722 2258 902 2336 diligendum
925 2259 1076 2316 conciliari
1098 2278 1154 2334 pu-

76 2344 209 2414 tabatur3
242 2363 310 2401 nam
338 2363 402 2402 eam
425 2342 514 2401 etiam
538 2344 618 2402 Zeno
641 2345 761 2401 tenebat
783 2353 812 2400 et
833 2353 938 2420 postea
954 2345 1070 2401 demum
1093 2345 1154 2401 dis-

76 2429 201 2487 cedebat
222 2423 271 2510 (ab
292 2431 386 2487 iisdem
403 2432 547 2506 pmnctpiis
564 2432 683 2505 profecti
704 2433 719 2500 ξ
743 2428 806 2505 26).
856 2429 922 2486 Hoc
949 2429 1040 2506 igitur
1069 2430 1150 2502 dicit,

76 2532 140 2572 cum
164 2515 247 2574 Zeno
269 2516 300 2572 in
321 2533 381 2572 una
402 2515 512 2573 virtute
535 2535 679 2572 summum
702 2515 1032 2588 bonumconstitnisset,
1056 2524 1156 2572 cetera

75 2600 143 2658 huic
166 2601 371 2658 constitutioni
393 2610 591 2658 consentanea
613 2620 679 2658 eum
702 2596 846 2658 docuisse.

160 2705 219 2744 ease
242 2685 349 2764 boiam)
373 2686 423 2747 Sic
446 2685 524 2763 Spin.
547 2705 663 2762 quoque
687 2681 751 2765 [B].
791 2685 886 2743 Paulo
909 2695 976 2762 post
992 2687 1153 2762 quidquam,

75 2774 149 2846 qaod
170 2774 250 2829 aliud
270 2775 323 2830 atio
345 2775 438 2830 melius
460 2783 541 2844 esset,
565 2773 720 2830 Nissenius
743 2772 970 2848 interpretatur:
993 2773 1152 2847 quidquam,

72 2859 292 2932 propterquod,
315 2857 345 2915 in
368 2876 427 2933 qna
449 2858 596 2916 sententia
617 2858 783 2915 necessario
807 2857 992 2916 scribendum
1006 2866 1070 2914 erat
1091 2877 1152 2932 quo.

75 2941 134 3001 Sed
156 2943 256 3000 haesit
277 2943 308 3001 in
331 2945 433 3001 eadam
455 2943 639 3016 difficultate,
663 2963 738 3018 quae
757 2943 845 3000 etiam
857 2943 981 3001 Davisio
994 2953 1024 3000 et
1034 2943 1154 3000 Bremia

77 3028 106 3084 in
128 3029 208 3086 libro
231 3029 290 3100 ΠΙ,
304 3030 343 3086 25
367 3039 485 3106 praeter
506 3029 589 3086 verbi
612 3033 737 3086 interesse
759 3037 935 3086 structuram
948 3030 1072 3087 molesta
1088 3027 1154 3085 fuit.

77 3112 151 3172 Cum
176 3115 254 3171 enim
278 3115 400 3186 dicitur,
433 3116 500 3172 nidd
521 3135 577 3172 ease
598 3123 651 3172 aut
672 3117 822 3190 quidquam
848 3134 918 3184 esse,
952 3117 1026 3190 quod
1047 3116 1156 3189 differat

75 3209 126 3256 aut
148 3202 245 3257 mettim
266 3204 315 3270 sit,
349 3201 414 3275 ipsa
436 3220 483 3258 res
506 3199 643 3258 differens
671 3210 722 3258 aut
743 3199 848 3257 melior
869 3201 1041 3275 pronomine
1064 3199 1156 3276 signi-

75 3285 197 3355 ficatum
219 3285 319 3359 itaqua
341 3285 508 3344 addendum
530 3295 644 3343 tantum
666 3286 784 3343 videtur
805 3287 839 3342 ab
862 3288 915 3342 alio
937 3288 1071 3358 autolio,
1095 3301 1154 3342 non

75 3373 154 3428 aliud
175 3372 211 3427 ab
232 3373 286 3428 alio
308 3367 400 3449 (aliud
420 3371 497 3448 alio),
520 3391 557 3428 ne
580 3372 689 3448 duplex
712 3370 876 3429 subiectum
893 3372 1063 3442 habeamus,
1077 3389 1153 3428 oum

77 3459 152 3530 quod
173 3475 263 3514 unam
285 3475 347 3514 rem
371 3457 516 3535 significet
537 3475 592 3514 nec
614 3457 706 3514 dividi
729 3467 759 3514 et
780 3467 937 3532 unumque
959 3453 1004 3539 (et
1026 3459 1104 3514 aliud
1125 3464 1155 3512 et

75 3543 200 3615 adolio)
222 3542 379 3618 complecti
403 3543 505 3619 possit.
540 3542 599 3603 Sed
621 3543 749 3600 naturali
771 3543 897 3618 quadam
920 3543 1063 3600 sermonis
1085 3561 1155 3618 neg·

75 3626 207 3703 legentia
227 3628 304 3686 hano
326 3628 520 3687 subtilitatem
542 3629 641 3705 sperni
663 3637 693 3685 et
710 3629 751 3686 sio
774 3628 940 3704 pronomini
957 3631 1032 3704 quod
1053 3647 1156 3704 super·

77 3713 145 3770 addi
169 3715 249 3770 aliud
268 3714 303 3771 ab
331 3716 398 3786 alio,
431 3723 465 3772 ut
490 3733 588 3771 rerum
617 3714 775 3772 multitudo
803 3723 833 3772 et
859 3723 961 3771 mutua
989 3713 1155 3772 differentia

76 3799 268 3874 significetur,
292 3807 410 3876 praeter
430 3800 514 3857 illum
536 3800 606 3857 libri
628 3801 708 3857 tertii
729 3801 826 3857 locum
839 3800 1001 3858 clarissime
1018 3799 1155 3870 ostendit,

77 3885 156 3958 quod
185 3884 216 3942 in
244 3885 300 3942 hoo
321 3885 398 3942 libro
421 3890 436 3956 ξ
460 3886 499 3943 47
522 3885 644 3962 legitur:
666 3887 733 3942 nilo
754 3887 844 3961 differt
865 3887 942 3942 aliod
962 3887 997 3942 ab
1019 3888 1081 3958 also,
1104 3884 1155 3942 ubi

77 3971 182 4027 eodem
205 3970 292 4028 modo
315 3971 382 4028 ccidit
403 3979 433 4028 et
454 3973 532 4028 aliud
553 3980 744 4043 concurrunt,
773 3980 804 4028 et
825 3971 909 4045 quod*
924 3972 983 4043 ΠΙ,
1003 3971 1058 4029 31:
1090 3971 1157 4027 nidd

77 4057 155 4113 aliud
177 4057 227 4113 ald
246 4065 454 4132 anteponentem.
488 4055 741 4135 [comparandum
753 4057 842 4114 etiam
853 4056 926 4113 illud
937 4058 995 4128 111,
1010 4058 1066 4115 74:
1089 4057 1157 4131 qaid

78 4161 128 4197 non
151 4145 193 4198 εἰσ
215 4143 293 4200 aliud
314 4161 347 4199 ce
368 4145 422 4200 alio
444 4143 703 4214 necdtaer1V,83:
725 4146 775 4217 qui
791 4151 879 4218 potest
895 4163 952 4200 esse
974 4147 1157 4218 quisquam

78 4228 170 4284 alius
193 4229 262 4284 olio
284 4229 404 4286 beatior?
430 4228 623 4294 IIdeDivin.
642 4229 692 4300 89,
716 4227 774 4286 off.
790 4230 816 4298 1,
835 4229 864 4299 7,
888 4229 924 4284 de
942 4229 993 4288 Or.
1006 4230 1064 4302 111,
1086 4228 1156 4287 117.

82 4315 164 4389 Apte
177 4315 455 4389 comparaturPlat.
471 4315 635 4391 Enthyphr.
651 4315 721 4372 8B:
745 4301 834 4379 ἄλλος
856 4347 898 4355 -
921 4308 1019 4393 ἕτερος
1042 4308 1156 4393 ἑτέρῳ]
