3054 5030
459 405 503 451 nr
526 404 607 452 nnn.
630 404 693 450 ms.
716 405 752 450 nr
774 404 847 452 ear.
867 408 890 452 s.
1153 389 1214 454 391

140 575 208 638 iure
228 573 345 654 possit,
366 573 449 638 idem
470 573 509 638 de
532 573 596 638 vita
617 572 688 638 telis
711 573 770 638 viri
792 573 962 639 rectissime
985 577 1115 644 dicetur.
1160 579 1218 660 Ita,

142 677 169 740 si
192 675 284 740 beata
307 675 371 739 vita
392 675 557 740 honestate
579 675 725 754 cernitur,
748 675 832 756 quod
843 676 1008 742 honestum
1031 685 1088 759 cst,
1110 680 1142 746 id
1163 681 1219 746 bo·

141 795 214 842 num
237 777 338 842 solum
360 776 537 841 habendum
559 782 615 842 est
660 778 711 842 29.
740 777 823 855 Quid
850 779 947 844 vero?
981 782 1129 863 negarine
1156 782 1219 848 ullo

139 880 230 944 modo
253 878 362 960 possit,
384 898 554 960 nummum
576 897 763 960 quemquam
787 879 891 944 stabili
912 885 944 945 et
960 879 1049 947 firmo
1061 889 1093 949 et
1103 903 1218 966 magno

209 1103 231 1149 1.
250 1098 337 1150 denar
355 1099 468 1150 eruca
509 1104 533 1153 2.
554 1097 658 1166 [donate
674 1099 777 1150 cemma·
796 1100 828 1166 Α]
874 1100 948 1150 solam
966 1102 1049 1152 domm
1068 1103 1088 1152 1.
1125 1109 1147 1156 8.
1172 1103 1223 1162 Qus·

138 1185 192 1218 aare
212 1166 275 1218 EOr.
294 1167 428 1231 quasivero
446 1169 521 1218 ceteri
557 1167 641 1232 negari
656 1167 720 1218 nullo
739 1184 834 1228 omnes,
853 1170 938 1235 negari
953 1168 1000 1220 ullo
1020 1170 1063 1220 Or.
1109 1181 1133 1226 4.
1151 1189 1219 1222 aam-

140 1253 209 1302 quam
228 1252 270 1286 om
298 1251 392 1294 omnes,
412 1236 454 1288 Or.
508 1253 625 1300 qucquam
644 1237 665 1285 E
685 1254 750 1300 quern
769 1235 864 1301 mquam
883 1238 934 1290 Mc
953 1255 1020 1302 quem
1038 1241 1188 1304 amquamR

139 1461 222 1519 codd.
250 1461 411 1518 deteriores
435 1464 589 1536 (quattuor
604 1460 691 1532 Pau,
721 1461 798 1520 Dav.
816 1471 886 1533 tres,
911 1461 989 1522 Oxx.
1003 1463 1087 1537 Una.
1105 1464 1219 1538 aliquot

140 1540 222 1626 Gzii)
251 1555 281 1602 et
308 1545 373 1602 edd.
396 1544 459 1602 fere
481 1553 597 1602 veteres
619 1541 722 1626 (etiam
745 1547 839 1624 Viot.)
862 1548 1028 1618 inhonestum
1065 1549 1218 1606 emendate

139 1631 299 1702 Manutius,
323 1631 493 1688 Lambinus.

222 1719 368 1773 rectissime
389 1713 506 1790 onear)
536 1715 680 1772 Futurum
710 1713 781 1794 (hoc
808 1716 989 1792 significatu:
1012 1717 1070 1775 dici
1093 1719 1218 1794 poterit3

140 1800 164 1858 si
182 1801 293 1858 dictum
316 1801 381 1872 erit,
405 1809 484 1857 recte
507 1800 618 1858 dictum
640 1800 709 1876 erit)
733 1802 940 1877 etiameSpir.
964 1809 1053 1876 atque
1070 1797 1114 1872 Εξ
1131 1800 1218 1884 [ΑΒ]

139 1887 224 1944 eted.
237 1885 317 1945 Crat.
330 1885 424 1945 Gaius
445 1885 585 1958 restituit,
609 1897 647 1958 et,
670 1905 707 1943 ne
724 1907 785 1944 rem
808 1887 1025 1962 apertissimam
1046 1888 1218 1965 intellegere

139 1971 297 2046 aliqnando
313 1970 472 2040 videretur,
496 1970 617 2042 eddidit,
641 1972 794 2029 hunoesse
818 1991 949 2030 sensum:
975 1972 1139 2042 „eiusmodi
1161 1973 1218 2032 viri

139 2057 200 2114 vita
221 2057 285 2114 iure
308 2056 471 2130 meritoque
494 2057 603 2112 honesta
626 2057 775 2127 dicetur“;
804 2057 893 2116 immo
917 2059 1001 2118 beata.
1031 2057 1127 2116 Paulo
1147 2068 1218 2117 ante

139 2159 249 2213 omnes,
271 2142 387 2218 opinor,
400 2140 484 2199 codd.
502 2137 581 2221 ([B,]
594 2141 673 2202 Oxx.
685 2137 783 2217 Εξχψ,
797 2142 861 2199 edd.
874 2143 953 2202 Crat.
966 2152 997 2200 et
1008 2143 1101 2214 Vict.)
1124 2155 1154 2202 ut
1175 2145 1220 2202 ad

139 2247 178 2284 ea.
211 2227 303 2284 Recte
326 2227 487 2297 Manutius,
510 2227 682 2298 Lambinus,
706 2227 804 2284 ceteri.

227 2313 277 2370 29.
305 2312 379 2381 Quid
401 2321 480 2368 vorot
502 2315 628 2386 negarine
650 2345 691 2353 -
714 2331 860 2386 naviquam
888 2331 1050 2387 querrrquam
1072 2313 1142 2389 cet.)
1177 2315 1219 2374 Ut

142 2398 238 2455 estin
261 2398 297 2470 R,
321 2398 433 2454 editum
454 2407 500 2454 est
520 2415 539 2453 a
561 2397 710 2472 plerisque
733 2407 801 2454 ente
822 2397 973 2454 Bromium
997 2396 1101 2476 (Crat,
1125 2399 1217 2472 Mam,

142 2481 298 2550 Lambino,
321 2479 421 2560 cett):
448 2481 528 2551 Quod
550 2503 611 2539 nero
632 2485 727 2556 nepam
748 2485 820 2540 nullo
842 2485 919 2540 mdo
938 2487 1035 2558 possit,
1059 2504 1138 2559 quem
1160 2507 1217 2542 arn·

141 2587 223 2642 qnam
240 2569 333 2625 stabili
352 2577 377 2625 et
392 2569 476 2641 firmo
497 2578 522 2625 et
542 2588 639 2642 magno
660 2571 758 2640 ammo,
782 2587 860 2642 quem
876 2573 978 2642 fortean
1000 2571 1086 2626 virum
1103 2571 1218 2628 (licinius
1284 2605 1288 2612 ·

141 2655 215 2728 effici
231 2671 314 2728 posse
336 2661 411 2709 cett
433 2653 491 2710 nisi
513 2655 590 2727 quod
603 2655 682 2712 Viot.
706 2671 745 2710 ex
767 2654 811 2710 ed.
835 2673 879 2728 pr.
901 2653 1038 2711 retinnit:
1066 2674 1153 2729 thm,
1176 2659 1216 2711 ia·

140 2757 222 2812 qaam
246 2739 291 2810 (ut
313 2737 389 2798 CCC
410 2739 491 2813 apud
513 2739 589 2796 Dav.
612 2747 643 2796 et
664 2738 727 2795 sine
750 2739 840 2796 dubio
862 2739 943 2815 alii),
967 2739 1044 2796 Dav.
1067 2749 1164 2796 autem
1189 2749 1218 2796 et

139 2823 210 2880 Ern.
245 2823 287 2880 sic
319 2824 412 2880 verba
438 2823 699 2898 interpunxerunt:
722 2843 800 2898 quern
823 2857 864 2866 —
891 2827 1019 2894 dicimus,
1053 2826 1125 2898 effici
1151 2835 1216 2895 oet,

138 2917 218 2966 recte
240 2926 345 2984 reapse
369 2909 548 2984 (ostenditur
569 2909 657 2981 enim,
686 2928 745 2983 quo
767 2928 826 2966 uno
843 2910 961 2966 nomine
984 2910 1217 2986 proprieappel·

139 2993 225 3065 letnr,
248 2994 299 3068 qui
322 2994 457 3070 pluribus
479 2995 578 3052 verbis
601 2995 783 3071 significatus
805 2996 890 3068 erat),
914 2995 966 3052 sed
988 2995 1105 3052 sublata
1127 2995 1217 3052 etiam

138 3079 237 3154 specie
260 3079 441 3148 sententiae3
475 3080 559 3137 deest
586 3080 663 3137 enim
694 3079 919 3156 interrogationi
948 3080 1069 3137 verbum
1092 3081 1216 3138 finitum.

139 3163 315 3240 Superiores
349 3165 392 3222 sic
420 3165 512 3221 verba
539 3166 798 3223 continuaverant:
831 3184 909 3240 quera
936 3165 1028 3222 stabili
1054 3197 1095 3207 —
1118 3169 1215 3238 αιιὶτηο,

138 3269 216 3324 quarn
237 3253 339 3324 sortem
364 3253 454 3306 ‘ursin
482 3252 595 3307 dicimus
622 3252 695 3324 esficn'
717 3269 798 3327 posse
827 3258 902 3307 oet?
940 3268 1050 3325 eosque
1083 3250 1217 3325 sequitur

137 3335 329 3405 Matthiaeus,
352 3337 469 3392 dicerene
491 3335 631 3393 scribens.
676 3335 788 3392 Debuit
810 3336 880 3410 poni
902 3353 961 3392 non
989 3337 1115 3395 disdraus.
1149 3336 1216 3392 sed:

138 3439 216 3494 quern
233 3431 366 3495 putamus
383 3428 484 3496 posse?
506 3421 566 3496 (De
588 3419 738 3497 praesenti
760 3429 893 3496 tempore
915 3420 974 3478 vid.
998 3419 1108 3496 Opusc.
1121 3421 1216 3478 Acad.

138 3506 169 3564 ll
192 3525 220 3582 p.
246 3504 311 3580 40.)
346 3506 457 3563 Verum
479 3524 575 3578 nemo,
600 3505 735 3580 quamvis
758 3505 1049 3563 omniaMattbiaens
1067 3505 1215 3578 moliatur,

137 3590 306 3648 huiusmodi
333 3589 558 3666 interrogationi
581 3590 701 3668 neganti
723 3591 895 3666 praeposuit
921 3591 1076 3648 relativam
1098 3599 1216 3648 senten·

136 3676 208 3734 tiam
237 3683 402 3752 negantem,
426 3675 482 3732 bac
503 3675 613 3732 forma:
651 3677 731 3744 Quod
757 3679 852 3749 mpori
878 3696 929 3733 non
947 3686 1050 3751 potest,
1083 3678 1216 3751 qaorraodo

137 3763 185 3818 ison
200 3764 266 3834 fieri
282 3764 400 3836 poterit?
422 3770 455 3818 ut
477 3761 529 3819 sit:
552 3762 653 3838 negari
676 3779 735 3818 non
758 3769 865 3837 potest,
888 3761 945 3819 boc
966 3761 1031 3818 fieri
1046 3779 1214 3837 nonposse.

137 3845 196 3906 Sed
219 3846 303 3904 codd.
317 3847 390 3908 Erl..
413 3843 560 3926 Spir.[B]
582 3852 713 3921 quivero
735 3846 818 3923 (Bae.
841 3865 909 3921 quo,
938 3846 983 3902 ed.
1007 3846 1100 3904 Marsi
1123 3846 1214 3921 qaid),

137 3930 352 4009 deinde[AB,]
370 3931 459 4007 Spin,
483 3951 539 4008 mg.
552 3932 643 4002 Crat,
666 3933 752 3990 Mor..
776 3931 855 3990 Gud.
869 3933 898 4004 2,
922 3931 968 3989 El.
995 3934 1008 3988 l
1031 3929 1083 4009 (i),
1106 3931 1214 4003 Meed.,

135 4013 179 4086 Εξ
191 4017 254 4093 (hic
265 4025 368 4074 eontra
379 4017 456 4074 Dav.
467 4017 698 4093 testimoninm):
715 4037 876 4092 quenquam
892 4014 961 4098 (pro
973 4036 1051 4092 qinon
1063 4016 1214 4092 amquam),

136 4121 154 4159 e
176 4103 284 4177 quibus
307 4121 421 4182 reapse
434 4121 494 4160 non
516 4103 641 4160 discedit
662 4103 724 4160 Erl.
768 4103 847 4160 Hinc
860 4101 963 4173 Gaius,
986 4102 1080 4160 ascito
1102 4121 1119 4160 e
1141 4102 1213 4160 duo·

135 4187 190 4244 bus
211 4188 321 4246 infimis
343 4188 504 4259 codicibus,
527 4189 596 4246 Bas.
620 4197 650 4245 et
672 4188 751 4248 Gud.
778 4192 810 4257 l,
834 4189 1000 4258 ullomodo,
1023 4187 1079 4245 boo
1102 4185 1214 4246 effecit:

140 4271 194 4341 Qm·
213 4293 276 4330 nero
297 4277 391 4346 negari
411 4275 466 4330 allo
488 4275 564 4330 moda
582 4277 679 4350 possit,
701 4293 863 4349 quemqnam
874 4274 966 4330 stabili
980 4307 1022 4316 —
1040 4275 1112 4347 effici
1122 4293 1213 4348 posse,

136 4361 187 4415 nisi
207 4367 269 4415 -t
290 4377 413 4433 aarnque
436 4359 612 4435 scripturam
634 4359 950 4435 probavitSchnetzio,
963 4358 1085 4431 Orellio,
1099 4357 1213 4430 Ottoni,
