3000 5044
386 417 429 461 nr
454 415 666 462 1111111111
690 415 762 462 ons.
782 419 810 462 11
823 419 892 464 -aa
1120 397 1183 463 573

108 588 194 658 „Nos
217 605 285 650 cum
308 593 347 663 te,
371 586 412 649 ll.
437 585 522 663 Cato,
545 585 804 649 studiosissimum
827 585 1055 666 philosophiae,
1077 585 1183 650 iustis-

105 691 218 752 sirnmu
242 689 350 766 11111111,
373 688 523 768 optimum
545 687 685 766 iudicem,
710 687 972 768 religiosissimum
985 693 1104 765 testem
1127 705 1183 750 au-

91 791 253 870 diremus
276 790 421 854 admirati
446 809 562 869 samua,
584 791 659 872 quid
681 797 773 870 esset,
796 809 852 854 cur
863 791 952 854 nobis
964 791 1084 856 Stoicos
1096 797 1183 855 aute-

104 893 215 971 ferres,
238 893 352 974 quide
375 893 467 957 rebus
490 893 579 958 bonis
607 899 639 958 et
667 893 757 956 malis
780 894 932 957 sentirent
958 913 1008 972 ea,
1043 912 1122 975 quae
1144 893 1183 956 ab

104 998 166 1062 hoc
193 995 360 1060 Polemone
386 997 470 1059 Zeno
504 1005 705 1075 cognoverat,
740 995 914 1060 nominibus
947 1003 1110 1060 uterentur
1136 996 1222 1074 iis,5
1258 1059 1265 1071 ,

105 1117 188 1180 quae
210 1098 312 1178 prima
334 1098 437 1178 specie
459 1098 710 1178 admirationem,
733 1118 768 1162 re
785 1097 939 1177 explicata
961 1098 1057 1162 risum
1080 1117 1184 1162 ruove-

105 1208 186 1266 rent
232 1201 281 1266 Tu
303 1207 416 1278 autern,
440 1201 466 1264 si
488 1199 544 1263 tibi
565 1200 617 1264 illa
639 1201 862 1281 probabantur,
886 1218 941 1264 eur
963 1220 1024 1264 non
1047 1200 1184 1281 propriis

105 1303 212 1367 verbis
234 1303 287 1366 illa
310 1304 459 1367 tenebas?
483 1302 529 1366 sin
553 1311 584 1365 te
607 1303 778 1366 auctoritas
801 1303 1027 1382 commovebat,
1056 1303 1185 1367 nobisne

105 1407 251 1471 omnibus
275 1413 307 1468 et
333 1405 455 1468 Platoni
487 1404 548 1485 ipsi
579 1404 682 1469 nescio
711 1424 802 1485 quem
838 1405 923 1470 illum
950 1405 1184 1486 anteponebas?

104 1508 294 1590 praesertim
317 1526 384 1572 eum
408 1507 440 1570 in
463 1525 497 1570 re
519 1507 643 1588 publiea
653 1507 799 1589 princeps
812 1527 881 1572 esse
893 1508 988 1572 velles
1004 1508 1045 1571 ad
1057 1525 1186 1587 eamque
1206 1513 1245 1576 10

104 1612 256 1676 tuendam
283 1628 352 1674 cum
374 1627 494 1673 summa
522 1615 578 1672 tua
600 1609 752 1691 dignitate
774 1610 906 1674 maxime
928 1629 947 1672 a
969 1609 1057 1674 nobis
1080 1608 1186 1673 ornari

104 1723 204 1794 atque
225 1711 337 1776 instrui
359 1729 479 1792 posses.
524 1709 556 1774 A
574 1711 661 1776 uobis
685 1713 765 1776 enim
787 1712 849 1776 ista
871 1712 1027 1794 quaesita,
1055 1711 1186 1776 anobis

105 1815 275 1896 descripta,
299 1819 415 1893 notata,
437 1819 607 1895 praecepta
629 1820 716 1893 sunt,
739 1814 935 1895 omniumque
958 1833 1062 1878 rerum
1084 1813 1186 1894 publi·

105 1937 215 1982 caurm
238 1917 383 1981 rectionis
406 1934 530 1997 genera,
554 1921 669 1995 statue,
698 1917 901 1996 mutationes,
932 1917 1018 1998 leges
1041 1915 1187 1980 etiamst

866 2025 876 2048 .

165 2161 184 2208 l.
207 2154 296 2222 [marco
315 2155 364 2224 En]
405 2159 428 2205 6,
446 2155 523 2220 specie
541 2155 565 2204 in
582 2155 657 2204 animi
672 2151 832 2206 racionemil
870 2160 891 2205 7,
908 2156 1040 2220 probantur
1056 2155 1124 2204 LCR
1163 2159 1187 2202 8.

105 2227 130 2274 si
147 2225 209 2274 teL
247 2223 350 2291 [eobano
369 2223 414 2290 Eh]
455 2229 492 2272 10.
511 2223 546 2273 nd
563 2224 702 2274 eandemlt
739 2229 776 2274 ta.
801 2222 878 2274 Nobis
897 2223 956 2273 enim
974 2227 1072 2288 loma)
1091 2239 1185 2282 omues,

107 2295 151 2346 Or.
194 2298 230 2345 14.
251 2293 371 2355 rectiones,
388 2309 476 2358 persero
495 2299 589 2354 omnes,
608 2293 651 2343 Or.

195 2505 220 2558 si
241 2503 289 2557 tibi
308 2503 357 2558 illa
374 2499 576 2580 prolabentem)
599 2501 649 2560 Sic
661 2502 825 2559 Ascensius
840 2502 918 2558 1511
933 2511 963 2558 et
974 2501 1113 2576 deinceps
1124 2499 1187 2558 fere

107 2607 221 2656 omnes,
245 2587 392 2646 Gruterus
410 2595 440 2643 et
458 2587 599 2644 Davisius
616 2589 710 2658 taciti,
730 2588 901 2664 flagitatque
919 2589 994 2644 hanc
1011 2587 1187 2662 scripturam

106 2683 137 2730 et
160 2672 240 2746 quod
264 2673 443 2729 eontrarium
465 2673 586 2748 ponitur
608 2670 811 2749 (comraovcbut)
832 2683 862 2730 et
884 2682 947 2730 tota
968 2692 1025 2741 res,
1048 2673 1187 2746 quoniam

106 2758 205 2816 omnis
217 2759 312 2814 oratio
324 2759 403 2815 adid
416 2767 532 2833 tempus
544 2757 679 2827 refertur,
700 2779 758 2834 quo
771 2759 846 2818 Cato
859 2759 988 2819 Stoicam
1002 2758 1187 2834 disciplinam

106 2844 231 2920 elegerit
253 2844 339 2918 eique
362 2863 393 2901 se
415 2844 578 2901 tradiderit.
612 2847 737 2902 Veteres
755 2845 898 2902 editiones
921 2845 1094 2918 codicesque
1107 2843 1186 2902 Oxx.

107 2940 147 2994 et,
172 2930 197 2986 si
221 2930 367 2986 credimus
390 2929 478 2999 Gzi0,
502 2930 565 2987 eius
589 2950 690 2988 omnes
702 2933 863 3006 prodantur,
888 2931 994 3004 dequo
1007 2930 1112 2986 mendo
1125 2929 1188 2987 dixi

107 3017 145 3071 ad
170 3020 184 3084 5
210 3015 259 3072 55.
310 3011 360 3095 [ln
382 3015 443 3072 Erl.
468 3017 622 3090 probantur
654 3035 718 3074 esse
752 3025 782 3073 et
809 3017 839 3073 in
868 3017 908 3086 B,
938 3016 1025 3072 etiam
1050 3015 1187 3072 Baiterus

109 3096 288 3180 confirmat]

196 3187 309 3242 Anobis
331 3190 398 3242 etnim
416 3189 469 3242 ista
485 3189 618 3261 quaesita,
641 3207 658 3242 o
681 3181 769 3266 nobis)
791 3186 926 3244 Priorem
938 3186 1187 3262 praepositionem

108 3274 147 3328 ab
170 3291 230 3328 uno
254 3273 398 3329 Lanrhiuo
421 3272 588 3329 necessario
610 3273 740 3329 additam
765 3291 838 3343 esse,
862 3291 900 3329 ex
923 3271 1074 3346 anaphora
1097 3289 1188 3348 appa-

109 3377 184 3426 rere,
209 3367 287 3414 recte
310 3358 422 3414 iudicat
443 3359 674 3434 Wesenbergius
697 3357 865 3416 Observatt.
889 3357 966 3414 critt.
983 3358 1014 3414 in
1038 3365 1109 3414 orat
1134 3376 1188 3433 pro

110 3443 187 3503 Sest.
210 3445 303 3518 pot.
347 3443 412 3500 Nee
434 3443 482 3499 hie
504 3443 565 3500 ullo
589 3444 675 3501 ruodo
699 3444 816 3502 dativus
838 3443 977 3501 ferendus
1006 3452 1083 3514 erat,
1117 3462 1189 3516 qao-

111 3529 190 3586 niam
214 3547 273 3585 uon
296 3547 328 3585 se
350 3529 424 3585 haee
446 3530 580 3602 quaesita
602 3529 711 3586 habere
735 3530 915 3604 significant,
950 3529 1001 3587 sed
1024 3547 1078 3585 sua
1100 3547 1190 3604 opera

110 3615 149 3670 ad
171 3614 296 3672 aliorum
320 3634 403 3670 usum
427 3615 562 3689 quaesita
584 3633 662 3686 esse;
687 3616 745 3672 vid.
768 3615 805 3672 ad
827 3617 852 3687 I,
880 3617 926 3671 11.
971 3615 1082 3672 Eadem
1105 3633 1189 3690 prae-

106 3700 218 3775 'positio
242 3700 394 3756 exciderat
420 3709 488 3756 ante
510 3701 639 3757 litteram
662 3723 680 3758 n
703 3700 787 3776 (nrt)
815 3702 846 3759 in
874 3701 1027 3758 meliorum
1056 3700 1188 3757 codicum

111 3785 246 3862 principe
269 3786 347 3855 545,
371 3787 400 3841 in
424 3786 554 3844 omnium
578 3788 655 3856 578.

198 3892 286 3928 rernm
304 3873 476 3946 publicorum
498 3875 639 3931 rectiones,
660 3871 772 3952 periero)
807 3872 979 3931 Ciceronem
1003 3873 1125 3928 rechonis
1144 3891 1190 3944 pe·

111 3977 176 4013 nero
199 3957 352 4032 scripsisse
374 3966 461 4032 puto,
490 3959 545 4014 hae
568 3959 773 4017 coniunctione
802 3978 864 4015 rem
893 3958 1050 4033 diligenter
1072 3965 1102 4012 et
1123 3975 1190 4031 pro-

110 4043 175 4118 prie
197 4045 371 4118 signantem.
414 4044 457 4102 Ut
479 4044 589 4116 editur,
621 4065 720 4117 pervere
747 4063 867 4120 prorsus
889 4044 1034 4116 abundat,
1067 4043 1191 4118 pluralis

112 4139 209 4186 autem
230 4147 369 4185 uumerus
392 4129 569 4186 substantivi
592 4149 610 4186 a
633 4130 790 4200 Cicerone,
819 4130 1007 4205 permittente
1035 4138 1190 4185 consvetu-

113 4214 190 4271 dine.
213 4215 250 4270 ad
262 4216 383 4290 regendi
395 4216 540 4272 actionem
554 4217 775 4292 significandum
787 4215 859 4273 faeti
877 4213 944 4293 (cir.
957 4217 995 4284 V,
1012 4213 1064 4293 ll)
1086 4233 1190 4290 parum

113 4310 199 4374 aptus
221 4301 338 4356 videtur
367 4301 404 4356 ad
433 4301 543 4358 formas
571 4303 711 4359 rectionis
740 4302 955 4388 significandas.
1001 4298 1101 4380 [Nunc
1126 4310 1193 4376 post

113 4385 262 4442 Baitsrum
287 4390 409 4443 rectionis
431 4385 542 4464 posui]
