2938 5020
375 415 419 461 ar
443 413 523 461 una.
541 414 604 460 ans.
622 414 646 460 11
669 414 741 462 oar.
766 417 841 462 5-6.
1078 399 1137 463 167

91 585 129 648 Tu
138 591 230 649 autem
250 584 332 648 inter
354 584 431 648 haec
447 589 564 648 tantun
581 582 807 649 mutitudinem
825 584 982 650 hominum
998 585 1140 652 utteriec-

89 695 137 750 uru
165 706 222 751 non
247 686 335 751 vidos
367 704 424 751 nec
456 686 637 751 laetantium
665 704 723 752 neo
752 686 942 752 dolentium?
987 689 1035 752 17.
1069 688 1139 753 Non

88 807 210 868 parsu,
241 788 351 870 iuquit,
373 805 556 871 omnesque,
583 789 637 871 qui
660 789 726 854 sine
747 789 855 854 dolore
877 789 954 868 sint,
975 790 1007 854 in
1029 791 1138 872 volup-

88 899 148 970 aa,
168 901 197 956 et
217 909 255 956 ea
277 891 401 972 quidem
422 909 557 970 summa,
580 909 650 956 esse
672 891 750 956 dico.
794 891 877 972 Ergo
899 891 931 956 iu
953 893 1061 957 eadem
1083 912 1139 958 vo-

86 991 184 1072 luptate
204 1012 283 1072 eum,
305 993 358 1076 qui
379 993 470 1060 alteri
492 993 621 1060 misceat
641 993 775 1058 musam
796 993 865 1075 ipse
886 1013 947 1059 uon
969 994 1085 1074 sitione,
1108 995 1177 1062 et5

86 1111 148 1172 eun
168 1095 218 1176 qui
238 1095 315 1160 illud
337 1095 445 1161 sitiens
466 1095 577 1160 bibat?

154 1197 202 1262 11
247 1198 328 1262 Tum
348 1197 414 1262 ilie:
436 1197 553 1276 Fluern,
575 1198 684 1280 muttit,
706 1197 934 1280 interrogandi,
958 1199 984 1264 si
1007 1199 1138 1277 videtur,

140 1406 157 1450 1.
190 1404 334 1452 ineffectum
353 1403 442 1454 ataid
478 1407 501 1451 ³.
521 1403 694 1466 omnemqueR
728 1402 760 1451 at't
778 1401 898 1454 LPMCR
932 1410 956 1452 4.
980 1420 1010 1452 eo
1028 1421 1097 1467 quum
1117 1382 1154 1453 E,

83 1485 124 1518 etta
145 1485 189 1520 otu.
207 1472 234 1520 tt
283 1471 342 1521 mim
374 1477 428 1536 tpro
451 1474 516 1536 ayo)
535 1471 562 1522 G
594 1474 614 1521 7.
638 1469 712 1535 inquit
734 1471 824 1522 om.C
870 1470 1046 1539 [interropta-atis
1063 1471 1087 1521 ai
1103 1473 1139 1521 Αἱ

84 1537 281 1606 htmopondisoo
297 1539 322 1590 oi
337 1539 384 1607 M]

82 1739 107 1782 ut
123 1731 292 1806 seripserunt
314 1751 375 1790 rum
397 1726 508 1811 (Crat,
538 1731 633 1801 vica,
668 1731 757 1788 aeteri
786 1739 854 1788 anto
877 1727 1071 1810 Gruterum),
1106 1740 1138 1788 ut

82 1811 141 1871 heoo
169 1818 313 1874 contraria
346 1827 525 1892 ponerentur
561 1816 698 1892 proximo
736 1815 881 1891 superiori
916 1814 990 1897 (orror
1023 1811 1138 1897 tustra).

81 1897 195 1958 Pluralia
215 1903 306 1960 verba
328 1913 361 1960 ut
382 1903 409 1959 R
431 1902 541 1959 habent
562 1901 632 1958 item
655 1895 698 1970 E}
725 1911 754 1958 et
776 1909 890 1959 veteres
913 1901 1056 1976 quaedam
1079 1902 1139 1959 edi·

82 1984 161 2043 tiones
182 1984 296 2067 (Mara,
321 1987 411 2058 Orat,
434 1983 537 2066 Vina).

152 2075 307 2131 damaetam
335 2095 386 2130 aon
414 2070 504 2153 uates)
527 2072 720 2148 Partioipiurn
743 2073 852 2130 omittit
873 2072 962 2129 etiarn
981 2071 1138 2150 Spir.[B],

81 2155 106 2210 in
126 2155 196 2215 Gud.
218 2161 236 2215 2
259 2159 476 2235 transponitur:
509 2160 669 2216 interiectum
697 2159 838 2214 hominum.
894 2156 945 2236 [ld
979 2159 1036 2214 iarn
1071 2169 1138 2216 ante

80 2240 225 2301 dubitarem
248 2263 286 2301 an
309 2245 415 2303 horum
437 2245 569 2302 codicum
594 2243 745 2313 mendum,
774 2262 832 2300 non
856 2244 986 2301 melioris
1007 2242 1138 2301 familiae

80 2327 259 2387 testimonium
282 2339 370 2387 esset.
414 2330 504 2387 Recte
528 2349 574 2386 rna
596 2329 755 2400 dubitasse,
779 2330 907 2388 ostendit
928 2328 983 2407 A.]

156 2417 198 2470 17.
241 2415 303 2472 Non
327 2435 453 2492 prorata,
482 2416 581 2490 inquit)
614 2415 703 2472 Tuae.
715 2416 770 2486 IV,
799 2414 818 2472 8
841 2423 900 2471 est:
934 2417 1054 2472 Proreus
1087 2436 1137 2472 uon

80 2499 189 2556 ανὸϋνον.
231 2499 325 2560 Gaius
348 2501 390 2558 sio
412 2499 530 2558 differre
552 2499 658 2572 tradit,
681 2509 714 2556 ut
736 2501 791 2557 hoo
814 2499 852 2557 sit
871 2520 925 2574 par
946 2503 1031 2564 nieht,
1065 2500 1137 2558 illud

80 2585 141 2641 rasit
158 2605 220 2659 por,
253 2587 333 2662 quod
366 2605 436 2644 sane
470 2587 567 2662 quivis
601 2585 680 2643 dieat
708 2585 790 2643 nullo
822 2585 1037 2662 praecipient03
1072 2587 1138 2660 quis

79 2670 145 2727 enirn
166 2673 256 2729 nescit·
277 2675 380 2729 ornrdno
401 2692 452 2728 non
480 2680 510 2728 et
536 2691 587 2729 non
616 2669 739 2728 manno?
773 2671 824 2728 sed
857 2671 912 2729 hoo
943 2672 1038 2748 ipsum
1066 2673 1138 2729 tried!

76 2773 122 2826 por
147 2757 330 2815 vehomenter
358 2759 395 2814 ab
418 2759 473 2815 hoo
501 2757 566 2814 loco
589 2757 741 2827 abhorret,
776 2775 833 2814 non
867 2757 945 2814 enirn
968 2758 1137 2832 Torquatus

79 2857 104 2896 te
130 2861 164 2898 ex
194 2843 292 2918 aliqua
320 2851 434 2900 tantum
451 2853 544 2918 parte,
573 2861 631 2900 non
666 2843 799 2914 omnino,
834 2842 933 2899 videre
967 2843 1051 2915 dicit,
1086 2843 1136 2900 sed

77 2943 184 2998 prorsus
214 2938 311 3006 negat.
367 2928 427 2988 Sed
459 2929 562 2986 eodem
595 2928 682 2986 modo
704 2927 810 2987 Ciooro
837 2929 886 2987 111
914 2928 950 2985 de
973 2929 1011 2986 N.
1035 2931 1072 2987 D.
1096 2929 1133 2986 21

78 3009 156 3068 dixit:
177 3013 257 3071 Nudo
278 3017 356 3072 modo
374 3033 490 3090 prorsus
512 3017 657 3076 meander,
685 3013 716 3070 id
738 3021 799 3084 est,
819 3033 934 3090 proram
957 3017 1028 3071 nullo
1050 3017 1134 3071 morlo.

77 3095 171 3172 Itaque
201 3099 268 3157 talis
301 3111 366 3158 erat
398 3099 484 3157 huius
512 3098 674 3176 particulae
702 3107 821 3171 natura,
855 3110 888 3157 ut
910 3118 946 3156 ne
968 3100 1137 3176 praeposite

77 3183 180 3256 quidem
202 3186 318 3262 negatio
341 3186 379 3243 ad
402 3203 466 3242 earn
488 3186 663 3262 pertineret,
698 3185 749 3243 aad
777 3185 815 3242 ad
844 3185 980 3253 verbum,
1015 3204 1135 3261 augere·

76 3277 169 3343 torque
181 3271 341 3345 particulae
364 3272 402 3328 vi.
426 3270 501 3350 [cfr
514 3269 547 3330 C.
560 3271 594 3328 F.
600 3272 649 3326 W.
661 3270 772 3328 Mulier
782 3271 812 3326 iu
825 3269 933 3328 Philol.
956 3271 1013 3340 IX,
1025 3273 1134 3347 pult,

75 3354 117 3426 qui
138 3355 305 3414 Terentium
325 3357 404 3414 And.
416 3357 457 3427 11,
483 3358 510 3426 6,
536 3359 568 3426 4,
597 3357 758 3414 Heautont.
781 3357 824 3428 V,
852 3359 878 3428 l,
903 3358 940 3413 21
965 3359 1003 3413 nil
1019 3376 1135 3432 morsos

74 3439 165 3497 eodem
187 3441 367 3518 significatu,
402 3461 460 3517 quo
482 3443 589 3500 Heaut.
612 3442 673 3513 IV,
698 3443 731 3514 5,
757 3442 796 3499 28
814 3461 944 3518 proruam
966 3444 1004 3499 nil
1025 3442 1135 3500 dixisse

73 3524 222 3604 admouet]
264 3527 329 3586 Neu
356 3528 432 3600 ullo,
466 3528 584 3604 opinor,
618 3528 684 3584 looo
717 3546 752 3584 eo
780 3527 867 3585 modo
896 3528 1024 3603 positum
1052 3547 1135 3604 repe·

73 3611 138 3668 ritur
160 3633 208 3669 nort
227 3633 357 3688 prorata,
386 3632 445 3688 quo
473 3633 524 3670 nou
546 3616 657 3670 annino.
713 3613 785 3671 Mox
814 3613 849 3670 do
877 3612 1046 3689 copulativa
1068 3633 1134 3689 par·

73 3697 154 3754 titula
173 3694 339 3779 (murraque)
369 3699 409 3757 ibi
437 3699 549 3775 posita,
583 3699 634 3756 ubi
667 3717 720 3756 nos
753 3697 969 3756 adversativam
997 3709 1134 3774 expecte-

73 3781 177 3852 hamus,
222 3785 301 3860 pleni
334 3795 403 3842 sunt
435 3784 636 3843 commentarii
679 3784 725 3842 his
763 3784 867 3861 viginti
906 3784 991 3842 annis
1023 3784 1134 3860 scripti.

72 3866 179 3927 Su'lioet
203 3870 304 3928 eadem
328 3871 474 3928 sententia
496 3871 685 3928 continuatur
706 3870 833 3946 primum
856 3871 1005 3946 negando,
1029 3869 1133 3926 deindo

71 3953 242 4014 affirmando.
286 3957 382 4014 Vetus
415 3956 575 4014 accusativi
603 3955 700 4014 forma
729 3951 845 4036 (omnia)
874 3955 1008 4032 ignorata
1031 3955 1059 4011 in
1084 3956 1133 4012 de·

71 4041 216 4099 terior-ibus
238 4041 323 4100 codd.
345 4037 448 4119 (etiarn
470 4061 497 4117 χ,
521 4041 643 4112 (tunt,
666 4041 749 4116 Bas.)
771 4041 926 4118 ganuitut
961 4042 1007 4098 De
1025 4041 1132 4099 omisso

70 4128 166 4200 ruram
188 4127 249 4184 rid.
271 4127 346 4198 rad-5
371 4127 398 4184 8.

142 4211 216 4290 Cup.
237 4213 293 4270 Vi.
338 4213 446 4274 Firma.
474 4216 574 4288 inquit.
596 4209 795 4292 interropoudt')
829 4213 878 4271 Ad
909 4212 1050 4270 orationis
1073 4211 1132 4270 for·

70 4313 134 4356 mant
156 4298 211 4358 cir.
234 4299 290 4368 IV,
308 4303 338 4356 l:
354 4299 500 4372 stnetnr'lle,
524 4309 552 4356 et
574 4299 612 4356 N.
636 4299 674 4356 Ι).
697 4299 754 4368 111,
780 4300 834 4356 ot:
860 4299 937 4357 Cotto
952 4301 1049 4373 ,riarum
1073 4300 1132 4355 vid.
