2928 5012
326 363 355 428 ll
764 382 958 429 rnsnrsmo.

324 551 539 615 inveniendum
561 553 737 632 progressio
764 558 819 616 aut
845 552 977 632 denique
1003 553 1153 618 dubitatio
1181 553 1403 617 admonitione

324 660 425 742 digna.
459 659 578 722 Deinde
598 659 803 725 incredibilem
820 659 982 725 Goerenzii
994 659 1154 739 inscitiam,
1176 661 1402 742 ignorantiam,

324 767 560 848 peruersitatem
583 785 639 847 per
660 766 717 832 hos
739 775 771 832 et
780 767 857 832 alios
869 767 1024 832 Ciceronis
1047 768 1142 832 libros
1162 777 1342 850 grassatam
1369 775 1403 832 et

324 875 463 954 aliorum,
485 874 577 938 etiam
588 893 703 953 eorum,
724 895 803 958 qnos
824 876 904 940 illius
917 876 1202 958 superbiloquentia
1213 877 1401 956 deceperat,

324 1001 448 1048 errores
470 985 623 1063 perpetua
644 980 827 1048 rebitatione
854 991 886 1048 ct
912 983 1112 1048 insectatione
1140 985 1282 1066 indignos
1315 985 1401 1048 iudi-

324 1109 452 1158 cassem.
502 1089 618 1154 Verum
646 1090 721 1154 baec
749 1111 829 1156 nunc
855 1092 895 1156 de
922 1093 1149 1157 commentariis
1179 1103 1251 1157 ante
1279 1093 1399 1156 multos

324 1217 422 1264 annos
444 1197 623 1279 compositis
645 1199 808 1263 detrahere
825 1203 856 1264 et
883 1217 1037 1278 resecare,
1065 1206 1286 1282 praeterquam
1309 1202 1400 1282 quod

325 1307 459 1388 alioquin
492 1306 654 1372 molestum
681 1306 829 1387 multique
861 1309 1010 1388 temporis
1038 1317 1118 1386 erat,
1153 1329 1191 1373 ne
1223 1315 1398 1390 propterea

325 1416 448 1498 quidem
458 1414 578 1494 beabat,
599 1415 683 1496 quod
705 1433 846 1496 magnam
867 1423 989 1496 partem
1001 1436 1068 1482 cum
1079 1417 1117 1482 iis
1128 1417 1399 1498 disputationibus

325 1522 658 1604 admonitionibusque,
689 1531 818 1604 propter
839 1542 917 1604 quas
940 1544 1051 1589 novam
1072 1524 1163 1589 huius
1191 1525 1260 1589 libri
1283 1525 1399 1588 editio-

325 1651 394 1696 nem
416 1649 435 1694 a
458 1629 611 1694 nonnrdlis
633 1629 734 1710 expeti
755 1631 931 1709 credebam,
964 1633 1008 1696 ita
1030 1651 1167 1696 connexa
1189 1632 1399 1713 copulataque

325 1749 427 1818 erant,
455 1745 490 1802 ut
511 1736 614 1802 divelli
637 1738 686 1800 vix
708 1745 845 1818 possent.
879 1739 927 1818 Et,
949 1749 984 1804 ut
1005 1761 1112 1805 verum
1129 1741 1238 1820 fatear,
1261 1738 1398 1804 fortasse

326 1865 364 1912 ne
386 1865 467 1910 nunc
489 1845 612 1927 quidem
633 1845 749 1909 inutilis
771 1847 830 1910 erit
852 1866 952 1928 neque
974 1849 1034 1926 illa,
1056 1849 1088 1912 in
1111 1868 1172 1913 nno
1186 1849 1296 1912 saltem
1310 1848 1397 1912 Cice-

326 1956 410 2047 ronis
448 1971 551 2035 opere,
580 1959 733 2033 perpetua
770 1954 950 2032 declaratio,
984 1975 1077 2036 quam
1109 1957 1223 2021 misere
1256 1956 1398 2020 homines

325 2063 457 2128 luserint
478 2061 617 2126 codicmn
633 2061 898 2142 ,interpolatorum
932 2063 1064 2129 lndibn'a
1091 2065 1264 2144 leviumque
1294 2064 1398 2142 suspi-

325 2171 446 2237 cionum
468 2174 648 2248 commenta,
669 2175 702 2232 et
722 2187 813 2250 quarn
835 2170 918 2234 lente
933 2171 1129 2254 instabilique
1150 2173 1251 2253 gradu
1272 2172 1313 2234 ad
1329 2189 1397 2234 cer-

326 2280 434 2344 tiorem
457 2277 674 2342 Ciceronianae
696 2277 844 2342 orationis
867 2277 995 2344 formam
1017 2287 1202 2360 perventum
1220 2279 1273 2354 sit,
1296 2297 1397 2360 neque

325 2387 402 2452 haec
422 2385 524 2450 inanis
548 2390 579 2448 et
599 2385 786 2465 impudentis
807 2385 1018 2468 loquacitatis,
1052 2407 1132 2469 quae
1159 2406 1258 2468 neque
1280 2369 1337 2451 ¹res
1365 2393 1396 2450 et

325 2495 495 2560 sententias
522 2491 707 2557 intellexerit
734 2511 834 2574 neque
861 2495 1010 2558 sermonis
1038 2495 1122 2578 leges
1145 2476 1329 2576 motumque
1348 2500 1395 2558 te-

325 2601 738 2678 nueritanimadverteritve,
760 2607 815 2664 aut
835 2601 971 2667 incertae
986 2601 1225 2683 fluctuantisque
1243 2602 1394 2682 opinatio-

326 2711 373 2774 nis
400 2709 431 2773 in
458 2708 676 2788 multiplicibus
710 2709 858 2789 exemplis
886 2711 1107 2775 demonstratio
1136 2719 1167 2775 et
1194 2709 1394 2796 reprehensio

325 2836 394 2882 cnm
417 2823 519 2882 rectae
549 2816 678 2881 rationis
701 2816 903 2897 explicatione
925 2825 956 2882 et
983 2836 1052 2882 cum
1069 2819 1165 2884 libero
1195 2819 1328 2900 quodam
1354 2820 1393 2882 de

324 2927 392 3007 ipso
416 2925 562 2990 Cicerone
584 2924 695 2988 indicio
718 2925 887 2988 coniuncta.
932 2927 1008 2990 Cum
1030 2927 1135 3007 itaque
1162 2927 1296 2990 universi
1325 2926 1393 2988 libri

325 3052 393 3098 eam
415 3031 553 3110 formam,
576 3051 656 3113 quae
673 3032 744 3095 olim
767 3031 874 3097 allecta
897 3039 987 3112 esset,
1011 3035 1129 3099 servari
1146 3035 1322 3115 placuisset,
1344 3053 1392 3098 re·

325 3141 443 3216 stabat,
477 3149 512 3206 ut
534 3159 641 3204 omnes
664 3140 730 3204 eius
751 3149 867 3221 partes,
890 3141 1036 3206 adhibitis
1058 3143 1166 3218 etiam,
1201 3142 1227 3206 si
1255 3161 1316 3222 qua
1343 3141 1391 3205 alii

325 3255 396 3329 post
418 3267 445 3311 a.
473 3249 552 3312 1839
575 3249 747 3330 prudenter
768 3255 799 3312 et
821 3249 937 3313 utiliter
963 3250 1004 3313 ad
1031 3249 1088 3314 bos
1110 3250 1204 3314 libros
1227 3250 1390 3314 emendan-

325 3355 382 3419 dos
405 3357 635 3421 enarrandosve
665 3356 875 3434 conndissent,
898 3358 938 3421 ad
965 3357 1011 3435 id,
1045 3359 1127 3438 quod
1156 3375 1236 3420 nuno
1263 3357 1334 3421 mibi
1361 3357 1390 3419 in

325 3481 448 3544 quoqne
475 3464 542 3528 loco
571 3483 677 3528 verum
706 3469 737 3528 et
767 3471 882 3528 rectum
912 3465 1079 3539 videretur,
1102 3465 1305 3545 exigerentur.
1349 3467 1391 3527 Ac

325 3571 467 3651 primum,
485 3589 555 3635 curn
567 3571 708 3635 Halmius
725 3571 921 3650 etBaiterus,
944 3591 1075 3652 quorum
1097 3573 1146 3636 hic
1173 3572 1230 3638 hos
1240 3573 1334 3637 libros
1346 3572 1389 3636 bis

325 3679 503 3759 recognovit
526 3681 621 3760 (18111
646 3687 685 3756 et,
707 3681 884 3744 consociata
906 3699 975 3744 cnm
992 3680 1132 3760 Kaysero
1155 3679 1266 3744 edendi
1288 3697 1388 3760 opera,

328 3787 432 3866 1863),
455 3787 567 3851 codicis
589 3787 794 3868 antiquissimi
822 3793 853 3851 et
869 3787 991 3868 optimi,
1014 3787 1147 3852 Palatini
1168 3786 1273 3867 primi,
1296 3787 1388 3867 scrip·

324 3899 412 3956 toras
440 3894 529 3974 plene
557 3901 721 3959 annotatas
749 3895 920 3959 edidissent
951 3895 1196 3976 adiecissentque
1224 3894 1347 3958 alterius
1373 3913 1388 3957 e

325 3999 450 4066 meliore
476 4021 590 4082 genere
617 4003 730 4067 codicis
758 4003 941 4084 Erlangensi
972 4003 1114 4066 simillimi
1143 4002 1332 4067 collationem
1353 4001 1388 4064 de

325 4108 455 4189 ipsoque
478 4109 660 4191 Erlangensi
683 4111 859 4192 diligentius
876 4111 1014 4191 inspecto
1025 4111 1145 4192 plenius
1157 4119 1189 4175 et
1200 4109 1312 4175 rectius
1324 4109 1386 4189 plu-

325 4215 410 4279 ribus
432 4215 507 4280 locis
530 4219 730 4283 tradidissent
752 4219 805 4299 (de
828 4237 889 4300 qna
907 4218 1113 4283 subsidiorum
1130 4219 1305 4284 accessione
1315 4235 1387 4298 quae

326 4324 501 4388 necessaria
512 4325 596 4388 dictu
608 4335 705 4404 erant,
717 4325 1058 4408 superioripraelationi
1070 4326 1263 4408 interposui),
1276 4343 1386 4389 omnem
