2998 5020
409 431 453 478 nr
476 433 556 478 nan.
579 433 641 478 ms.
665 434 685 480 v
709 433 780 480 cnr.
805 441 843 479 e-
857 437 880 482 o.
1100 418 1164 481 645

94 619 217 666 omnem
238 601 332 665 vitam
354 602 500 666 tuendam
523 602 681 682 appetitus
704 621 723 666 a
745 611 857 666 natura
868 603 969 680 datur,
992 621 1026 667 se
1048 611 1083 667 ut
1093 622 1166 668 con-

96 711 200 767 servet
220 711 314 784 atque
335 703 379 767 ita
401 703 442 768 sit
463 702 619 782 affectum,
641 711 676 768 ut
698 705 812 785 optime
834 705 1001 769 secundum
1024 711 1167 770 naturam

94 805 239 870 affectum
266 824 334 870 esse
360 805 468 886 possit.
518 805 606 869 Hanc
638 805 725 870 initio
758 805 982 870 institutionem
1009 805 1168 872 conhrsam

94 907 189 972 habet
210 913 241 971 et
261 907 419 985 incertam,
442 913 478 972 ut
499 909 711 972 tantummodo
734 927 767 973 se
789 915 923 986 tueatur,
946 909 1168 990 qualecumque

94 1009 150 1087 sit;
173 1009 229 1072 sed
251 1027 307 1073 nec
329 1009 403 1090 quid
427 1009 475 1086 sii,
497 1027 554 1073 nec
576 1009 649 1090 quid
672 1011 786 1090 possit,
816 1029 872 1075 nec
894 1010 969 1092 quid
990 1011 1088 1091 ipsius
1111 1017 1206 1079 nah

93 1123 167 1174 tura
179 1111 227 1188 sit,
248 1110 407 1192 intellegit.
449 1111 525 1176 Cum
536 1120 640 1175 autem
651 1113 804 1192 processit
814 1113 940 1193 paulum
952 1120 991 1190 et,
1014 1105 1167 1194 quatenus

93 1213 245 1294 quidquid
267 1231 301 1276 se
322 1213 457 1294 attingat
477 1214 518 1278 ad
540 1232 636 1295 seque
658 1215 825 1294 pertineat,
853 1215 1031 1296 perspicere
1059 1216 1168 1296 coepit,

129 1404 152 1448 3.
172 1399 355 1450 commuttionem
374 1399 508 1455 LPCROr.
543 1405 565 1449 4.
584 1409 703 1450 attamen
721 1401 828 1452 modula
864 1407 886 1450 6.
907 1401 968 1450 Post
981 1401 1091 1466 imellequ
1108 1403 1168 1456 add.

92 1485 166 1533 qnam
185 1468 218 1517 ud
234 1486 332 1518 causam
349 1469 418 1518 habet
436 1487 486 1518 curra
504 1486 570 1533 quern
587 1469 688 1518 dixemus
706 1471 725 1518 E
768 1475 789 1518 7.
806 1488 833 1520 se
851 1473 909 1531 (om.
920 1476 974 1536 que)
995 1473 1016 1519 E
1041 1471 1167 1534 essequcC

92 1659 224 1736 perspici
247 1671 351 1736 coepta
373 1669 430 1730 est,
454 1669 487 1716 ut
509 1669 539 1717 et
560 1679 629 1717 mox
652 1659 833 1736 significatur
855 1669 884 1718 et
907 1661 978 1730 §42
1002 1679 1065 1735 sqq.
1110 1659 1168 1721 Sed

92 1757 195 1802 tamen
218 1745 292 1802 nihil
315 1755 368 1814 est,
392 1745 471 1819 quod
493 1745 535 1802 ita
558 1745 713 1821 discrepet,
736 1755 769 1802 ut
780 1746 1016 1822 interpolationis
1029 1746 1169 1804 indicium

92 1831 213 1902 habeat,
237 1849 271 1887 ac
294 1849 329 1888 ne
353 1831 515 1906 excogitari
537 1831 655 1905 quidem
678 1840 784 1906 potest,
808 1849 860 1888 our
882 1831 948 1906 quis
965 1831 1169 1889 autundeex-

94 1927 192 1973 hema
215 1916 266 1972 illa
288 1916 323 1972 de
347 1915 459 1991 optima
481 1915 637 1973 affectione
659 1917 766 1973 addere
784 1917 920 1974 voluerit.
954 1917 1107 1974 Eaautem
1120 1917 1168 1976 Ci-

93 2021 165 2058 cero
187 2011 220 2058 nt
242 2001 429 2077 adiungeret,
463 2002 562 2076 priora
590 2003 631 2078 (ae
659 2012 688 2058 nt
708 2003 855 2077 consecet)
878 2002 1005 2078 repetiit.
1049 1997 1168 2084 (Itaque

91 2087 145 2162 qni
169 2088 241 2142 haec
263 2086 447 2162 parenthesis
469 2087 547 2144 notis
569 2085 726 2144 defendere
749 2088 846 2145 conati
877 2097 960 2160 sunt,
994 2088 1168 2145 deteriorem

91 2191 214 2228 causam
236 2170 393 2250 lecerunt.)

181 2255 382 2335 institutionem)
406 2256 455 2316 Sic
477 2257 566 2314 etiam
589 2256 666 2333 Spir.
680 2255 745 2335 [B],
769 2277 825 2334 mg.
839 2257 928 2328 Crat,
952 2259 1113 2328 codMom,
1136 2267 1170 2315 ut

92 2343 205 2414 1v,32
229 2353 259 2399 et
282 2345 318 2400 4]
344 2343 460 2400 locutus
483 2352 542 2412 est;
565 2342 709 2400 editiones
731 2347 947 2400 constitutionem.

182 2439 206 2484 et
228 2439 359 2502 praetenue
381 2430 516 2502 quidquid
536 2447 564 2485 se
581 2426 708 2506 othrrqot)
731 2429 786 2485 Est
796 2429 844 2485 hic
855 2429 937 2486 locus
950 2447 987 2486 ex
999 2429 1044 2500 iis,
1062 2428 1092 2486 in
1105 2429 1169 2503 qui-

92 2515 149 2580 bus
174 2517 468 2589 quiequispronomen
486 2523 590 2570 neutro
607 2533 714 2590 genere
726 2514 813 2572 etiam
826 2516 904 2590 apud
916 2513 1097 2585 Ciceronem,
1120 2515 1169 2570 de-

92 2599 193 2675 posita
204 2599 321 2656 relativi
333 2608 447 2669 natura,
465 2617 528 2656 earn
541 2599 722 2675 singularum
729 2619 826 2656 rerum
839 2599 1082 2676 significationem
1093 2599 1169 2656 ccci-

92 2686 147 2760 pit,
169 2693 297 2758 quaeest
308 2685 473 2759 inquisquc3
492 2703 560 2741 nam
573 2685 850 2759 qnodFrotscherus
862 2686 900 2742 ad
912 2685 1082 2758 Quintilli,
1092 2687 1120 2756 5,
1129 2685 1168 2742 23

92 2787 201 2827 cavere
224 2779 320 2827 tamen
344 2789 397 2827 nos
419 2770 509 2841 iubet,
532 2788 569 2825 ne
592 2789 645 2845 pro
668 2773 781 2844 quisque
802 2771 929 2846 positum
942 2780 1087 2846 putemus,
1111 2789 1169 2826 non

92 2865 138 2913 est
162 2873 251 2912 ausus
274 2855 366 2912 libere
389 2844 530 2926 confiteri,
553 2855 584 2912 in
606 2865 706 2912 vetere
729 2874 844 2930 quoque
867 2875 1000 2913 sermone
1022 2856 1169 2912 interdum

90 2959 201 2998 vocum
213 2941 353 2998 terminos
365 2942 465 3016 aliqua
476 2959 512 2998 ex
525 2949 609 3016 parte
630 2941 806 3016 perturbari.
833 2941 897 2998 Nec
910 2942 1028 2997 meliore
1045 2941 1169 2998 artificio

90 3045 166 3084 usus
189 3035 234 3083 est
256 3025 504 3102 Stuerenbnrgius
526 3027 564 3082 ad
587 3035 659 3083 orat.
683 3045 737 3101 pro
760 3027 851 3083 Arch.
863 3047 891 3102 p.
909 3027 966 3083 102
980 3024 1038 3104 (ed.
1053 3024 1094 3104 1),
1118 3027 1170 3100 qui

91 3112 203 3169 vellem
226 3120 348 3169 conatus
371 3120 449 3169 esset
469 3112 500 3169 id
522 3112 560 3168 ad
582 3111 790 3168 Lucretianum
813 3111 885 3167 illud
898 3116 1017 3186 patrium
1035 3113 1171 3186 quidquid

93 3217 149 3272 pro
169 3199 289 3271 pamm
316 3199 435 3272 quidque
463 3197 699 3267 accommodare,
734 3196 770 3253 de
797 3215 855 3271 quo
882 3197 920 3252 ad
947 3197 988 3266 ΙΙ,
1011 3197 1068 3252 105
1097 3196 1169 3253 dixi.

93 3283 134 3340 Et
157 3282 188 3339 in
212 3283 274 3339 vita
295 3283 443 3340 cotidiana
465 3283 611 3340 interdum
624 3283 759 3357 quidquid
780 3281 822 3338 ita
839 3281 948 3338 dictum
960 3300 1024 3338 essa
1037 3290 1066 3338 et
1077 3281 1169 3357 scrip-

90 3378 173 3426 tores
196 3385 231 3425 eo
253 3386 322 3425 usos
346 3386 418 3440 esse,
442 3369 636 3425 certissimum
648 3375 694 3424 est
705 3375 735 3423 et
746 3385 783 3423 ex
796 3385 840 3438 eo,
864 3368 942 3441 quod
953 3368 1170 3441 unumquidqar'ol

89 3473 145 3529 pro
169 3472 329 3528 unoquoque
350 3453 429 3528 apud
451 3453 589 3510 Plautum
608 3461 638 3509 et
654 3453 827 3510 Terentium
850 3450 991 3528 (Adelph.
1003 3454 1058 3522 lv,
1072 3453 1100 3523 2,
1114 3450 1169 3532 51)

91 3539 216 3610 dicitur,
251 3547 339 3595 etex
364 3539 462 3596 multis
483 3539 615 3596 Lucretii
637 3537 724 3609 locis,
758 3538 836 3614 apud
859 3557 945 3612 quem
967 3539 1009 3596 ita
1031 3537 1168 3612 frequens

90 3625 140 3681 hic
164 3641 235 3680 usus
258 3633 317 3694 est,
350 3633 384 3681 nt
406 3643 471 3681 eum
494 3643 530 3681 eo
553 3625 729 3680 delectatum
752 3642 815 3681 esse
838 3624 980 3699 suspicari
1008 3623 1168 3699 possimns3

90 3709 166 3788 (vid.
189 3719 308 3784 praeter
329 3728 378 3782 ea,
412 3728 487 3784 qnae
510 3710 547 3766 ad
569 3710 611 3780 Π,
639 3711 698 3766 105
722 3709 859 3785 ascripsi,
887 3710 928 3781 ll,
953 3710 1038 3770 9572.
1057 3712 1084 3766 in
1106 3728 1169 3766 suos

90 3797 230 3870 quidquid
251 3805 369 3866 mactae,
398 3796 453 3866 IV,
480 3795 555 3852 145:
578 3815 708 3852 summam
730 3797 873 3870 quidquid,
896 3797 935 3865 V,
962 3796 1036 3852 131:
1069 3803 1169 3851 emtam

89 3901 123 3938 nc
146 3883 308 3955 dispositum
329 3891 382 3951 est,
410 3882 457 3937 ubi
477 3882 615 3955 quidquid?
634 3891 745 3950 crescat,
776 3881 852 3937 773:
874 3900 930 3954 qao
945 3881 1011 3954 fieri
1035 3881 1171 3954 quidquid

89 3976 182 4040 posset
204 3967 312 4030 ratione,
329 3965 424 4023 1454:
446 3965 687 4044 uamnquidquid).
720 3967 826 4040 Itaque
838 3966 998 4042 permirum
1010 3976 1063 4035 est,
1076 3984 1170 4040 nuper

91 4051 126 4108 R.
145 4051 307 4122 Klotzium,
336 4069 401 4108 cum
425 4051 461 4108 ad
484 4052 573 4108 Tusa.
590 4053 645 4122 lv,
665 4054 705 4108 44
728 4070 786 4108 non
809 4051 845 4107 de
867 4051 1024 4131 Cicerone.
1059 4051 1110 4108 sed
1133 4051 1168 4108 de

90 4137 172 4192 ornni
195 4137 251 4194 hoe
273 4155 342 4207 usu,
371 4137 504 4194 adhibito
527 4155 585 4194 uno
607 4137 707 4194 Plauti
737 4137 802 4193 loco
830 4146 860 4193 et
887 4155 945 4194 uno
968 4136 1093 4204 Catulli,
1127 4137 1170 4193 ita

91 4222 271 4298 disputaret,
300 4231 348 4292 ut,
380 4223 539 4280 haberetne
568 4221 593 4280 is
621 4233 730 4279 certam
753 4223 973 4292 auctoritatem,
996 4222 1167 4298 anrbigeret,

92 4307 235 4378 Lucretii,
258 4326 343 4382 quern
368 4317 397 4364 et
408 4307 559 4366 Manutius
582 4317 611 4364 et
632 4308 787 4365 Fabricius
810 4315 839 4364 et
860 4308 1002 4365 Davisius
1024 4308 1062 4364 ad
1078 4309 1168 4365 Tusa.

90 4393 129 4461 V,
144 4394 185 4451 98
197 4403 483 4464 commemorassent,
503 4411 623 4469 prorsus
635 4412 699 4450 esse
711 4393 844 4450 oblitum.
873 4393 1014 4453 Catonem
1028 4391 1077 4472 (de
1089 4395 1167 4452 RB„
