3000 5044
328 381 406 450 δα)
731 391 774 436 Dll
797 391 929 442 FINIBUS
952 397 1023 443 Bou.

331 568 497 636 hibentem
518 559 674 625 emendam
694 579 801 625 earum
829 581 948 644 rernm,
987 584 1068 647 quae
1101 573 1214 630 uanus
1241 565 1392 629 evenirent:

331 673 425 736 hunc
463 664 561 744 ipsum
592 663 723 729 Zenonis
761 663 848 730 aiunt
888 685 960 732 esse
997 666 1102 746 finem,
1142 668 1344 732 declarantem
1366 664 1393 726 il-

414 891 435 938 1.
456 882 579 951 [eum
596 884 644 950 Eh]
682 889 704 936 2.
715 883 789 948 finem
808 901 859 935 sere
878 887 1012 939 LPCROr.

341 1109 525 1174 Posidonius
546 1119 625 1166 certe
647 1108 725 1184 apud
747 1107 895 1168 Galenum
924 1113 960 1171 de
983 1113 1098 1189 placitis
1119 1111 1264 1188 Hippocr.
1287 1121 1315 1169 et
1334 1111 1398 1169 Plat.

341 1197 459 1278 p2.91
484 1193 551 1271 (cfr.
574 1195 696 1252 Beierns
718 1195 756 1251 ad
778 1195 840 1254 Cic.
863 1197 922 1256 Off.
945 1201 977 1258 H
1000 1219 1027 1275 p.
1041 1195 1119 1278 429)
1143 1217 1195 1256 eos
1217 1197 1398 1274 reprehendit.

340 1285 393 1362 qui
418 1281 550 1342 Stoicum
572 1281 658 1337 tinem
682 1269 730 1356 (τό
753 1269 999 1358 ὁμολογουμένως
1022 1279 1085 1360 ζῆν)
1108 1284 1167 1341 alio
1189 1284 1383 1358 detorqueant.

429 1387 509 1425 uuum
531 1369 673 1426 11111111οᾶ1.
697 1369 781 1422 vivere
802 1368 969 1426 adhibentem
993 1366 1063 1451 cet.)
1095 1369 1168 1430 Cum
1197 1370 1400 1428 demonstretur

341 1453 513 1532 explicantia
536 1472 610 1527 quae
633 1452 731 1509 statim
755 1451 937 1530 adiungitur.
972 1473 1029 1513 uon
1058 1457 1121 1513 sine
1149 1473 1238 1512 causa
1261 1454 1400 1512 Ernestius

341 1539 528 1601 scribendum
549 1537 694 1596 iudicasse
716 1537 833 1595 videtur
861 1541 1026 1610 iniussum}
1060 1559 1126 1597 uam
1154 1543 1284 1598 eircsruodi
1303 1537 1400 1596 autad

341 1626 478 1704 superius
500 1624 610 1698 aliquid
632 1622 736 1680 referri
759 1622 876 1680 videtur
897 1633 950 1682 aut
971 1626 1124 1684 relativam
1137 1625 1301 1683 orationem
1313 1637 1401 1701 posttr-

342 1716 413 1772 lare.
459 1709 548 1772 Sed'
539 1729 604 1784 1psa
625 1709 677 1766 illa
699 1707 859 1784 explicatio
881 1711 1023 1768 relativae
1046 1711 1187 1768 orationis
1205 1711 1301 1768 locum
1313 1720 1401 1768 tenere

342 1798 460 1856 videtur
482 1795 580 1873 (quasi
602 1795 655 1853 sit:
679 1815 760 1852 uuam
781 1797 917 1858 daemonii
941 1807 969 1853 111
990 1801 1025 1854 sit
1047 1801 1132 1854 maere
1154 1795 1240 1872 eet),
1275 1795 1402 1870 quemad·

343 1884 462 1942 modum
484 1901 537 1957 pro
560 1881 647 1938 Rosc.
669 1882 738 1938 Am.
765 1881 817 1936 17·
840 1881 913 1938 Nam
935 1884 989 1938 duo
1010 1885 1056 1939 isti
1076 1892 1137 1938 sunt
1165 1881 1194 1938 T.
1217 1883 1311 1938 Roscii
1332 1883 1402 1938 horri-

342 1991 389 2028 oee
411 1969 556 2026 modi:
578 1969 647 2024 clter
665 1969 1007 2042 pluriumrurupalmarum
1029 1979 1102 2024 vetus
1123 1987 1156 2024 ao
1173 1969 1403 2040 numantiorum

344 2056 473 2119 habetarr
495 2055 711 2122 dunelmense,
730 2051 800 2108 etin
815 2054 899 2109 Verr.
917 2055 959 2124 ΙΙ,
977 2055 1050 2110 187·
1072 2055 1392 2128 Asprumusliturss'
1345 2073 1403 2108 11111·

343 2142 416 2198 modi
425 2159 505 2214 quaet
502 2140 650 2237 'quaedum
662 2141 772 2195 uuluam
783 2139 935 2194 wiciorum
953 2143 1075 2196 recentia.
1098 2137 1177 2215 [Nec
1189 2138 1315 2194 multum
1327 2138 1404 2194 distat

344 2227 473 2284 111111111οά1
490 2225 586 2281 versui
603 2224 803 2300 praepositum
818 2223 912 2294 olel,
927 2221 990 2303 61.]
1028 2225 1063 2280 In
1091 2221 1265 2298 imperfecto
1287 2227 1405 2280 metirent

345 2313 393 2369 hic
415 2311 568 2367 Ernestius
590 2309 693 2379 haesit
717 2327 806 2384 snpra
835 2309 876 2380 Π,
898 2311 937 2366 34
960 2329 1018 2366 uon
1041 2311 1183 2366 haeserat.
1228 2309 1307 2366 Nam
1330 2320 1358 2366 et
1372 2306 1405 2365 ihi

346 2407 374 2454 et
397 2397 455 2467 ΙΙΙ,
480 2395 516 2451 31
540 2395 618 2452 lecta
639 2405 684 2452 est
704 2397 777 2452 haec
794 2394 952 2472 Chrysippi
969 2394 1104 2464 domnula,
1128 2385 1251 2467 ζῆνκονέ
1266 2387 1406 2467 ἐμπειρίαν

345 2477 403 2538 τῶν
425 2497 511 2554 φνσει
533 2463 762 2557 σομβαιγοντων.
805 2481 879 2538 Eius
901 2483 978 2539 enim
1001 2499 1078 2550 esse,
1108 2477 1259 2554 Diogenes
1283 2479 1406 2536 Laertius

1480 1923 1482 1996 l

1482 2023 1483 2090 l

1483 2119 1484 2192 Ι

1484 2217 1485 2278 Ι

347 2567 432 2644 (λ’,Π
447 2565 501 2642 117)
524 2576 553 2623 et
576 2565 721 2624 Stoheeus
743 2566 819 2642 (Ecl.
832 2568 899 2624 Eth.
911 2588 939 2643 p.
956 2567 1028 2640 134)
1051 2573 1204 2622 testantur.
1238 2565 1407 2620 Declarahat
1487 2583 1488 2586 ¹

346 2661 454 2719 autem,
477 2669 495 2706 a
518 2650 625 2710 Stoicis
647 2669 830 2708 communem
849 2653 930 2709 illam
954 2663 982 2708 et
998 2648 1170 2709 rationalem
1183 2659 1321 2706 naturam
1333 2648 1408 2706 intel·

347 2737 415 2813 legi,
439 2735 485 2793 cui
508 2736 630 2812 siugulis
653 2738 814 2812 parendum
826 2747 911 2795 esset.
939 2739 1043 2812 Itaque
1055 2733 1232 2792 Posidonius
1244 2735 1307 2798 1llo
1331 2753 1407 2830 quem

347 2823 436 2916 paulo
458 2831 526 2878 ante
548 2821 685 2912 indicavi,
709 2823 774 2880 loco
796 2823 851 2880 ait:
874 2815 935 2880 κατ’
949 2815 1099 2920 ἐμπειρίαν
1117 2837 1176 2874 των
1188 2837 1266 2875 κατα
1283 2809 1336 2893 τὴν
1349 2807 1409 2914 disp

347 2924 437 2980 φυσιν
459 2891 688 3003 συμβαινόντων.
733 2909 779 2965 Ex
802 2908 853 2966 illa
875 2917 972 2964 antem
985 2898 1117 2979 ἐμπειρίᾳ
1139 2894 1397 2978 derivabaturr'
1385 2921 1409 2958 11

347 2989 383 3064 τῇ
404 2989 462 3049 τῶν
484 2977 668 3064 κατὰφύσιν
691 2985 792 3068 ἐκλογῇ
815 2985 988 3067 εὐλογιστιά,
1008 3007 1094 3063 quam
1107 2988 1173 3046 finis
1190 2989 1256 3046 loco
1270 2991 1410 3066 Diogenes

347 3075 529 3153 Babylonius
541 3075 670 3133 habebat
681 3078 782 3154 (Drog
795 3079 865 3148 vn,
880 3079 929 3144 88,
948 3075 1030 3134 Stob.
1043 3094 1071 3150 p.
1087 3075 1155 3132 134.
1179 3073 1318 3133 tremens
1330 3075 1409 3132 Alex

349 3161 457 3221 Strom.
469 3161 501 3219 Π
518 3181 547 3236 p.
563 3162 620 3218 179
640 3161 721 3238 sylb.
739 3173 769 3218 et
786 3162 962 3220 Plutarchus
985 3159 1050 3217 adv.
1073 3159 1164 3218 Stoie.
1188 3161 1227 3216 27
1246 3179 1275 3235 p.
1297 3156 1411 3218 10717

349 3267 403 3322 pro
425 3247 560 3322 Diogene
583 3247 774 3322 Antipatrum
797 3248 971 3324 nominant).

434 3333 504 3389 harre
525 3337 612 3408 speum
635 3335 749 3390 Zenonis
771 3337 846 3390 aiant
873 3353 930 3390 esse
950 3334 1032 3405 finem
1054 3331 1123 3404 cet.)
1156 3330 1226 3386 Non
1255 3331 1330 3387 haee
1356 3331 1413 3404 ipse

348 3417 476 3476 Zenonis
499 3416 590 3474 fnisse
613 3419 704 3474 verba
726 3419 805 3486 nteit,
829 3429 862 3476 nt
884 3417 976 3476 Gzins
999 3423 1091 3491 putat,
1115 3415 1166 3472 sed
1189 3415 1263 3471 nihil
1287 3416 1368 3473 aliud
1388 3413 1412 3468 in

348 3505 385 3561 iis
408 3503 551 3560 contineri
573 3501 630 3559 uisi
651 3503 748 3578 ipsum
771 3505 898 3562 Zenonis
920 3503 1020 3558 finem:
1053 3501 1128 3556 hauc
1152 3509 1266 3558 tantum
1290 3501 1414 3559 declara·

350 3591 459 3647 tionem
482 3607 546 3645 esse
575 3588 655 3656 eius,
690 3590 768 3663 quod
791 3591 908 3646 brevius
931 3589 956 3645 is
978 3586 1101 3644 dixisset
1123 3595 1153 3642 et
1175 3584 1251 3645 Cato
1275 3587 1415 3662 posuisset

350 3675 544 3752 (declamantem
560 3675 636 3734 1111111.
660 3676 734 3748 quod
755 3674 833 3748 cet).
877 3675 982 3747 Itaque
1010 3673 1085 3728 hanc
1112 3671 1231 3745 quidem
1253 3670 1415 3730 formulam.

349 3763 528 3817 convenienter
550 3769 662 3816 naturae
684 3763 778 3830 nium,
801 3761 858 3835 ipsi
882 3757 992 3816 Zenoni
1015 3757 1131 3823 tribuit,
1161 3765 1191 3812 et
1218 3758 1248 3814 in
1272 3777 1310 3816 eo
1332 3758 1416 3816 totius

349 3845 436 3903 huius
459 3845 515 3902 loci
538 3843 698 3920 disputatio
709 3854 853 3917 versatur
876 3865 941 3901 euru
953 3843 1133 3910 ostendatur
1157 3843 1307 3900 Zenonem
1319 3845 1415 3902 eodem

350 3931 407 3987 flue
436 3949 521 3988 nsum
549 3949 629 4001 esse,
663 3949 720 4004 quo
743 3939 858 3988 veteres
880 3930 956 3999 illos,
980 3935 1092 3984 tantum
1115 3927 1202 3984 aliter
1229 3948 1297 3985 enm
1326 3928 1417 3985 decla·

350 4033 440 4074 rasse.
485 4015 619 4072 Tradunt
640 4023 739 4072 tumen
761 4016 888 4073 Zenonis
903 4014 1060 4072 formulam
1077 4011 1167 4070 fnisse
1180 4004 1418 4088 ὁμολογουμένως

352 4095 411 4175 ζῆν,
434 4101 607 4159 Cleanthem
629 4101 745 4157 demum
767 4097 804 4173 τῇ
821 4085 907 4174 φύσει
924 4099 1071 4156 addidisse
1093 4095 1190 4176 (stoa
1202 4118 1231 4172 p
1249 4099 1317 4161 134,
1331 4098 1417 4156 Clenr

352 4185 459 4244 Strom.
471 4187 542 4261 IIp.
559 4185 735 4262 musyum.)
760 4185 819 4244 Sed
842 4184 991 4260 Diogenes
1014 4181 1205 4262 (111181)
1197 4201 1256 4239 ram
1274 4184 1417 4240 Zenonem

311 4268 315 4276 '
352 4270 460 4327 alicubi
483 4272 585 4328 eodem
608 4272 694 4328 modo
717 4271 846 4328 locutum
869 4289 933 4327 esse
956 4269 1066 4338 scribit,
1090 4269 1226 4344 apposito
1249 4269 1338 4324 etium
1356 4265 1418 4324 111111Ι

352 4356 477 4412 nomine.
521 4355 597 4433 (Cir.
620 4357 657 4414 ad
679 4357 737 4426 111,
762 4355 825 4432 21.)
870 4357 941 4412 Esse
956 4357 1038 4428 finem
1060 4355 1148 4412 etiam
1172 4353 1249 4430 Spir.
1272 4351 1338 4432 [B].
