2948 5024
400 465 444 512 su
467 464 547 510 usn.
570 463 633 510 um
656 463 678 511 v
700 461 772 509 ese.
801 465 837 509 ro.
1087 443 1148 506 691

99 634 213 699 ublate
224 634 342 700 obiecta
353 632 547 699 delectentur
568 632 661 698 ammi
678 637 771 713 atque
787 630 858 712 ipsa
873 629 1009 710 scientia,
1032 629 1151 695 etiamsi

98 737 345 802 incommodatura
367 735 421 814 sit,
443 736 607 817 gaudeant
650 736 700 800 51.
724 733 785 799 Sed
812 733 886 815 quid
908 734 1019 798 attinet
1039 734 1079 798 de
1100 752 1150 797 re-

98 839 145 904 bus
168 848 229 904 tam
256 838 375 920 apertis
401 838 494 919 plura
520 837 699 919 requirere?
753 835 820 917 Ipsi
851 835 933 901 enim
966 853 1151 917 quaeramus

95 941 225 1020 asebia,
258 939 416 1005 stellarum
438 947 541 1005 mouns
563 939 899 1020 contemplationesque
926 957 1031 1002 rerum
1052 937 1150 1002 caele-

94 1044 175 1110 stium
195 1061 365 1124 eorumque
387 1042 537 1120 omnium,
571 1059 651 1124 quae
679 1047 810 1106 natiuae
837 1040 1026 1106 obscuritate
1048 1040 1149 1106 occul-
1168 1039 1189 1102 5

92 1153 200 1224 antur,
234 1145 425 1226 cognitiones
452 1144 712 1226 quemadmodum
739 1162 796 1208 nos
823 1149 982 1222 moueant,
1016 1149 1048 1207 et
1075 1141 1150 1224 qoud

91 1249 211 1313 historia
231 1247 373 1336 delectet
395 1265 488 1328 quam
500 1245 634 1310 solemus
645 1245 791 1327 persequi
803 1245 954 1326 usquead
966 1249 1151 1324 extremum

90 1349 305 1432 praetendisse
326 1349 509 1430 repetimus,
541 1347 685 1413 inchoata
711 1347 936 1430 persequimur.
985 1347 1051 1412 Nec
1077 1365 1152 1412 vero

90 1471 152 1517 sum
174 1451 303 1530 nescius,
326 1469 397 1516 esse
417 1449 581 1515 utilitatem
602 1451 634 1515 in
656 1449 794 1526 historia,
817 1468 878 1514 nou
899 1450 991 1515 modo
1009 1449 1151 1530 volupta-

170 1678 189 1722 l.
214 1673 303 1722 obiecto
325 1687 374 1722 om.
400 1672 420 1720 P
489 1670 634 1721 delectantur
657 1670 678 1720 L
748 1678 770 1722 2,
794 1671 940 1722 incommoda
957 1671 1046 1722 datura
1063 1670 1154 1721 LPOR

87 1746 108 1792 s.
130 1740 324 1808 [repudiumque
341 1740 466 1791 admodm
484 1740 535 1807 mh]
573 1745 594 1792 7.
611 1739 726 1806 prosequi
741 1741 830 1794 ELOr.
870 1745 892 1790 9.
912 1740 999 1790 meuse
1016 1739 1152 1790 LPCROr.

87 1810 153 1861 tunm
170 1825 225 1876 ipro
242 1821 300 1864 erse)
318 1811 340 1858 E
375 1808 438 1860 nullo
456 1813 512 1875 (pro
531 1811 587 1874 uon)
606 1811 629 1859 E

82 2034 248 2092 eVindob.
270 2053 334 2102 eece,
358 2053 373 2091 e
396 2035 464 2092 Bas.
487 2045 652 2110 utrumque.
684 2034 796 2093 Nocuit
817 2033 978 2092 similitudo
1004 2032 1154 2109 pronomi-

80 2122 127 2178 nis
148 2129 179 2178 et
199 2120 283 2185 uerbi
305 2120 478 2196 compendio
500 2121 602 2179 notati.
636 2120 811 2196 Panlopost
832 2121 931 2178 obirem
943 2095 1054 2176 excidit
1064 2119 1153 2176 etiam

80 2226 97 2264 e
119 2205 185 2264 Pal.
208 2207 227 2262 4
250 2215 280 2262 et
303 2203 382 2264 Gud.
406 2205 433 2262 2.

165 2287 407 2371 accomodatam)
431 2291 481 2350 sic
493 2311 549 2368 mg.
562 2289 652 2362 Crat,
665 2292 827 2349 Lambinus
849 2310 865 2348 e
888 2291 982 2348 tribus
993 2288 1153 2360 codicibus,

78 2378 156 2434 Dav.
170 2395 207 2433 ex
219 2376 276 2448 Et,
290 2375 383 2435 Gaius
401 2395 438 2433 ex
449 2376 511 2434 Erl.
523 2386 553 2434 et
570 2377 647 2452 Spir.
666 2373 729 2458 [B].
752 2376 850 2436 Ceteri
868 2377 1032 2434 acommoda
1043 2377 1153 2443 datura,

77 2461 221 2520 inusitato
243 2461 383 2536 loquendi
404 2481 520 2538 genere.
564 2462 676 2520 Eodem
700 2464 786 2520 modo
813 2463 869 2520 hoc
891 2461 1012 2519 verbum
1041 2459 1154 2518 librarii

78 2557 273 2624 corruperant
295 2547 373 2623 apud
395 2546 474 2606 Gell.
497 2548 653 2619 1,25‚15;
686 2549 717 2606 in
739 2548 824 2624 epist.
852 2547 891 2606 ad
913 2547 949 2621 Q.
961 2547 1009 2605 Fr.
1033 2548 1099 2618 La,
1116 2547 1153 2604 10

77 2633 297 2692 substituerunt
319 2635 483 2690 mcorumodq
505 2636 631 2690 laturum.
956 2679 960 2690 .

167 2720 218 2776 51.
241 2722 372 2794 persequi
398 2720 436 2775 od
463 2729 624 2784 retrorsum,¹
660 2721 853 2795 praemunisse
886 2717 956 2793 cet.)
989 2717 1154 2778 Universae

72 2803 121 2862 rei
144 2803 354 2880 significationi
376 2804 582 2879 superadditur
605 2795 771 2870 ἅσυνδέτως
795 2803 872 2862 modi
884 2803 1013 2874 notati03
1036 2804 1087 2860 sed
1109 2802 1154 2859 in·

72 2890 233 2947 commode
245 2888 350 2948 Cicero
362 2889 463 2946 eodem
474 2890 566 2947 verbo
578 2884 731 2971 (persequi)
755 2899 785 2947 ot
795 2890 890 2965 primo
901 2890 967 2947 loco
979 2899 1009 2946 et
1019 2889 1049 2946 iu
1061 2887 1155 2946 altera

72 2995 90 3032 e
116 2975 235 3032 duabus
257 2974 390 3051 pertibus
412 2975 456 3031 uti
477 2975 608 3043 videtum
636 2975 736 3049 itaque
758 2974 851 3034 Gaius
874 2994 890 3031 e
912 2975 1005 3032 tribus
1028 2975 1088 3032 suis
1110 2971 1156 3051 (et

70 3060 219 3117 videntur
241 3059 378 3117 meliores
399 3057 505 3136 fuisse)
523 3063 655 3136 prosequi
674 3062 714 3117 od
734 3071 879 3117 amanum
902 3055 959 3137 (Εξ
980 3059 1079 3134 seque).
1113 3057 1153 3140 [B

62 3140 229 3224 persequi]
256 3147 367 3204 Verum
384 3145 459 3202 nihil
481 3145 561 3202 aliud
584 3164 648 3204 esse
669 3153 768 3222 potest
790 3147 927 3202 distortam
948 3147 988 3202 ad
1008 3155 1153 3203 entremom

60 3233 209 3308 prosequi
234 3231 290 3288 uisi
313 3234 455 3306 persequr'3
478 3231 587 3306 itaque,
611 3231 636 3289 si
658 3231 700 3288 ita
722 3230 827 3290 Cicero
849 3231 977 3289 scribere
998 3231 1152 3306 potuisset,

64 3317 158 3374 inani
183 3315 412 3393 praepositionis
435 3317 594 3374 variandae
615 3317 682 3374 lusu
694 3315 836 3374 orationis
847 3316 952 3374 vitium
964 3316 1057 3392 magis
1068 3325 1152 3373 nota·

64 3403 135 3460 bile
158 3401 290 3459 fecisset.
334 3402 402 3458 Non
424 3403 521 3478 potuit
542 3413 655 3472 autem,
689 3401 769 3476 quod
794 3402 989 3478 perficiendae
1017 3411 1048 3458 et
1068 3421 1153 3477 pera-

60 3487 192 3566 gendae
215 3488 259 3544 rei
280 3487 523 3563 significationem
530 3489 713 3564 prosequardr'
723 3487 814 3546 verbo
826 3507 921 3563 neque
932 3487 1153 3563 compositionis

57 3573 153 3632 ratio
176 3591 274 3647 neque
296 3591 367 3630 usus
394 3573 512 3644 tribuit3
546 3592 722 3649 quamquam
750 3592 826 3631 unus
855 3582 884 3630 et
911 3573 987 3630 alter
1013 3574 1096 3632 locus
1122 3574 1152 3630 in

59 3657 261 3716 editionibus
282 3669 335 3716 aut
357 3659 492 3716 omnibus
520 3668 571 3716 aut
592 3659 705 3734 aliquot
727 3660 866 3718 mendose
888 3659 1035 3717 scribitur.
1079 3658 1154 3736 (Pro

57 3745 166 3802 Rosc.
184 3745 255 3802 Am.
274 3744 314 3801 83
336 3744 422 3801 multi
444 3754 651 3816 correxerunt,
680 3745 718 3802 ad
740 3745 870 3802 Hereum.
892 3746 917 3816 Ι,
939 3747 976 3802 14
999 3744 1102 3802 etalii
1124 3754 1154 3802 et

54 3829 226 3900 Oramus,
249 3828 380 3887 codicem
402 3829 593 3888 Turicensem
617 3828 750 3905 testans.)
784 3830 892 3888 Melius
914 3830 1019 3890 Cicero
1034 3849 1088 3907 pro
1111 3831 1153 3887 al-

53 3927 137 3974 tero
159 3918 352 3990 persequemur
373 3916 520 3990 posuisset
539 3917 708 3973 absolvimus.

164 4020 224 4057 sum
246 3996 364 4081 meino)
397 4000 447 4060 Sic
475 4001 562 4058 etiam
585 4001 616 4058 iu
639 4000 744 4058 ceteris
766 4001 851 4058 bonis
880 4000 1029 4058 codicibus
1050 3997 1152 4072 fluisse,

50 4085 121 4145 sed
151 4086 321 4162 neglectum
343 4104 417 4156 esso,
441 4105 476 4143 eo
492 4084 609 4145 facilius
626 4087 722 4156 eredo,
745 4087 925 4161 quodetiam
938 4085 1047 4143 deErl.
1059 4084 1153 4144 Gaius

46 4170 182 4231 tacuit.
205 4170 271 4249 [Sic
280 4169 333 4249 -B.]
356 4171 492 4245 Quinque
504 4171 656 4230 Ciceronis
666 4172 749 4242 locis,
777 4189 836 4228 uno
853 4171 1005 4248 scriptoris
1031 4172 1070 4229 ad
1091 4171 1152 4229 He·

45 4255 215 4318 rennium
238 4256 377 4314 scribitur
399 4256 454 4314 hac
476 4256 585 4314 forma:
607 4277 658 4314 nou
681 4261 855 4316 eumueecr‘us
877 4259 925 4315 boc
947 4261 1061 4329 itureae,
1084 4275 1152 4314 nus·

43 4361 186 4421 quam:
208 4363 258 4400 nore
280 4361 339 4399 som
361 4345 474 4412 inscium
502 4353 604 4401 contra
626 4362 645 4400 a
666 4341 808 4402 Cicerone
831 4343 939 4400 dicitur
956 4343 1151 4413 democretius,

42 4433 82 4489 id
100 4436 180 4498 est,
203 4428 274 4486 artis
297 4427 527 4505 disciplinaeque
550 4447 656 4504 expers
679 4428 787 4508 (Acad.
799 4430 841 4500 ΙΙ,
854 4430 905 4501 22,
927 4429 1072 4506 Legg.II‚
1087 4424 1151 4508 13),
