2928 5012
340 383 473 448 XLVIII
786 403 982 449 pannonum.

266 607 269 613 ·
339 571 464 636 minime
485 579 570 636 recta
592 579 704 652 essent,
726 579 830 638 mmen
851 591 871 638 a
894 573 1041 637 Cicerone
1063 571 1180 653 scripta
1208 570 1348 646 defendi,
1386 581 1423 633 ut

339 678 415 743 illud
437 679 568 744 maxime
591 679 725 745 notabile
746 681 776 746 in
799 681 918 758 liblll,
931 681 986 758 513
1011 680 1176 758 interdurn,
1198 681 1421 745 demonstrato

340 784 547 852 vitioetfalsa
568 785 746 853 defensione
768 789 922 868 detracta,
945 795 1049 853 tamen
1073 788 1227 866 dubitavi,
1251 803 1421 870 quousque

341 893 447 960 Cicero
470 913 655 976 progressus
677 904 769 976 esset,
792 904 827 961 ut
847 897 903 977 ΠΙ,
916 899 966 962 31.
980 897 1008 978 ¹)
1047 895 1108 962 Sed
1131 897 1223 961 etde
1246 895 1294 959 his
1315 895 1339 958 ii
1362 895 1421 958 de·

339 1022 423 1066 nrum
445 1009 528 1068 recte
549 1005 686 1071 iudicare
708 1012 865 1087 potenmt,
887 1004 940 1085 qui
961 1005 1056 1070 libere
1078 1005 1118 1069 de
1131 1005 1278 1070 Cicerone
1295 1002 1420 1067 sentire

340 1112 497 1176 audebrmt
517 1131 574 1177 neo
595 1113 697 1178 omnia
718 1113 758 1178 ab
781 1131 817 1176 eo
840 1131 960 1177 summa
982 1121 1050 1177 arte
1072 1113 1190 1194 scripta
1211 1112 1356 1188 credent,
1389 1116 1421 1174 et

340 1220 448 1284 eadem
470 1220 574 1285 iudicii
595 1221 722 1286 libertas
745 1222 786 1286 ad
808 1240 845 1285 ea
867 1221 1043 1286 adhibenda
1064 1229 1121 1299 est,
1143 1220 1175 1284 in
1197 1219 1308 1301 quibus
1324 1237 1419 1282 men-

339 1327 413 1390 dum
434 1328 608 1410 scripturae
630 1329 757 1409 coargui
777 1335 908 1410 putatur
936 1329 1109 1394 sententiae
1137 1327 1221 1392 vitio.
1271 1327 1354 1391 Nam
1387 1334 1421 1389 nt

340 1453 401 1499 non
423 1453 538 1516 pauca,
566 1455 647 1518 quae
669 1443 759 1502 erant
785 1444 841 1501 aut
867 1437 939 1500 olim
966 1437 1117 1502 ascribis
1146 1436 1266 1519 aliquot
1292 1443 1419 1499 mutata

339 1545 389 1622 (ut
415 1545 471 1624 ΠΙ,
488 1546 530 1609 43
552 1543 632 1608 bono
652 1547 732 1626 vere)
759 1551 815 1609 aut
841 1563 941 1625 nuper
961 1545 1001 1609 ab
1023 1544 1194 1610 editoribus
1217 1549 1339 1608 tentata
1370 1545 1423 1622 (nt

338 1651 414 1715 illud
435 1650 611 1716 facilliumm
633 1643 688 1732 III,
700 1655 766 1734 40),
788 1672 881 1718 verae
903 1661 935 1717 et
957 1657 1060 1718 rectae
1082 1651 1255 1717 sententiae
1271 1651 1418 1716 declara-

322 1759 421 1824 ¹tione
443 1759 571 1826 defensa
593 1779 674 1825 nunc
696 1766 783 1840 suut,
805 1761 849 1826 ita
871 1761 982 1841 multa,
1010 1761 1042 1825 in
1066 1760 1177 1842 quibus
1200 1767 1268 1824 erat
1289 1759 1421 1824 dubita·

338 1873 413 1946 tum,
435 1869 586 1951 expedivi,
609 1887 678 1934 cum
700 1870 904 1948 ostenderem,
928 1869 1105 1934 Ciceronem
1122 1886 1234 1948 parum
1247 1867 1418 1948 diligenter

339 1977 521 2041 sententiam
543 1977 645 2042 animo
662 1977 1066 2060 concepisse(velutll,50,
1089 1977 1127 2054 V,
1139 1977 1205 2056 54),
1227 1975 1417 2038 abeuntem.

337 2083 407 2164 ipse
428 2084 556 2164 primus,
579 2086 653 2168 quid
674 2085 825 2151 habereut
851 2085 883 2148 in
912 2085 1065 2150 sententia
1088 2083 1167 2162 vitii,
1200 2082 1246 2146 ita
1273 2081 1418 2162 exposui,

339 2200 374 2254 nt
396 2193 435 2256 de
457 2193 612 2272 scriptura
633 2193 768 2258 dubitari
790 2212 850 2257 non
874 2211 968 2275 posse
985 2193 1240 2268 demonstrarem,
1264 2198 1299 2253 ut
1309 2190 1351 2266 11,
1365 2191 1419 2265 35,

339 2300 393 2378 IV,
404 2301 455 2364 58.
499 2301 618 2364 Verum
639 2301 670 2365 in
692 2301 751 2366 hoc
772 2319 896 2382 quoque
917 2317 1031 2381 genere
1058 2299 1118 2364 alia
1148 2297 1302 2364 eiusmodi
1332 2305 1418 2374 sunt,

339 2415 374 2471 ut
395 2426 415 2471 a
437 2408 584 2473 Cicerone
605 2409 684 2473 male
706 2408 822 2489 scripta
844 2426 913 2472 esse
935 2407 1071 2488 possint,
1100 2406 1161 2470 alia
1182 2405 1348 2482 eiusmodi,
1384 2411 1420 2466 ut

339 2515 378 2579 ab
401 2534 437 2580 eo
460 2516 577 2597 scripta
599 2535 659 2580 non
682 2535 752 2581 esse
774 2535 843 2581 cum
866 2517 911 2579 rei
923 2521 1044 2594 natura,
1067 2521 1133 2578 tum
1155 2513 1251 2578 totius
1264 2511 1417 2577 orationis

339 2629 371 2687 et
392 2622 611 2704 disputationis
633 2622 835 2688 conformatio
858 2623 1003 2701 declaret,
1025 2623 1178 2704 quaedam
1198 2619 1332 2702 denique
1354 2621 1416 2683 dui-

338 2730 398 2808 bie,
419 2741 455 2794 ut
476 2732 529 2810 IV,
546 2734 586 2796 47
616 2733 686 2813 (out
707 2732 800 2812 vitio).
855 2732 904 2796 lta
932 2748 1000 2794 curu
1028 2729 1207 2794 distinctum
1240 2735 1303 2806 est,
1339 2726 1417 2808 quid

340 2845 459 2903 constet
493 2859 554 2903 non
587 2859 656 2904 esse
684 2846 865 2920 corruptum
898 2845 954 2902 aut
983 2838 1091 2902 saltem
1120 2837 1204 2900 nuilla
1234 2836 1275 2900 sit
1301 2834 1417 2898 idoneo

340 2964 434 3010 causa
456 2965 512 3011 cur
527 2953 707 3027 corruptum
724 2953 861 3027 putetur,
885 2947 960 3028 quid
982 2964 1044 3009 non
1062 2952 1182 3009 constet
1197 2961 1267 3008 esse
1284 2960 1417 3022 corrup·

366 3255 387 3316 ¹)
406 3255 532 3317 Quoniam
552 3259 649 3305 mentio
667 3254 733 3304 iacta
752 3261 791 3304 est
809 3258 901 3304 veteris
921 3256 1050 3303 sernronis
1070 3253 1149 3303 libere
1168 3267 1195 3302 se
1220 3259 1245 3302 et
1264 3251 1418 3300 naturaliter

409 3354 456 3390 nec
474 3340 617 3398 subtiliore,
636 3353 713 3403 quarn
732 3353 797 3402 quae
817 3343 842 3389 in
863 3343 1007 3396 nostroest,
1027 3341 1227 3395 artemonentis,
1249 3351 1299 3388 non
1315 3336 1417 3388 maeno,

408 3429 433 3474 lu
454 3426 501 3475 boc
520 3437 614 3488 genere
629 3439 660 3475 ne
671 3424 800 3474 llandium
819 3425 932 3487 quidem,
952 3427 1026 3473 cuins
1037 3425 1210 3473 eruditionem
1221 3421 1415 3472 etlndustriam

409 3523 459 3559 non
480 3514 567 3559 minus
586 3509 663 3559 laudo
681 3523 759 3572 qnam
778 3500 864 3568 celeri,
884 3509 947 3558 mibi
967 3509 1122 3568 salisiacere,
1142 3521 1252 3571 eumque
1272 3519 1330 3556 esse
1354 3518 1416 3555 cnu-

408 3609 473 3652 sam,
492 3608 539 3644 cur
558 3607 607 3644 uon
627 3598 717 3656 paucis
736 3594 799 3645 locis
819 3600 907 3644 contra
927 3598 983 3643 eius
1002 3597 1144 3643 sententias
1165 3596 1189 3642 in
1201 3591 1349 3642 Turselliuo
1369 3603 1415 3654 po-

408 3667 470 3729 sl'tns
490 3681 554 3730 mibi
573 3680 712 3729 dicendum
723 3679 805 3728 inerit
834 3683 868 3728 Ac
880 3685 932 3729 ictu
951 3678 1080 3729 dissensio
1099 3679 1152 3728 iere
1173 3682 1197 3728 in
1210 3689 1320 3727 excursu
1332 3679 1416 3738 primo

408 3769 517 3829 perspici
536 3770 625 3826 potest.
663 3763 712 3814 Sed
732 3765 858 3814 accedunt
877 3771 902 3813 et
921 3767 999 3814 nimis
1020 3765 1169 3813 minutatim
1194 3765 1315 3812 concisae
1335 3763 1416 3824 parti·

408 3851 526 3900 cularum
545 3849 747 3912 significationes
767 3855 791 3898 et
809 3850 936 3912 quaedam
960 3862 1051 3912 parum
1070 3847 1238 3912 probabiliter
1257 3849 1415 3908 excogitatae

408 3941 434 3986 et
452 3939 477 3986 ln
497 3949 526 3984 ea
545 3947 571 3983 re
591 3941 615 3983 at
633 3934 682 3984 loci
702 3938 857 3998 scriptorum
876 3939 964 3982 contra
983 3937 1127 3984 sententiae
1147 3933 1344 3982 cohaerentiam
1365 3943 1414 3981 nou

409 4034 464 4070 raro
484 4021 589 4084 expositi
608 4025 634 4069 et
652 4020 746 4069 menda
764 4019 869 4068 deieusa
887 4021 1053 4082 pertinacius.
1090 4019 1294 4080 nonnumquam
1306 4018 1332 4066 in
1346 4021 1416 4066 tanto

408 4118 483 4169 opere
502 4105 654 4154 instruendo
673 4117 723 4153 nou
744 4109 842 4168 poterat
865 4106 983 4153 omnium
1008 4107 1163 4167 scriptorum
1187 4105 1276 4152 critica
1296 4102 1414 4152 condicio

409 4193 514 4252 exquiri,
533 4188 634 4239 uidetur
652 4196 737 4239 tamen
757 4189 821 4238 mibi
841 4189 954 4238 llandins
979 4191 1004 4238 iu
1029 4191 1163 4240 Ciceronis
1189 4188 1282 4238 saltem
1306 4193 1329 4235 et
1351 4187 1413 4237 Liuii

409 4276 481 4325 libris
499 4272 531 4323 ud
549 4277 616 4326 bunc
634 4289 689 4325 rem
708 4281 733 4324 et
751 4275 782 4324 ad
801 4273 1080 4324 codicnmdiscrimlua
1099 4275 1176 4338 paolo
1189 4277 1271 4336 magis
1282 4274 1413 4322 attendere

409 4363 538 4414 debuisse.
