2948 5024
277 370 279 378 ’
312 354 375 420 696
701 373 747 420 nu
768 373 900 422 ruimus
920 373 993 421 non.

312 560 352 606 ne
364 541 498 624 patrium
509 541 633 622 quidem
644 549 767 623 captam
783 561 853 608 esse
870 543 1015 608 senserit!
1038 551 1187 625 quantum
1204 541 1380 606 Aristoxeni
1471 568 1472 589 .

312 643 469 725 ingenium
491 651 706 726 consumptum
727 644 866 710 videmus
887 645 919 709 in
941 645 1078 709 musicis!
1107 664 1168 727 quo
1191 644 1295 709 studio
1313 643 1380 708 Ari·

313 747 497 827 stophanem
525 753 671 828 putamus
698 747 884 812 aetatemin
917 747 1029 812 litteris
1056 745 1195 811 dunusci
1241 747 1325 824 Quid
1345 747 1381 810 de

313 847 506 930 Pythagora,
539 848 615 930 quid
641 849 680 914 de
705 849 836 914 Platone
863 856 918 915 aut
945 849 985 914 de
1006 848 1181 914 Democrito
1203 849 1336 931 loquar?
1362 867 1380 912 e

274 949 423 1032 {aquibus
445 957 575 1032 propter
596 951 735 1016 discendi
757 951 957 1032 cupiditatem
978 950 1118 1016 videmus
1139 951 1265 1015 ultimus
1281 959 1381 1016 terras

312 1071 381 1118 esse
392 1061 584 1134 peragratas.
619 1054 706 1131 Quae
717 1052 770 1133 qui
792 1071 853 1117 non
864 1051 979 1134 vident,
990 1053 1065 1118 nihil
1076 1071 1221 1135 nmquam
1238 1071 1380 1135 magnum

312 1173 349 1220 ac
370 1155 543 1236 cognitione
553 1155 681 1236 dignum
692 1159 883 1220 amaverrmt
906 1156 1165 1236 Atquehoclooo,
1187 1154 1379 1240 quipropter

312 1257 404 1322 animi
427 1257 602 1339 voluptates
623 1256 681 1321 coli
702 1256 809 1321 dicunt
830 1275 868 1322 ea
889 1257 1001 1337 studia,
1023 1276 1104 1339 quae
1126 1256 1197 1336 dixi,
1219 1257 1378 1322 nonintel-

311 1358 427 1442 legunt,
448 1358 563 1424 idcirco
591 1377 661 1424 esse
689 1377 726 1424 ea
752 1365 885 1441 propter
911 1379 946 1425 se
975 1361 1161 1441 expetenda,
1194 1359 1275 1441 quod
1299 1358 1379 1424 nun

383 1590 406 1640 1
425 1585 517 1650 quidem
536 1601 586 1639 om.
604 1585 672 1637 ΕΜ)
717 1592 740 1636 8.
760 1595 862 1636 culmem
879 1595 937 1652 post
954 1585 1086 1636 umnec
1130 1593 1154 1638 ⁴.
1173 1585 1203 1637 de
1220 1595 1278 1636 unte
1293 1585 1378 1636 Dm-

312 1655 370 1705 cn'to
388 1669 436 1705 om.
457 1655 542 1706 LPCR
612 1657 636 1708 8.
656 1665 802 1722 peruprurna
824 1655 913 1705 esrcP
974 1671 1062 1720 meque
1083 1654 1211 1720 cunum
1229 1670 1321 1714 omues,
1338 1655 1378 1704 Or.

313 1723 627 1776 tweuesecLReuom
646 1721 690 1774 Or.

315 1945 545 2013 annotatumque
567 1956 670 1994 verum
692 1937 723 1995 in
746 1957 803 2014 mg.
826 1935 906 1996 Crat.
950 1937 1028 1994 Tum
1050 1939 1158 2011 quidem
1185 1936 1269 1994 abest
1293 1936 1375 1993 etiarn

314 2020 395 2100 a[B
418 2021 462 2100 et]
486 2017 527 2100 ξχ,
550 2041 605 2080 nec
627 2023 678 2080 alii
701 2031 883 2094 tacerentur,
911 2021 936 2080 si
959 2023 1063 2080 saltem
1086 2021 1179 2081 Gzius
1201 2021 1376 2090 attendisset,

314 2109 365 2184 qui
387 2109 411 2176 Ι,
431 2109 469 2165 39
493 2109 681 2167 omissionem
704 2108 857 2184 probabat.
907 2107 1022 2165 Deinde
1050 2110 1148 2182 inpertit
1172 2127 1228 2184 pro
1254 2111 1375 2181 caputium

314 2194 378 2251 cod.
401 2194 487 2264 Mor,
509 2213 535 2270 χ.
569 2195 642 2252 Mox
664 2195 781 2252 ducutdi
800 2194 891 2252 verbo
914 2192 1019 2252 Cicero
1042 2194 1185 2250 dsuetum
1202 2193 1301 2264 utiurr,
1323 2211 1375 2266 qua

315 2279 529 2356 significatione
551 2279 622 2336 alibi
645 2281 785 2338 traducere
806 2279 905 2354 pouit;
928 2278 1001 2336 illud
1019 2279 1194 2354 Vergilium,
1218 2278 1374 2346 Horatium,

315 2363 456 2423 Ovidium
477 2365 621 2439 posuisse,
644 2364 742 2423 lexica
752 2365 920 2437 ostendunt,
943 2373 973 2422 et
983 2375 1029 2422 est
1039 2365 1222 2440 propinquus
1234 2363 1374 2429 transitus,

313 2467 379 2507 cum
402 2457 483 2506 aetas
505 2450 589 2524 quasi
611 2451 753 2508 trahatur.
797 2445 899 2531 (Quod
921 2452 949 2506 iu
970 2453 1065 2507 litteus
1086 2450 1218 2522 additur,
1248 2449 1319 2506 nihil
1342 2447 1377 2504 ad

311 2535 499 2593 insolentiam
527 2534 682 2593 locutionis
711 2535 898 2593 molliendam
928 2531 1081 2614 pertinet)
1125 2534 1297 2594 Aristoxeni
1323 2535 1377 2591 Ta-

313 2620 431 2692 rentini,
454 2620 626 2678 Aristotelis
649 2621 795 2697 discipuli,
819 2620 947 2679 musicae
970 2620 1109 2692 studium,
1133 2622 1212 2716 quod
1235 2639 1298 2678 cum
1318 2615 1376 2695 phi·

313 2705 449 2782 Iosophiu
470 2706 667 2783 coniungebat
688 2707 790 2784 (uiue
803 2706 828 2777 Ι,
846 2702 908 2788 19),
932 2723 1138 2780 nuncquoque
1153 2694 1376 2782 dpuuvudccut·

311 2793 378 2867 poia
390 2800 419 2848 et
431 2790 490 2848 alia
501 2799 660 2862 cestarium
683 2792 895 2869 Aristophanis
911 2791 1069 2869 Byzantini
1088 2791 1185 2848 studia
1196 2788 1377 2868 grammatius

314 2876 449 2933 omnibus
472 2887 542 2934 uota
564 2885 640 2934 sunt

398 2971 446 3020 aut
467 2963 501 3019 de
522 2961 692 3038 Danaorum)
715 2961 765 3022 Sic
787 2961 875 3019 etiam
899 2960 977 3038 Spir.
989 2959 1055 3039 [B],
1077 2971 1215 3036 recteque
1227 2959 1318 3020 Gzius
1337 2977 1376 3015 ru·

314 3045 418 3104 stituit.
462 3047 558 3106 Paulo
584 3058 654 3125 post
675 3067 745 3123 queue
767 3051 815 3123 qui
836 3067 887 3104 nort
908 3049 999 3104 uideat
1020 3047 1109 3123 paulo
1136 3047 1258 3104 brevius
1281 3045 1376 3103 dicitur

313 3133 369 3190 hac
391 3134 551 3191 sententia:
580 3134 630 3209 qui
652 3134 735 3204 haec,
759 3151 834 3209 quae
857 3132 901 3189 illi
924 3133 980 3190 viri
1002 3131 1150 3204 fecerunt,
1174 3151 1234 3190 non
1257 3129 1375 3188 animad-

314 3227 433 3276 vertunt
449 3237 513 3290 uec,
536 3219 636 3294 qualia
647 3219 715 3283 sint,
739 3219 922 3294 intellegunt.
951 3218 1092 3276 Davisius
1104 3227 1134 3275 et
1145 3217 1197 3274 alii
1210 3214 1375 3275 coniecturis

313 3303 466 3362 inutilibus
489 3305 586 3380 locum
608 3313 763 3362 vexarunt.
809 3303 869 3364 Sed
890 3304 921 3361 in
943 3323 1042 3377 utaque
1063 3306 1208 3377 counitione
1229 3303 1295 3360 iure
1315 3302 1376 3358 hue-

313 3399 394 3461 rent,
427 3409 503 3464 quae
530 3389 752 3465 perversissime
780 3408 845 3447 curn
873 3388 1019 3447 adiectivo
1047 3390 1158 3462 dipurcm
1185 3387 1375 3465 coniungitur;

313 3493 389 3532 num¹
403 3494 450 3532 res
473 3475 639 3552 cognitione
661 3469 725 3556 (ea,
748 3493 824 3551 quae
846 3474 884 3531 ed
905 3493 969 3532 earn
992 3473 1219 3548 intellegendum
1246 3465 1376 3549 sufficiet)

314 3560 403 3636 dignu
425 3568 470 3617 eat
491 3572 557 3632 aut,
587 3561 612 3618 si
634 3579 741 3637 augere
753 3560 836 3632 velis,
859 3579 966 3637 magno
978 3578 1067 3635 opere
1079 3559 1181 3636 digna,
1204 3573 1376 3634 nonmagna

315 3645 490 3722 cognitione.
524 3646 649 3718 Deinde,
673 3665 738 3704 cum
761 3645 889 3720 aliquem
911 3645 986 3702 nihil
1009 3644 1128 3703 omnino
1156 3644 1215 3702 tale
1242 3643 1375 3702 amavisse

315 3729 404 3796 dicas,
427 3749 565 3806 perverse
588 3732 629 3789 sic
651 3751 713 3788 rem
736 3749 845 3808 augeas
867 3728 948 3808 (utilit
968 3751 1066 3806 mapuu
1088 3733 1232 3804 copuiuouc
1253 3725 1375 3804 dunum),

314 3825 347 3872 ut
369 3815 524 3892 significes,
547 3817 659 3892 aliquid
681 3825 778 3874 tamen
801 3815 926 3874 fortasse
948 3816 1115 3892 cognitione
1128 3816 1258 3892 dignum,
1280 3815 1305 3873 si
1325 3829 1375 3869 non

315 3901 517 3978 dignissimum
539 3921 604 3960 eum
627 3901 782 3961 amavisse.
820 3903 942 3973 Verum,
965 3901 1084 3977 opinor,
1107 3901 1222 3960 invenit
1236 3899 1376 3959 Bromios:

314 4006 438 4061 mupuum
466 4007 498 4045 uc
525 3991 669 4062 capuitiouc
698 3989 816 4061 dunum.
868 3986 986 4044 Erroris
1009 3987 1092 4064 origo
1114 3993 1218 4064 aperta
1240 3995 1292 4044 est
1333 3980 1376 4064 [Id

315 4089 392 4129 nunc
413 4073 520 4150 recepi.
559 4073 636 4131 Dav.
658 4094 782 4148 maguum
804 4082 852 4130 aut
872 4066 962 4150 capu]

399 4161 498 4216 idcirco
519 4178 577 4216 csse
598 4159 643 4234 ca)
676 4159 799 4216 Praeter
827 4177 923 4214 meum
952 4158 977 4214 L
1004 4155 1130 4214 fortasse
1157 4175 1234 4214 unus
1261 4165 1290 4212 et
1309 4153 1376 4210 alter

314 4251 468 4316 praetcrea
489 4244 592 4302 hebuit
613 4264 645 4302 cu
661 4264 725 4315 cccc,
748 4252 782 4302 nt
793 4261 830 4300 ex
841 4243 869 4300 R
880 4241 1023 4300 editiones
1036 4241 1179 4316 quaedam
1191 4249 1259 4299 ante
1267 4239 1339 4298 Vin.
1350 4245 1375 4291 et

313 4327 395 4384 Mam
438 4329 485 4386 Ex
507 4326 560 4401 Εξ,
583 4330 699 4388 Monac.
723 4328 793 4389 Gzii
815 4329 925 4385 excidit
946 4348 987 4398 ca,
1011 4346 1085 4402 quos
1100 4326 1193 4388 Gaius
1204 4335 1317 4386 secutus
1327 4329 1373 4390 est,
