2956 5028
310 393 374 458 236
704 411 748 455 nn
770 407 901 456 ursinus
924 408 995 454 sou.

310 578 425 642 amicos
447 579 493 641 ita
514 577 657 652 deferret,
680 596 714 642 se
736 595 805 642 esse
826 577 973 641 herodem
995 576 1031 653 Q.
1054 575 1151 639 Fadio
1174 574 1279 653 Gallo,
1302 575 1408 639 cuius

309 680 341 743 in
364 687 550 743 testamento
573 679 724 759 scriptum
746 687 845 756 esset,
868 697 902 742 se
924 677 963 742 ab
986 695 1023 742 eo
1045 683 1202 758 rogatum,
1231 681 1267 740 ut
1289 677 1408 740 omnis

311 780 471 844 hereditas
497 781 539 844 ad
566 778 660 844 filiam
687 780 875 861 pervenlret
930 779 968 843 ld
989 777 1134 843 Sextilius
1155 777 1272 843 facum
1294 795 1408 859 nega-

311 882 379 960 bat;
401 888 532 963 poterat
547 887 653 945 autem
674 881 815 962 impune,
838 881 908 963 quis
925 880 1006 944 enim
1029 881 1256 961 redargueret?
1289 878 1409 944 Nemo

272 987 293 1050 5
312 989 452 1047 nostrum
475 982 630 1060 credebat,
652 982 859 1063 eratqueveri
881 981 1020 1060 similius
1042 981 1125 1046 bunc
1146 981 1279 1058 mentiri,
1301 980 1409 1045 cuius

310 1084 490 1163 interesset,
513 1102 607 1165 quarn
628 1082 729 1161 illurn,
752 1083 860 1165 quiid
882 1101 917 1147 se
939 1099 1068 1164 rogasse
1090 1082 1282 1164 scripsisset,
1305 1083 1409 1162 quod

311 1185 472 1250 debuisset
504 1203 624 1266 rogare.
671 1185 815 1250 Addebat
836 1184 943 1263 etiam,
976 1201 1011 1248 se
1038 1185 1069 1248 in
1097 1184 1197 1264 legem
1219 1183 1409 1248 Voconiam

384 1359 403 1402 1.
423 1352 807 1420 Fabio[s]l2utcss(sedintra
824 1354 871 1402 ΑΕ
889 1353 992 1414 Fadiae,
1008 1353 1113 1416 Fadsbs)
1148 1351 1302 1416 dfllr‘oml'
1334 1356 1411 1416 fac-

310 1433 358 1471 tum
377 1421 476 1473 SectE
512 1429 536 1473 4.
557 1421 691 1487 [redarguet
710 1420 755 1489 ΑΙ]
794 1427 815 1468 d.
835 1422 896 1472 caim
914 1422 1137 1487 (pronoetncmlC
1172 1422 1275 1486 nepum
1294 1421 1412 1472 PMCR

311 1491 413 1540 bonel}
450 1495 472 1538 6.
493 1490 518 1539 id
535 1491 618 1542 omli
673 1494 692 1538 7,
714 1493 849 1554 ropassell

312 1631 446 1704 qrceadom
469 1639 539 1698 cet,
568 1628 617 1685 ubi
647 1648 701 1685 rem
723 1632 802 1685 istam
824 1631 912 1702 clcj'ert
933 1628 1022 1685 simili
1045 1628 1132 1685 modo
1154 1639 1242 1702 atque
1263 1628 1315 1684 hic
1343 1649 1411 1686 rem

311 1717 350 1770 ita
372 1713 430 1770 dici
452 1713 583 1782 videtur;
605 1731 783 1788 quamquam
806 1714 907 1771 addito
930 1714 1104 1788 pronomine
1127 1731 1169 1770 res
1191 1713 1327 1788 apert-ius
1353 1733 1412 1771 re-

310 1797 406 1856 fertur
427 1798 527 1870 adid,
550 1799 629 1872 quod
652 1799 804 1856 subicitur.

402 1883 435 1952 Q.
465 1881 569 1956 Fadio)
606 1884 697 1952 ,Mas
729 1885 823 1941 nostri
857 1883 905 1939 bic
933 1900 1034 1939 omnes
1062 1891 1181 1938 servant
1202 1883 1306 1952 Falso,
1347 1885 1411 1940 sed

312 1965 391 2025 infra
413 1977 511 2024 tamen
533 1968 666 2043 plerique
689 1969 779 2024 liliam
803 1976 911 2026 vocant
932 1968 1081 2024 Fadrbm.“
1106 1965 1211 2026 Grut.
1234 1965 1315 2024 On.
1351 1969 1410 2026 hic

313 2053 413 2122 Folio,
448 2051 525 2124 inira
552 2053 626 2128 ὓχψ
653 2055 744 2127 filiae,
774 2047 816 2121 Εξ
841 2055 916 2126 jib‘03
951 2051 1117 2128 mgCrat.
1145 2060 1175 2109 et
1197 2051 1264 2110 Gaii
1289 2071 1410 2112 omnes

312 2138 435 2208 Fadiae,
471 2138 527 2194 nisi
550 2137 630 2212 quod
653 2137 732 2196 Gud.
756 2140 774 2195 2
799 2140 934 2194 Fatidice.
979 2137 1105 2208 Fadius,
1140 2136 1218 2212 quod
1240 2137 1307 2213 lege
1336 2140 1410 2197 Vo-

312 2223 398 2280 conia
419 2223 575 2279 vetabatur
597 2223 760 2294 mulierem,
784 2224 872 2280 etiam
894 2222 985 2279 filiam
1008 2231 1038 2278 et
1060 2222 1191 2293 unicam,
1214 2231 1410 2282 testamento

311 2307 449 2364 heredem
472 2308 635 2377 instituere,
659 2327 730 2365 usus
753 2318 817 2365 erat
839 2327 874 2364 ea
896 2317 974 2376 arte,
997 2316 1155 2382 quactum
1177 2315 1296 2382 praeter
1319 2309 1410 2366 alias

311 2392 349 2449 ad
372 2392 540 2449 evitandam
562 2393 657 2468 legem
685 2411 748 2449 eam
771 2393 893 2450 inuenta
914 2402 992 2462 erat,
1026 2401 1059 2449 ut
1092 2392 1275 2448 fiduciarium
1309 2391 1411 2451 here-

314 2477 381 2533 dem
402 2477 585 2549 institueret,
610 2477 659 2552 qui
683 2479 760 2534 filiae
783 2479 861 2535 bona
882 2477 1026 2546 redderet,
1050 2476 1139 2551 idque
1161 2496 1227 2533 eum
1249 2496 1269 2532 a
1291 2496 1326 2534 se
1355 2499 1411 2536 ro-

313 2570 424 2638 gatum,
448 2562 589 2637 scriptum
611 2563 780 2637 reliquerat.
815 2563 888 2639 Cogi
907 2562 1050 2622 Sextilius
1073 2581 1131 2618 non
1149 2571 1273 2637 poterat.
1308 2563 1410 2636 Quae

313 2646 404 2705 fuerit
426 2665 523 2718 eausa,
547 2665 600 2704 cur
616 2649 725 2706 Fadius
743 2647 935 2705 hereditatem
958 2647 1021 2704 sine
1044 2655 1218 2704 testamento
1240 2647 1279 2702 ad
1301 2648 1410 2707 filiam

313 2731 468 2808 pervenire
501 2732 594 2788 nollet
625 2742 678 2789 aut
709 2732 740 2791 id
773 2732 890 2790 efficere
918 2751 976 2790 non
999 2742 1114 2807 posset,
1148 2731 1226 2806 quod
1254 2749 1310 2788 nec
1344 2734 1410 2792 hac

313 2817 378 2892 lege
401 2835 455 2874 nec
477 2817 544 2874 aliis
566 2818 703 2875 universe
725 2819 897 2881 vetabatur,
927 2837 943 2874 e
966 2817 1118 2876 Ciceronis
1142 2817 1309 2874 narratione
1337 2838 1408 2877 non

313 2911 438 2977 apparet
464 2920 518 2958 nec
540 2903 578 2960 ad
600 2921 664 2960 earu
688 2903 913 2978 intellegendam
932 2903 1033 2976 quaeri
1051 2921 1125 2978 opus
1142 2911 1194 2959 est
1228 2901 1268 2959 Et
1284 2921 1410 2981 magna

313 2986 342 3043 in
366 2987 422 3043 hac
443 2996 528 3063 parte
550 2987 624 3064 legis
647 2987 814 3059 Voconiae,
848 3005 913 3045 curn
938 2988 1000 3044 eius
1028 2997 1232 3063 argumentum
1259 3005 1332 3044 cum
1359 2990 1409 3046 le-

312 3072 481 3148 gitimarum
504 3073 699 3130 hereditatum
722 3074 786 3130 iure
809 3083 1013 3149 comparatur,
1043 3074 1206 3130 obscuritas
1233 3081 1279 3129 est
1301 3073 1408 3132 etiam

312 3168 380 3232 post
399 3157 513 3217 Savinii
536 3168 566 3214 et
588 3159 689 3216 Hassii
712 3159 935 3234 disputationes.
979 3157 1409 3236 (Vid.1cein.Rom.Privat-

312 3243 396 3299 recht
428 3261 457 3318 p.
483 3243 543 3300 367
574 3262 639 3318 sqq.
667 3262 799 3318 quosque
828 3243 959 3319 appellat
982 3243 1111 3314 Walter,
1134 3241 1243 3302 Gesch.
1266 3243 1294 3298 d.
1319 3253 1407 3302 rom.

311 3327 422 3385 Rechts
445 3331 459 3397 ξ
485 3327 569 3404 639.)

397 3411 534 3491 credebat)
569 3414 619 3472 Sic
646 3412 778 3491 (praeter
800 3413 865 3471 Pal.
892 3416 906 3469 l
932 3422 962 3468 et
982 3409 1059 3490 Erl.)
1088 3411 1175 3488 Spin,
1210 3431 1266 3488 mg.
1298 3409 1406 3486 Cret,

313 3497 396 3554 codd.
419 3497 496 3555 Mor.
520 3509 550 3555 et
571 3499 659 3568 Scel,
683 3499 728 3554 El.
752 3500 781 3569 2,
805 3495 856 3567 Εξ.
902 3498 1043 3555 Restituit
1064 3489 1214 3554 Davisius.

398 3584 538 3644 Addebat.
567 3603 595 3640 se
617 3587 643 3640 iu
666 3586 746 3656 legem
776 3587 914 3641 Voconium
937 3586 1066 3652 iltrudem)
1101 3581 1227 3655 Quando
1254 3601 1291 3638 ea
1320 3583 1407 3644 iuris

314 3668 431 3724 iurandi
459 3668 601 3745 religione
625 3669 768 3727 Sextilius
796 3669 933 3726 astrictus
956 3668 1008 3739 sit,
1043 3668 1125 3724 cuius
1153 3667 1301 3724 columnia
1332 3679 1406 3728 tum

312 3771 383 3810 usus
411 3762 469 3822 est,
504 3755 680 3830 interpretes
709 3773 766 3812 non
796 3762 949 3828 quaerunt.
993 3753 1138 3826 Equidem
1167 3752 1241 3808 nihil
1264 3756 1404 3828 reperi0,

312 3839 369 3896 nisi
393 3839 550 3897 Sextilium
574 3840 776 3915 magistratum
804 3839 930 3916 gessisse
952 3839 1084 3895 dicamus
1106 3847 1136 3894 et
1157 3848 1220 3894 tum
1242 3841 1405 3897 communi
1474 3887 1475 3890 η

312 3943 393 3981 more
422 3923 451 3979 in
475 3925 554 4000 leges
577 3925 704 3994 iurasse;
727 3944 762 3982 eo
780 3925 844 3981 iure
866 3923 991 3981 iurando
1014 3923 1102 3980 etiam
1125 3922 1290 3980 Voconiam
1314 3935 1403 3982 eete-

311 4027 418 4083 rasque
441 4008 572 4086 singulas
595 4011 820 4086 comprehensas
843 4028 916 4067 esse.
960 4009 1038 4065 Nam
1067 4007 1225 4085 singularis
1246 4008 1404 4067 eiusmodi

312 4095 435 4163 sanctie,
458 4096 575 4169 qualern
599 4095 766 4171 Appuleius
788 4095 922 4170 agrarim
944 4094 1004 4170 legi
1026 4093 1134 4151 adiecit
1156 4092 1302 4169 (Appian.
1327 4094 1403 4153 civ.

312 4181 342 4250 Ι,
368 4181 422 4250 29,
459 4181 730 4252 Picentinae),
770 4179 803 4238 C.
827 4180 938 4238 Caesar
971 4197 1041 4236 suae
1075 4179 1110 4235 de
1143 4197 1214 4254 agro
1237 4175 1403 4253 Campano

216 4269 220 4278 ‘
312 4260 386 4344 (vid.
409 4267 469 4324 Dio
491 4266 574 4326 Cass.
591 4266 777 4336 XXXVIII,
802 4266 830 4336 7,
853 4265 933 4322 Plut.
956 4264 1020 4324 Cat.
1043 4264 1117 4321 Min.
1141 4264 1195 4332 32,
1219 4264 1300 4338 App.
1325 4265 1400 4323 civ.
1474 4325 1475 4332 ,

311 4351 420 4422 11,1n,
445 4351 506 4410 Cic.
519 4351 556 4408 ad
568 4353 632 4409 Att.
644 4353 691 4422 II,
713 4352 761 4418 18,
775 4347 818 4428 l),
842 4360 872 4407 et
894 4351 976 4407 cuius
999 4350 1166 4424 exemplum
1189 4356 1235 4404 eat
1255 4347 1286 4403 in
1309 4345 1401 4426 freg-
1474 4387 1475 4400 .
