3018 5052
319 381 382 446 488
702 397 746 442 oa·
769 397 899 444 rursus
919 397 992 444 son.

320 567 445 643 vellent,
468 565 626 631 enucleate
647 565 764 631 minora
785 565 895 630 dicere
938 566 1048 648 Itaque
1074 583 1154 646 quae
1180 569 1253 628 sunt
1277 581 1372 627 eorum

320 668 560 746 consolationes,
593 687 673 748 quae
699 666 940 745 cohortationes,
978 685 1059 749 quae
1090 667 1183 731 etiam
1209 665 1325 730 monta
1346 669 1373 727 et

320 770 455 848 consilia,
478 769 594 850 scripta
614 770 655 834 ad
677 787 813 834 summos
835 769 932 834 uros!
960 769 1038 833 Erat
1058 769 1139 833 enim
1160 769 1245 850 apud
1266 787 1327 842 eos,
1345 775 1374 828 nt

321 879 369 938 est
390 889 494 936 rerum
514 871 653 952 ipsarum
680 877 805 950 natura,
839 871 884 935 sic
910 871 1030 936 dicendi
1058 870 1236 936 exercitatio
1263 869 1374 950 duplet

283 977 303 1042 5
320 973 401 1038 Nam
422 973 572 1055 quidquid
594 973 769 1055 quaeritur,
801 973 835 1039 id
861 973 955 1038 habet
980 979 1036 1038 aut
1055 972 1179 1056 generis
1199 973 1298 1054 ipsius
1319 971 1375 1036 sine

320 1075 462 1159 personis
484 1074 736 1158 temporibusque
757 1081 820 1153 aut,
842 1075 1054 1154 iisadiunctis
1075 1074 1148 1140 iacti
1164 1081 1219 1139 aut
1234 1075 1312 1140 iuris
1330 1081 1377 1139 aut

322 1177 452 1244 nominis
474 1177 722 1242 conuoversiam.
750 1176 1267 1260 Ergoinutroqueexeroebanon;
1289 1193 1377 1257 eaque

321 1279 483 1361 disciplina
505 1278 606 1344 effecit
627 1285 745 1343 tantam
765 1278 888 1343 illorum
910 1286 1044 1361 utroque
1068 1278 1100 1343 in
1128 1297 1242 1360 genere
1269 1277 1377 1343 dicendi

321 1381 449 1463 copiam.
493 1383 521 1446 i.
545 1381 658 1446 Totum
678 1399 776 1462 genus
798 1380 856 1445 hoc
877 1382 961 1446 Zeno
983 1389 1014 1446 et
1036 1381 1088 1462 qui
1110 1380 1149 1445 ab
1171 1399 1208 1445 co
1230 1391 1311 1458 sunt
1331 1387 1379 1443 aut

266 1490 306 1555 10
323 1503 383 1548 non
405 1489 574 1566 potuerunt
595 1489 650 1547 aut
671 1483 845 1562 noluerunt,
868 1489 952 1548 certe
963 1477 1163 1565 reliquerunt
1195 1484 1379 1564 Quamquam

395 1711 414 1754 1.
433 1705 769 1768 quaeantesaatorn.EC
840 1711 862 1755 5.
885 1703 1016 1756 utone
1085 1709 1107 1756 8.
1130 1705 1175 1754 iiis
1196 1705 1219 1754 E
1241 1702 1381 1772 tts[a]01.

325 1777 346 1822 7.
366 1773 415 1840 [eqo
433 1772 468 1840 Δ]
507 1779 531 1826 8.
549 1773 623 1838 efficit
641 1772 732 1840 [Α]Εο
767 1777 789 1822 9.
808 1777 851 1828 ios
864 1774 961 1824 theno
979 1773 1089 1826 Peleos.
1126 1772 1380 1838 componentur.

328 1847 365 1898 10.
385 1841 515 1909 [solennat
532 1841 581 1908 En]
621 1839 788 1909 [relinquerant
806 1844 841 1914 Α]

324 2051 402 2125 quod
424 2049 495 2108 iecit
517 2050 574 2106 iarn
596 2048 756 2130 Baiterus.]
799 2051 997 2110 Annotandue
1013 2050 1117 2107 deinde
1136 2050 1331 2108 nominativus
1346 2050 1384 2125 (at

325 2133 422 2214 Stoici)
445 2136 475 2192 in
497 2136 694 2211 comparando
716 2137 758 2194 sic
780 2137 984 2214 interpositus,
1013 2147 1046 2193 ut
1067 2155 1126 2193 non
1148 2137 1305 2193 conveniat
1325 2153 1384 2192 cum

324 2221 481 2298 primariae
508 2223 670 2280 sententiae
702 2221 811 2295 forma,
839 2223 890 2280 sed
913 2213 972 2278 sind
994 2219 1093 2278 κοινοῦ
1119 2221 1257 2278 audiatur
1276 2224 1386 2296 sacam.

325 2305 470 2382 Exempla
491 2305 554 2364 eius
581 2307 696 2384 generis
717 2308 840 2385 ascripsi
861 2309 899 2366 ad
921 2307 962 2378 11,
988 2309 1035 2364 17.
1058 2303 1162 2386 [Apud
1184 2306 1317 2366 Graecos
1336 2307 1388 2363 hoc

326 2391 417 2450 multo
439 2392 472 2448 tit
492 2389 673 2466 frequentius
695 2403 726 2450 et
745 2390 890 2474 liberius]

410 2476 483 2534 Nom
505 2479 640 2552 quidquid
660 2482 799 2553 quaeritur
820 2476 890 2560 cet)
918 2478 1012 2536 Notas
1034 2487 1065 2534 et
1085 2477 1169 2534 tritas
1191 2478 1221 2534 in
1244 2467 1388 2536 rhetorum

326 2563 433 2620 scholis
456 2562 615 2621 divisiones
636 2564 768 2640 attingit,
802 2566 928 2641 primurn
956 2563 1135 2638 quaestionis
1162 2563 1308 2639 generalis
1331 2558 1390 2636 (cqc

328 2641 456 2724 θέσεως)
479 2656 509 2705 et
531 2667 636 2706 causae
659 2647 724 2727 (τῆς
746 2639 931 2724 ὑποθέσεως)
960 2649 1032 2726 (vid.
1060 2649 1097 2706 de
1118 2649 1235 2706 Invent
1255 2649 1282 2720 Ι,
1301 2649 1330 2718 8,
1359 2647 1390 2702 de

329 2731 463 2805 eracl,
490 2733 549 2790 138
571 2741 602 2791 et
622 2735 669 2806 11,
694 2736 743 2808 65,
767 2734 850 2794 Orat.
873 2735 928 2804 46,
962 2733 1013 2791 ubi
1041 2734 1213 2792 Aristotelis
1240 2733 1392 2810 disciplina

328 2827 586 2890 commemoratur,
620 2821 725 2896 Topic.
748 2822 787 2877 79
811 2828 841 2877 et
851 2820 956 2879 Partit
980 2821 1029 2888 81,
1052 2819 1103 2876 ubi
1125 2812 1210 2884 θέσις
1226 2822 1392 2895 propositum

327 2903 502 2979 appellatur,
524 2904 587 2981 al.)‚
610 2905 715 2963 deinde
737 2924 876 2982 generum
899 2905 1125 2976 controversiae,
1148 2905 1315 2978 exquibus
1338 2913 1394 2962 sta·

327 2997 374 3046 tus
397 2989 539 3061 oriuntur,
563 3009 638 3064 quae
660 2991 765 3050 Cicero
787 2991 835 3048 hic
856 2999 889 3047 ut
911 2991 940 3047 in
953 2988 1037 3049 Orat
1049 2991 1099 3060 ts,
1123 2989 1159 3046 de
1182 2988 1265 3048 Orat
1276 2991 1319 3060 11,
1336 2990 1392 3046 104

328 3083 358 3131 et
377 3075 436 3132 113
459 3075 517 3132 triu
538 3073 624 3146 iacit;
647 3085 758 3151 quanta
778 3076 857 3153 apud
879 3076 953 3134 alios
976 3083 1005 3133 et
1026 3075 1057 3132 in
1079 3075 1145 3132 aliis
1167 3075 1260 3150 ipsius
1277 3075 1393 3134 Cicero-

327 3158 373 3217 nis
395 3159 477 3217 libris
500 3161 651 3219 dividendi
678 3161 833 3219 diversitas
856 3161 902 3232 sit,
926 3161 1112 3237 persequitur
1134 3159 1334 3234 Quintilianus
1345 3159 1394 3216 lib.

327 3245 385 3316 ΠΙ,
399 3246 427 3314 6,
452 3245 489 3302 31
515 3265 577 3321 sqq.
621 3243 732 3326 [Efficit
754 3247 842 3304 etiam
863 3247 899 3316 Β,
922 3264 1021 3304 errore
1043 3243 1227 3323 pervagato]

414 3331 442 3388 t.
466 3333 538 3388 Zeno
560 3335 655 3406 etqui
674 3334 709 3389 ob
730 3353 759 3389 eo
780 3330 855 3407 satsat)
883 3332 1003 3389 Editum
1025 3332 1165 3388 hactenus
1188 3341 1247 3388 est:
1277 3340 1303 3388 et
1324 3331 1395 3387 Zeno

328 3425 353 3472 ct
373 3417 407 3472 ab
430 3435 458 3472 eo
480 3421 529 3490 qui
549 3425 613 3488 cet,
636 3418 736 3494 inepta
757 3417 961 3487 distraction03
984 3436 1050 3474 num
1064 3418 1143 3474 Zeno
1155 3435 1220 3474 curn
1233 3435 1286 3474 sua
1297 3415 1396 3473 schola

329 3501 535 3576 Peripateticis
557 3510 586 3559 et
608 3502 794 3560 Academicis
817 3503 956 3560 contrarii
968 3510 1124 3579 ponuntur.
1158 3501 1229 3573 cta,
1247 3520 1323 3576 quae
1334 3500 1395 3558 dixi

329 3586 367 3643 ud
389 3586 430 3656 ΙΙ,
455 3586 504 3643 63.
548 3588 590 3647 Ut
611 3588 703 3649 edidi.
727 3598 790 3645 erat
812 3589 899 3645 etiarn
928 3589 957 3646 in
981 3587 1058 3663 Spin.
1075 3584 1138 3668 [B],
1161 3593 1339 3662 quamquain
1362 3587 1396 3642 de

330 3689 365 3728 eo
388 3679 418 3728 et
439 3671 500 3728 Erl.
530 3670 623 3732 Gaius
635 3673 752 3731 erravit.
775 3672 933 3732 'Ordinem
956 3673 1032 3730 hunc
1050 3673 1205 3730 verborum
1230 3669 1293 3753 (qni
1313 3673 1348 3728 ab
1370 3691 1397 3728 eo

330 3757 404 3830 stent)
431 3757 461 3814 in
486 3758 579 3815 tribus
601 3759 719 3834 optimis
741 3778 804 3817 asse
829 3760 871 3816 ait
882 3755 946 3839 [B]
978 3759 1024 3815 De
1036 3777 1090 3818 usu
1112 3759 1269 3815 locutionis
1286 3777 1343 3816 esse
1364 3758 1398 3812 oi

329 3845 420 3918 aliquo
441 3842 516 3900 dixit
539 3844 672 3902 Handius
694 3845 723 3901 in
747 3846 833 3902 Ture.
855 3846 871 3902 I
893 3865 921 3921 p.
946 3844 994 3902 36.

415 3938 462 3984 ortt
484 3947 535 3984 iton
553 3939 696 4004 potuerunt
717 3941 765 3988 atat
786 3933 946 4002 troisset-nat,=
963 3939 1032 3986 certe
1053 3928 1229 4004 reliquerunt)
1251 3929 1399 3986 Memora·

331 4013 398 4070 bilis
420 4014 493 4070 haec
515 4023 559 4070 est
570 4015 711 4072 orationis
723 4015 830 4092 tigura3
853 4034 921 4072 nam
936 4033 1001 4072 cnm
1014 4014 1117 4074 Cicero
1133 4014 1174 4071 sic
1185 4014 1333 4090 posuisset
1349 4033 1398 4069 nors

329 4109 472 4173 potuerant
493 4109 540 4156 ortt
562 4103 709 4173 ositremont,
732 4109 765 4158 ut
787 4101 949 4158 infinitivus
971 4100 1115 4157 emendus
1127 4109 1205 4156 esset
1216 4118 1253 4156 ex
1265 4099 1399 4174 sequenti

332 4184 422 4240 verbo
445 4185 526 4242 finito
549 4181 645 4262 (velut
667 4195 791 4247 tractore.
815 4186 839 4242 si
862 4186 1058 4243 subiceretur:
1080 4196 1149 4242 certe
1163 4205 1211 4241 oon
1225 4183 1399 4260 tractarunt),

332 4354 454 4412 verbnm
476 4357 628 4414 conflavit:
650 4367 719 4414 certe
740 4359 911 4432 reliquerunt,
934 4366 967 4414 ut
988 4357 1149 4434 zeugmatis
1167 4356 1323 4432 singularis
1334 4374 1400 4431 spe·
1490 4395 1491 4436 ,

1490 3401 1491 3438 t

1490 3443 1491 3484 t

1490 3591 1491 3634 t

1490 3647 1491 3670 i

332 4269 387 4326 hoc
408 4268 504 4344 ipsum
526 4271 647 4329 verbum
670 4289 735 4329 cum
757 4271 912 4348 negatione
934 4272 964 4328 in
986 4289 1076 4328 tinum
1098 4270 1261 4329 contrariae
1272 4270 1401 4328 notionis
1490 4265 1491 4326 i

1490 4353 1491 4384 i

1490 4811 1491 4856 i
