2956 5028
404 457 447 502 nr
471 457 552 504 usn.
571 457 632 504 nro.
651 457 673 502 u
696 457 770 504 cnr.
785 461 824 503 rs.
1086 438 1146 500 227

84 625 259 689 consuetudo
282 625 433 706 loquitur,
466 625 498 690 id
522 625 621 688 solum
642 623 756 689 dicitrrr
783 625 963 702 honestum,
995 623 1080 703 quud
1102 633 1151 687 est

83 726 213 806 populari
235 725 320 790 mma
341 727 519 808 gloriosum.
565 727 670 804 Quod,
693 725 805 806 inquit,
829 743 1017 807 quamquam
1039 724 1149 805 volup-

84 828 186 892 tatibus
217 827 404 908 quibusdam
437 837 485 893 est
518 847 613 910 saepe
645 827 824 906 iucundius,
857 835 959 892 tamen
993 825 1149 906 expetitur

84 939 200 1010 propter
226 930 428 1011 voluptatem.
472 931 522 995 49.
558 931 709 1008 Videsne,
743 949 837 1010 quarn
870 930 911 994 sit
944 947 1057 1010 magna
1084 927 1149 992 dis-

85 1013 202 1095 sensio?
225 1031 437 1112 Philosophus
464 1032 589 1108 nobilis,
622 1050 725 1112 aquo
755 1051 817 1096 non
839 1031 939 1095 solum
964 1029 1097 1094 Graecia
1119 1029 1188 1092 eto

84 1131 174 1207 ltnlia,
206 1134 262 1198 sed
296 1133 387 1198 etiam
416 1133 515 1197 omnis
545 1133 691 1198 barbaria
712 1137 866 1197 commota
888 1139 952 1210 est,
985 1130 1150 1196 honestum

85 1235 147 1314 quid
167 1235 221 1312 sit,
256 1234 284 1298 si
305 1235 338 1298 id
360 1253 422 1299 non
445 1235 538 1300 sitin
561 1234 737 1316 voluptate,
771 1243 863 1315 negat
892 1251 927 1297 se
960 1233 1150 1314 intellegere,

86 1335 134 1398 nisi
163 1335 243 1400 forte
275 1336 367 1414 illud,
397 1336 482 1416 quod
510 1334 715 1399 multitudinis
738 1353 863 1400 rumore
884 1335 1038 1399 laudetur.
1082 1333 1150 1414 Ego
1236 1359 1239 1365 ·

86 1446 174 1501 autem
210 1438 269 1502 hoc
303 1437 396 1502 etium
429 1445 522 1518 turpe
544 1455 614 1502 esse
636 1454 732 1518 saepe
753 1436 856 1500 iudico
889 1441 936 1513 et,
970 1436 996 1499 si
1024 1435 1150 1516 quando

86 1545 165 1618 supe
184 1557 246 1604 non
268 1539 324 1618 sit,
358 1546 424 1603 turn
445 1557 598 1604 essenon
620 1547 727 1619 turpe,
760 1555 829 1602 cum
856 1537 889 1602 id
911 1555 931 1600 a
953 1535 1149 1602 muluudine
1172 1536 1211 1600 10

144 1729 165 1772 ³.
183 1724 237 1774 dem
266 1731 324 1789 (pro
351 1725 543 1790 qutbuadumtE
588 1731 610 1775 ⁵.
627 1723 780 1789 philosophus
798 1723 863 1774 uobis
880 1723 925 1785 bria
943 1723 1000 1772 alt
1046 1727 1067 1772 7.
1088 1721 1153 1787 quod

88 1791 105 1838 E
134 1791 219 1842 unua
237 1803 272 1842 est
289 1809 386 1851 omues,
406 1794 448 1844 Or.
495 1799 518 1841 8.
537 1793 652 1842 laudatur
678 1791 807 1852 tLtcllOr.
854 1797 876 1841 s.
901 1809 951 1842 erae
974 1793 1064 1840 omli
1112 1796 1150 1838 to.

87 1867 151 1908 mum
167 1878 216 1910 me
234 1878 280 1909 nou
299 1863 321 1911 R
347 1871 395 1910 tum
418 1879 463 1910 nou
486 1878 537 1911 me
560 1879 606 1910 nou
624 1861 697 1910 MOr.
725 1869 802 1910 tuanen
829 1877 874 1908 non
900 1877 951 1910 esse
969 1877 1014 1908 uon
1033 1859 1099 1910 LPc

88 2019 172 2086 rutperti
191 2019 286 2074 matris
308 2035 337 2073 se
358 2017 453 2074 subicit
481 2017 589 2092 uutbru)
622 2017 757 2074 absolute
781 2017 888 2073 dicitur
915 2036 943 2073 ae
971 2013 1097 2086 subicere,
1121 2015 1151 2072 id

89 2113 134 2156 cst.
154 2121 267 2176 surpere,
290 2121 417 2167 cresum,
439 2104 631 2160 extollereaeae
652 2095 700 2182 (ut
716 2103 834 2159 subt'cere
850 2105 966 2176 aliquem
983 2104 1010 2158 ιἰι
1026 2099 1150 2178 equum),

88 2185 129 2238 ul
140 2187 227 2242 temtum
239 2206 293 2262 per
304 2205 336 2243 se
348 2186 527 2263 adiungitur,
540 2197 574 2243 ut
585 2187 637 2245 sit:
650 2195 730 2244 tecta
740 2187 843 2244 matris
854 2187 967 2243 umbro.
990 2187 1080 2243 Recte
1092 2185 1150 2243 iem

90 2269 204 2327 Senius.
247 2271 332 2350 [Non
356 2272 452 2328 miuus
474 2290 598 2347 pravum
622 2280 667 2329 est
688 2272 768 2348 apud
790 2273 878 2328 Varr.
895 2271 965 2329 L.L.
982 2273 1013 2328 X
1036 2291 1064 2347 p.
1091 2272 1150 2328 163

90 2352 144 2428 Bip.
165 2359 302 2414 aut‘cedere
324 2357 374 2412 sub
396 2377 507 2413 casuum
530 2360 645 2427 rationu
679 2367 758 2413 recte
792 2356 930 2414 scribitur
951 2357 1000 2413 lx
1022 2375 1051 2430 p.
1077 2357 1151 2413 143:

91 2459 148 2510 pum
177 2443 225 2497 crib
259 2461 413 2498 mutuarum
434 2461 466 2498 uc
484 2443 609 2517 porudera
627 2445 718 2518 potius
746 2461 826 2516 quum
855 2443 905 2498 sub
932 2460 1069 2498 numerum
1091 2461 1151 2498 auc·

90 2523 194 2602 cedunt]

166 2611 201 2668 tn
221 2615 288 2668 utun
312 2613 472 2668 cotascalzulo
494 2613 624 2686 loquitur)
658 2612 701 2670 Ut
734 2611 810 2668 solet
838 2611 998 2687 Epicurus,
1033 2629 1049 2667 e
1072 2629 1151 2666 com-

91 2695 156 2750 muni
178 2697 256 2772 vulgi
280 2696 399 2753 notione
422 2704 451 2752 et
473 2715 528 2752 usu
550 2697 633 2753 vocis
659 2695 807 2754 cotidiano
835 2703 1039 2772 argumentum
1062 2695 1151 2752 ducit.

90 2774 140 2851 [De
160 2781 299 2839 cretionis
323 2793 421 2837 rectae
444 2780 540 2838 forma
561 2790 676 2838 retenta
698 2781 757 2837 vid.
781 2781 818 2836 ad
841 2781 864 2847 1,
890 2779 955 2857 30.]

163 2865 209 2920 49.
252 2870 278 2923 si
298 2868 329 2922 ul
351 2886 401 2921 saon
424 2869 511 2922 oit—
524 2865 661 2940 laudetur)
695 2866 768 2922 Inde
785 2884 804 2922 a
826 2865 1000 2936 Cratandro,
1019 2865 1151 2940 exeeptis

91 2945 209 3007 bisuntio
241 2961 271 3007 ct
304 2951 465 3020 Lambino,
500 2951 655 3007 edebatur:
689 2955 714 3006 si
746 2953 775 3008 ul
807 2972 858 3008 ηοιι
886 2961 926 3007 est
947 2985 988 2992 —
1016 2951 1150 3006 laudetur.

91 3029 170 3090 ilrins
196 3043 346 3111 tamquam
368 3055 384 3090 c
408 3035 486 3111 Spir.
509 3045 540 3092 et
561 3036 622 3092 Erl.
645 3035 811 3106 revocavit,
845 3034 924 3110 quod
958 3035 987 3092 in
1022 3035 1151 3108 antiquis

91 3115 249 3177 editionibus
273 3120 375 3198 (etiam
399 3119 507 3196 Marsi)
535 3119 632 3177 iuerat
655 3120 792 3194 quodque
820 3120 865 3177 illi
893 3128 1062 3190 tenuerant,
1092 3122 1151 3175 lurc-

91 3201 166 3258 durur.
208 3206 252 3262 De
275 3205 377 3275 codd,
411 3215 444 3262 ut
466 3225 503 3262 ex
525 3205 587 3262 Erl.
610 3202 666 3282 [B]
696 3214 790 3280 patet,
819 3205 943 3274 erravit,
978 3205 1034 3260 huc
1056 3214 1151 3260 trans-

91 3281 186 3348 ferens.
219 3291 297 3364 quod
331 3291 420 3366 paulo
454 3301 521 3365 post
553 3293 633 3360 (ante
655 3311 673 3346 u
696 3289 797 3364 tttttllt'a)
821 3290 962 3365 scriptum
996 3298 1073 3358 erat3
1107 3289 1152 3345 illi

91 3373 290 3432 coniunctivum
314 3393 379 3432 cum
404 3375 509 3432 ceteris
532 3383 659 3432 tuentur.
697 3377 800 3448 Atque
823 3376 848 3432 is
870 3375 944 3431 adeo
967 3375 1151 3432 necessarius

91 3469 126 3510 est
155 3458 181 3515 iu
212 3460 267 3517 hac
300 3460 415 3517 alienae
438 3461 614 3530 sententiae,
648 3480 667 3516 e
694 3479 753 3535 qua
775 3460 879 3518 Cicero
908 3460 1077 3534 longissime
1100 3460 1151 3515 ab·

91 3537 188 3610 horret,
220 3564 273 3620 per
306 3545 457 3620 obliquam
481 3546 643 3602 orationem
667 3545 895 3620 significatione,
929 3553 963 3601 ut
985 3563 1042 3601 non
1066 3544 1152 3601 dubi·

92 3625 162 3683 tarim
195 3631 282 3686 etiam
317 3634 352 3686 sit
378 3649 434 3705 pro
462 3640 501 3686 eat
529 3649 681 3706 reponere.
726 3631 802 3688 Nam
827 3630 905 3704 quod
928 3629 1021 3686 Gzius
1045 3649 1151 3706 ruagno

92 3725 145 3766 cnm
167 3715 287 3790 strepitu
311 3715 406 3778 docet,
430 3715 583 3791 particulis
606 3719 659 3772 uisi
673 3719 749 3788 sorte
771 3715 963 3791 indicativum
987 3715 1080 3771 subici
1104 3733 1151 3772 so·

91 3791 153 3864 lere,
184 3818 218 3854 ne
246 3800 330 3875 pueri
365 3801 482 3874 quidem
511 3801 704 3857 tolerabiliter
732 3801 857 3857 instituti
881 3800 1031 3874 ignorant,
1061 3801 1090 3856 id
1113 3799 1152 3856 ad

91 3879 288 3942 coniunctivum
312 3886 351 3942 ob
374 3885 462 3941 alium
486 3904 602 3942 eausam
626 3886 764 3960 obliquae
786 3884 928 3943 orationis
956 3885 1084 3960 positum
1107 3885 1152 3941 ni-

91 3961 123 4018 hil
142 3970 298 4040 pertinere3
333 3970 381 4026 hic
415 3981 512 4026 tamen
541 3971 664 4050 veritum
692 3971 811 4028 omnino
834 3989 893 4028 uon
916 3969 975 4027 illis
998 3969 1151 4046 particulis

92 4049 224 4110 urlricitur.
496 4053 501 4066 '

161 4148 183 4192 et
204 4143 228 4196 si
249 4141 359 4214 quantulo
381 4150 460 4214 turpe
482 4159 533 4196 uon
555 4143 589 4196 sit
611 4139 681 4213 etc.)
715 4139 869 4199 Sententia
896 4157 974 4197 nunc
997 4149 1026 4197 et
1048 4149 1152 4215 aperta

91 4229 112 4271 et
131 4233 218 4280 recta:
263 4225 295 4284 Si
319 4225 437 4299 quando
460 4224 499 4292 id,
523 4225 601 4298 quod
623 4225 712 4301 vulgo
735 4224 881 4296 laudatur,
905 4237 991 4300 turpe
1013 4243 1072 4283 non
1095 4234 1149 4296 est,

92 4301 113 4356 id
133 4317 187 4364 turn
209 4309 328 4380 accidit,
358 4328 424 4366 cum
453 4310 559 4386 vulgus
581 4310 612 4366 id
634 4311 749 4380 laudat,
778 4309 856 4383 quod
885 4329 938 4366 sua
960 4317 1066 4367 notura
1087 4329 1150 4367 rec·

91 4399 140 4444 tum
166 4403 208 4450 est
234 4397 280 4464 (ut
302 4395 515 4469 turpitudinem
543 4405 694 4452 removeat
715 4395 983 4452 nonmultitudinis
1005 4414 1074 4465 vox,
1099 4394 1151 4452 sed

941 4509 991 4564 15*
