2948 5024
330 381 393 446 672
713 397 757 442 nu
780 397 909 444 nmmos
932 397 1003 442 non.

329 565 406 644 lunt,
428 571 596 646 propterea
618 567 701 646 quod
723 585 761 631 ex
784 566 902 630 notione
914 565 1091 646 gignuntur,
1114 584 1176 646 qua
1198 565 1276 629 nihil
1300 564 1393 630 estin

331 667 454 732 homine
475 667 616 732 divinius.
630 693 635 701 ·
649 667 771 733 Etenim
794 667 929 732 omnium
951 685 1065 746 rerum,
1087 685 1165 748 ques
1183 677 1215 732 et
1235 677 1326 732 creet
1347 685 1393 732 ne·

331 777 403 834 turo
424 776 456 834 et
476 775 594 848 tuetur,
628 788 708 850 quae
735 779 790 834 aut
817 770 883 834 sine
910 769 1011 834 animo
1040 777 1113 833 suut
1141 777 1197 834 aut
1217 789 1283 832 oon
1306 769 1393 834 multo

331 889 429 950 secus,
451 889 557 936 earum
579 890 732 936 summum
754 873 867 936 bonum
889 872 1064 953 incorpore
1087 879 1148 950 est3
1171 881 1279 936 utnon
1293 871 1393 935 inscite

292 977 313 1041 5
330 973 405 1038 illud
427 973 542 1038 dictum
563 973 705 1038 videatur
725 975 757 1038 in
781 993 845 1053 sue,
866 973 1002 1038 animum
1022 973 1066 1038 illi
1088 973 1199 1053 pecudi
1221 973 1331 1037 datum
1343 990 1392 1054 pro

361 1211 363 1216 Α
399 1149 420 1194 2.
440 1144 550 1193 cocenim
569 1144 765 1208 [pmeteoriolC
805 1149 828 1192 3.
847 1152 923 1194 tuetur
940 1143 1028 1194 oml'
1080 1143 1126 1192 sint
1144 1159 1238 1202 omues,
1257 1143 1301 1194 Or.
1354 1160 1393 1190 aon

330 1229 378 1265 om.
398 1228 485 1262 omues
547 1219 568 1260 4.
588 1229 666 1262 eornm
684 1227 769 1263 omues
838 1212 983 1262 conducite
1004 1239 1030 1248 -
1050 1212 1176 1276 persecet
1193 1213 1292 1263 Nouius
1310 1228 1333 1276 p.
1353 1215 1389 1258 lfil

292 1351 298 1368 ι
331 1288 352 1330 5.
372 1281 476 1332 animam
495 1309 525 1318 —
544 1281 626 1332 wem
644 1281 687 1332 Or.
1230 1292 1234 1300 ’

416 1475 486 1530 qrme
507 1465 554 1512 aot
575 1458 631 1514 sine
652 1459 739 1512 naimo
761 1450 836 1535 sont)
879 1455 914 1511 In
937 1464 1040 1530 operta
1068 1455 1123 1512 hae
1149 1454 1265 1531 generis
1299 1453 1392 1511 defini·

332 1541 411 1598 tione
434 1542 515 1616 (nom
538 1540 756 1616 distingvnntur
777 1539 897 1598 arbores
920 1539 1085 1616 stirpesque
1108 1549 1137 1596 et
1158 1540 1269 1598 bestiae
1292 1541 1329 1596 ab
1345 1539 1391 1594 ho·

334 1627 420 1696 mine,
443 1627 473 1682 in
496 1645 554 1700 quo
577 1645 690 1684 summa
711 1626 801 1682 animi
824 1623 892 1701 est),
915 1643 980 1682 cum
1003 1624 1085 1681 nullo
1106 1625 1289 1682 extrinsecus
1311 1641 1391 1681 causa

332 1711 410 1768 modi
433 1711 563 1768 mutandi
575 1711 735 1784 accederet,
759 1711 976 1768 coniunctivum
989 1709 1068 1788 (siut)
1091 1709 1242 1767 ferendum
1254 1729 1312 1767 non
1323 1727 1389 1766 esse

330 1807 409 1854 recte
421 1797 574 1854 Ernestius
590 1796 739 1854 iudicavit.
773 1795 880 1873 (Gzius
897 1815 966 1870 qaae
982 1797 1047 1852 vult
1068 1813 1132 1852 esse
1155 1799 1213 1853 licet
1228 1815 1282 1866 eae,
1305 1795 1390 1870 quasi,

330 1886 435 1939 etiamsi
442 1882 583 1956 ¹animum
606 1901 664 1940 uon
686 1883 823 1954 habeant,
846 1882 983 1938 loommin
1006 1882 1104 1939 animo
1127 1899 1272 1938 summum
1290 1881 1389 1937 bouum

222 2013 226 2018 .
330 1986 389 2025 non
411 1966 567 2046 hobeenti)
588 1968 667 2025 Illud
689 1967 810 2026 dubium
832 1977 885 2038 est,
908 1967 1074 2042 potueritne
1096 1966 1211 2036 Cicero,
1233 1984 1297 2023 cum
1319 1983 1389 2022 eom·

332 2072 418 2110 mune
440 2073 529 2110 reram
550 2071 656 2110 nornen
678 2053 837 2128 posuisset,
872 2053 996 2110 transire
1025 2053 1054 2108 io
1082 2051 1311 2109 demonstrativo
1330 2069 1388 2107 sen-

331 2138 424 2195 tentia
445 2139 483 2194 ad
506 2147 641 2195 neutrum
664 2146 755 2214 genus
778 2138 973 2214 pronominis3
996 2157 1063 2194 nam
1086 2138 1115 2194 in
1128 2137 1228 2194 codice
1240 2137 1388 2212 archetypo

331 2223 422 2281 fuisse
434 2243 531 2290 emmor,
549 2225 706 2281 ostendunt
717 2225 804 2280 etiam
818 2221 884 2302 [B,]
897 2223 1012 2280 codices
1024 2223 1102 2280 Oxx.
1116 2217 1204 2301 (Εξχ)
1216 2233 1245 2278 et
1256 2221 1388 2278 editiones

331 2318 445 2366 veteres
468 2307 571 2386 (Crat,
595 2309 699 2384 Mam),
722 2309 777 2366 etsi
800 2310 837 2366 de
858 2309 983 2366 allorum
1006 2309 1156 2366 codicibus
1169 2316 1289 2364 tacetur.
1315 2305 1386 2364 Fieri

331 2403 437 2470 potest,
460 2403 493 2451 ut
514 2403 648 2452 neutrum
671 2395 812 2471 posuerit,
835 2405 983 2470 tamquam
1007 2394 1031 2451 si
1054 2394 1109 2450 hac
1119 2393 1216 2451 forma
1227 2411 1294 2450 usus
1306 2401 1387 2448 esset:

332 2500 366 2536 eor
387 2481 465 2537 rebus
487 2500 505 2537 a
526 2491 625 2538 uotrtro
646 2483 743 2538 crectis
765 2484 852 2537 omnio
874 2501 913 2536 ea
927 2487 996 2548 cet,
1020 2499 1078 2536 non
1101 2480 1171 2536 hec:
1204 2498 1291 2536 omncs
1316 2493 1389 2532 mco

333 2575 431 2622 notura
452 2575 571 2637 creatae,
599 2585 668 2640 quoa
690 2575 744 2622 cet
784 2566 819 2622 In
843 2565 942 2623 codice
965 2566 1124 2641 archetypo
1148 2565 1287 2622 omissum
1308 2561 1389 2618 luisee

333 2671 384 2707 aon
395 2659 463 2707 ente
475 2653 564 2721 aruba
577 2651 734 2708 ostendunt
746 2648 801 2728 [B]
814 2659 844 2708 et
854 2651 930 2708 Poll.
943 2649 1074 2728 (praeter
1088 2647 1120 2730 6)
1143 2659 1174 2706 et
1185 2649 1264 2708 ΟΠ.
1275 2647 1391 2726 (ΕΠχψ)

333 2745 362 2792 et
384 2736 526 2793 editiones
548 2745 663 2794 veteres
686 2729 790 2813 (Crat,
814 2735 921 2812 Vici.);
944 2736 1057 2792 eddidit
1079 2735 1177 2793 Aldus
1199 2735 1348 2792 Manutius.

419 2823 519 2878 dictum
533 2820 669 2900 uideatur)
691 2841 709 2878 a
720 2821 896 2898 Chrysippo,
917 2822 942 2878 si
954 2821 1089 2879 Ciceroni
1112 2821 1259 2878 credimus
1270 2821 1304 2877 de
1315 2816 1349 2875 n‘.
1355 2816 1390 2872 D.

334 2908 464 2977 11,1co;
487 2906 595 2965 Stoicis
617 2907 792 2981 quibusdam
815 2907 919 2964 tribuit
940 2907 1116 2963 Plutarchus
1139 2906 1168 2962 iu
1182 2905 1313 2979 Quaestt
1323 2901 1391 2962 Con-

333 2992 422 3048 vivel.
444 2993 482 3063 V,
511 2993 557 3064 10,
582 2993 600 3048 3
622 3012 650 3068 p.
676 2995 736 3050 685
755 2991 794 3064 C,
829 2992 965 3052 Cleanthi
989 2991 1081 3052 Clem.
1104 2992 1194 3048 Alex.
1218 2986 1390 3051 StrumVlI

333 3098 361 3154 p.
386 3075 551 3154 30418ylb.

417 3166 534 3220 animum
557 3196 596 3206 -
620 3163 726 3238 datum)
750 3163 911 3220 Lambinus
932 3166 1049 3218 animam
1061 3164 1162 3219 dolam.
1186 3173 1217 3218 et
1234 3160 1321 3218 secuti
1333 3163 1389 3215 sunl

334 3258 402 3324 post
423 3247 583 3306 Gruterum
606 3247 668 3306 fere
690 3249 882 3318 recentiorem
907 3247 999 3319 Gzius
1022 3247 1067 3326 (et
1078 3243 1144 3326 Or.)
1167 3247 1389 3316 eNoniosump·

334 3343 395 3390 turn
418 3345 531 3404 narret,
565 3335 702 3408 quodne
725 3334 789 3408 quis
817 3334 962 3394 crederet,
995 3333 1059 3408 ipse
1087 3332 1249 3390 Lambinus
1277 3335 1388 3388 caveret

333 3420 402 3477 Non
425 3419 618 3494 spernendam
640 3417 731 3475 firisse
754 3419 938 3476 coniunctam
961 3419 1093 3476 codicum
1116 3427 1146 3474 et
1162 3417 1255 3474 Nonii
1278 3411 1387 3473 auctori·

334 3513 434 3575 tatem,
457 3505 598 3562 Davisius
620 3503 779 3564 intellexit.
802 3523 979 3578 quamquam
992 3523 1050 3562 nou
1064 3503 1135 3560 setis
1146 3503 1295 3560 subtiliter
1305 3501 1388 3574 dispu·

333 3590 416 3646 tavit.
460 3589 535 3648 Cum
563 3589 640 3646 enirn
668 3589 697 3646 in
721 3589 837 3648 Graeco
866 3590 944 3646 dicto
972 3577 1054 3665 ψυχή
1076 3588 1292 3659 nominaretur,
1323 3593 1388 3642 recte

334 3675 433 3732 Latini
455 3675 627 3750 plerumque
649 3674 678 3731 in
692 3693 726 3731 co
738 3675 887 3732 reddendo
898 3678 1014 3731 mmmmm
1027 3674 1226 3743 nominarunt,
1251 3673 1304 3730 hoc
1315 3666 1389 3745 rigni·

334 3759 470 3831 ficantes,
499 3779 580 3818 suem
603 3761 640 3817 ab
662 3760 857 3818 inanimorum
880 3779 987 3837 genere
1010 3769 1175 3835 separatam
1200 3770 1231 3816 et
1252 3759 1282 3816 in
1304 3769 1388 3814 eorum

333 3846 470 3921 positam,
493 3864 568 3920 quae
590 3846 725 3903 viverent
746 3855 775 3902 et
796 3846 924 3902 enimam
946 3846 1095 3914 ducerent,
1118 3853 1150 3901 ut
1172 3845 1236 3919 ipse
1249 3844 1346 3903 Cicero
1360 3837 1388 3892 de

334 3931 372 3988 N.
384 3932 432 4001 1),
445 3933 541 3989 Varro
554 3931 589 3988 de
602 3933 636 3989 R.
649 3933 684 3988 R.
697 3931 738 4002 II,
753 3934 782 4002 4,
798 3934 845 4002 10,
857 3932 974 3989 Plinius
996 3932 1034 3988 Il.
1046 3931 1084 3988 N.
1102 3931 1190 3999 VIII,
1205 3931 1276 3987 207.
1304 3925 1357 3987 Sed
1364 3922 1388 3978 1'11

334 4016 389 4072 hec
406 4016 613 4092 disputatione,
635 4035 702 4074 cum
724 4017 759 4073 de
777 4017 866 4074 animi
884 4027 914 4074 et
930 4016 1062 4092 corporis
1073 4015 1242 4073 discrimine
1259 4025 1286 4072 et
1297 4010 1389 4070 umm-

335 4119 392 4175 que
415 4101 499 4160 bonis
521 4111 633 4178 agatur,
657 4120 780 4177 cumque
803 4103 996 4178 significatum
1020 4102 1072 4172 sit,
1101 4100 1245 4176 quaedam
1269 4093 1389 4156 animalia

335 4205 394 4244 non
416 4187 541 4245 multum
562 4187 674 4259 abesse,
699 4188 769 4261 quin
792 4189 855 4245 siue
874 4188 972 4246 animo
985 4188 1044 4244 sint
1065 4187 1117 4258 (ex
1129 4205 1187 4260 quo
1200 4195 1296 4242 tomen
1308 4177 1388 4239 simul.

336 4289 372 4328 eo
393 4272 521 4330 animum
544 4273 667 4344 habere,
691 4272 899 4348 significatur),
933 4273 1099 4330 necessario
1125 4275 1232 4328 ominus
1261 4269 1341 4328 etiam
1365 4264 1388 4318 in

335 4374 388 4414 sue
409 4358 585 4430 nominatur,
608 4369 788 4436 negeturque
807 4359 893 4416 huius
915 4358 1037 4434 pecudis
1049 4359 1157 4415 bonum
1180 4357 1211 4414 iu
1233 4360 1317 4414 cuano
1336 4365 1388 4408 eost
