<?xml version="1.0" encoding="UTF-8"?>
<!DOCTYPE html PUBLIC "-//W3C//DTD XHTML 1.0 Transitional//EN"
    "http://www.w3.org/TR/xhtml1/DTD/xhtml1-transitional.dtd">
<html xmlns="http://www.w3.org/1999/xhtml" xml:lang="en" lang="en">
 <head>
  <title>
</title>
<meta http-equiv="Content-Type" content="text/html;charset=utf-8" />
  <meta name='ocr-system' content='tesseract 3.04.00' />
  <meta name='ocr-capabilities' content='ocr_page ocr_carea ocr_par ocr_line ocrx_word'/>
</head>
<body>
  <div class='ocr_page' id='page_1' title='image "./definibusbonoru04cicegoog_0639.png"; bbox 0 0 3000 5044; ppageno 0'>
   <div class='ocr_carea' id='block_1_1' title="bbox 349 395 1168 482">
    <p class='ocr_par' dir='ltr' id='par_1_1' title="bbox 349 395 1168 482">
     <span class='ocr_line' id='line_1_1' title="bbox 349 395 1168 482; baseline 0 -22"><span class='ocrx_word' id='word_1_1' title='bbox 349 413 850 482; x_wconf 25' lang='lat' dir='ltr'>&#39;mmmmmm</span> <span class='ocrx_word' id='word_1_2' title='bbox 1105 395 1168 460; x_wconf 54' lang='lat' dir='ltr'><em>w</em></span> 
     </span>
    </p>
   </div>
   <div class='ocr_carea' id='block_1_2' title="bbox 93 582 1175 870">
    <p class='ocr_par' dir='ltr' id='par_1_2' title="bbox 93 582 1175 870">
     <span class='ocr_line' id='line_1_2' title="bbox 94 582 1175 664; baseline 0 -17"><span class='ocrx_word' id='word_1_3' title='bbox 94 583 220 664; x_wconf 90' lang='lat' dir='ltr'>terique</span> <span class='ocrx_word' id='word_1_4' title='bbox 243 583 358 663; x_wconf 79' lang='lat' dir='ltr'>coepit,</span> <span class='ocrx_word' id='word_1_5' title='bbox 392 583 540 663; x_wconf 79' lang='lat' dir='ltr'>sapienti,</span> <span class='ocrx_word' id='word_1_6' title='bbox 563 582 620 646; x_wconf 92' lang='lat' dir='ltr'>hoc</span> <span class='ocrx_word' id='word_1_7' title='bbox 648 591 704 660; x_wconf 83' lang='lat' dir='ltr'>est,</span> <span class='ocrx_word' id='word_1_8' title='bbox 727 601 846 645; x_wconf 89' lang='lat' dir='ltr'>summe</span> <span class='ocrx_word' id='word_1_9' title='bbox 874 583 963 646; x_wconf 88' lang='lat' dir='ltr'>beato</span> <span class='ocrx_word' id='word_1_10' title='bbox 986 584 1175 648; x_wconf 84' lang='lat' dir='ltr'>commodius</span> 
     </span>
     <span class='ocr_line' id='line_1_3' title="bbox 93 685 1174 766; baseline -0.001 -16"><span class='ocrx_word' id='word_1_11' title='bbox 93 695 200 750; x_wconf 82' lang='lat' dir='ltr'>tanen</span> <span class='ocrx_word' id='word_1_12' title='bbox 224 704 302 762; x_wconf 79' lang='lat' dir='ltr'>esse,</span> <span class='ocrx_word' id='word_1_13' title='bbox 326 685 352 748; x_wconf 85' lang='lat' dir='ltr'>si</span> <span class='ocrx_word' id='word_1_14' title='bbox 375 703 557 766; x_wconf 84' lang='lat' dir='ltr'>aequoque</span> <span class='ocrx_word' id='word_1_15' title='bbox 580 685 701 762; x_wconf 74' lang='lat' dir='ltr'>habeat,</span> <span class='ocrx_word' id='word_1_16' title='bbox 725 702 805 764; x_wconf 87' lang='lat' dir='ltr'>quae</span> <span class='ocrx_word' id='word_1_17' title='bbox 826 685 908 749; x_wconf 88' lang='lat' dir='ltr'>bona</span> <span class='ocrx_word' id='word_1_18' title='bbox 928 705 988 749; x_wconf 90' lang='lat' dir='ltr'>non</span> <span class='ocrx_word' id='word_1_19' title='bbox 1000 687 1095 750; x_wconf 88' lang='lat' dir='ltr'>audet</span> <span class='ocrx_word' id='word_1_20' title='bbox 1117 705 1174 766; x_wconf 89' lang='lat' dir='ltr'>ap-</span> 
     </span>
     <span class='ocr_line' id='line_1_4' title="bbox 93 787 1174 870; baseline -0.002 -18"><span class='ocrx_word' id='word_1_21' title='bbox 93 787 224 870; x_wconf 79' lang='lat' dir='ltr'>pellare,</span> <span class='ocrx_word' id='word_1_22' title='bbox 247 794 379 852; x_wconf 89' lang='lat' dir='ltr'>naturae</span> <span class='ocrx_word' id='word_1_23' title='bbox 400 788 633 851; x_wconf 87' lang='lat' dir='ltr'>accommodata</span> <span class='ocrx_word' id='word_1_24' title='bbox 655 805 724 850; x_wconf 87' lang='lat' dir='ltr'>esse</span> <span class='ocrx_word' id='word_1_25' title='bbox 752 788 901 866; x_wconf 72' lang='lat' dir='ltr'>concedit</span> <span class='ocrx_word' id='word_1_26' title='bbox 924 793 1079 868; x_wconf 74' lang='lat' dir='ltr'>negatque</span> <span class='ocrx_word' id='word_1_27' title='bbox 1102 787 1174 851; x_wconf 89' lang='lat' dir='ltr'>Pla-</span> 
     </span>
    </p>
   </div>
   <div class='ocr_carea' id='block_1_3' title="bbox 93 973 1174 1108">
    <p class='ocr_par' dir='ltr' id='par_1_3' title="bbox 93 973 1174 1108">
     <span class='ocr_line' id='line_1_5' title="bbox 170 973 1174 1041; baseline 0.002 -18"><span class='ocrx_word' id='word_1_28' title='bbox 170 981 191 1023; x_wconf 85' lang='lat'>1.</span> <span class='ocrx_word' id='word_1_29' title='bbox 212 975 238 1024; x_wconf 84' lang='lat' dir='ltr'>id</span> <span class='ocrx_word' id='word_1_30' title='bbox 254 985 288 1024; x_wconf 86' lang='grc' dir='ltr'>εει</span> <span class='ocrx_word' id='word_1_31' title='bbox 306 977 330 1024; x_wconf 87' lang='lat' dir='ltr'>R</span> <span class='ocrx_word' id='word_1_32' title='bbox 363 993 452 1024; x_wconf 75' lang='lat' dir='ltr'>mmnro</span> <span class='ocrx_word' id='word_1_33' title='bbox 472 975 492 1024; x_wconf 88' lang='lat' dir='ltr'>P</span> <span class='ocrx_word' id='word_1_34' title='bbox 537 981 558 1022; x_wconf 88' lang='grc'>3.</span> <span class='ocrx_word' id='word_1_35' title='bbox 577 983 667 1024; x_wconf 83' lang='lat' dir='ltr'>natura</span> <span class='ocrx_word' id='word_1_36' title='bbox 685 991 714 1023; x_wconf 85' lang='lat' dir='ltr'>ea</span> <span class='ocrx_word' id='word_1_37' title='bbox 732 973 875 1024; x_wconf 71' lang='lat' dir='ltr'>caerimoniam</span> <span class='ocrx_word' id='word_1_38' title='bbox 894 976 916 1024; x_wconf 87' lang='lat' dir='ltr'>E</span> <span class='ocrx_word' id='word_1_39' title='bbox 935 983 1023 1025; x_wconf 84' lang='lat' dir='ltr'>notura</span> <span class='ocrx_word' id='word_1_40' title='bbox 1041 976 1095 1041; x_wconf 81' lang='lat' dir='ltr'>ipsa</span> <span class='ocrx_word' id='word_1_41' title='bbox 1113 993 1174 1025; x_wconf 88' lang='lat' dir='ltr'>com·</span> 
     </span>
     <span class='ocr_line' id='line_1_6' title="bbox 93 1043 741 1108; baseline 0.002 -16"><span class='ocrx_word' id='word_1_42' title='bbox 93 1043 196 1094; x_wconf 82' lang='lat' dir='ltr'>raodata</span> <span class='ocrx_word' id='word_1_43' title='bbox 215 1045 323 1093; x_wconf 64' lang='lat' dir='ltr'>Ll&#39;iiOr.</span> <span class='ocrx_word' id='word_1_44' title='bbox 345 1054 433 1094; x_wconf 85' lang='lat' dir='ltr'>natura</span> <span class='ocrx_word' id='word_1_45' title='bbox 452 1043 506 1108; x_wconf 78' lang='grc' dir='ltr'><strong>ἰρεα</strong></span> <span class='ocrx_word' id='word_1_46' title='bbox 523 1043 702 1093; x_wconf 76' lang='lat' dir='ltr'>accoiomcrlata</span> <span class='ocrx_word' id='word_1_47' title='bbox 721 1045 741 1093; x_wconf 91' lang='lat' dir='ltr'>C</span> 
     </span>
    </p>
   </div>
   <div class='ocr_carea' id='block_1_4' title="bbox 44 1218 1177 4467">
    <p class='ocr_par' dir='ltr' id='par_1_4' title="bbox 44 1218 1177 4122">
     <span class='ocr_line' id='line_1_7' title="bbox 94 1218 1175 1293; baseline -0.002 -16"><span class='ocrx_word' id='word_1_48' title='bbox 94 1222 159 1278; x_wconf 90' lang='lat' dir='ltr'>Pro</span> <span class='ocrx_word' id='word_1_49' title='bbox 171 1218 257 1275; x_wconf 86' lang='lat' dir='ltr'>Font.</span> <span class='ocrx_word' id='word_1_50' title='bbox 275 1220 327 1274; x_wconf 94' lang='lat'>14:</span> <span class='ocrx_word' id='word_1_51' title='bbox 351 1239 383 1274; x_wconf 81' lang='lat' dir='ltr'>cr</span> <span class='ocrx_word' id='word_1_52' title='bbox 407 1219 480 1289; x_wconf 72' lang='lat' dir='ltr'>bello,</span> <span class='ocrx_word' id='word_1_53' title='bbox 505 1220 585 1275; x_wconf 86' lang='lat' dir='ltr'>coede</span> <span class='ocrx_word' id='word_1_54' title='bbox 597 1229 621 1274; x_wconf 86' lang='lat' dir='ltr'>et</span> <span class='ocrx_word' id='word_1_55' title='bbox 628 1221 715 1293; x_wconf 60' lang='lat' dir='ltr'>supra</span> <span class='ocrx_word' id='word_1_56' title='bbox 740 1218 844 1275; x_wconf 90' lang='lat' dir='ltr'>vitiose</span> <span class='ocrx_word' id='word_1_57' title='bbox 857 1219 961 1289; x_wconf 72' lang='lat' dir='ltr'>bellum,</span> <span class='ocrx_word' id='word_1_58' title='bbox 985 1219 1015 1275; x_wconf 91' lang='lat' dir='ltr'>in</span> <span class='ocrx_word' id='word_1_59' title='bbox 1028 1237 1086 1292; x_wconf 91' lang='lat' dir='ltr'>quo</span> <span class='ocrx_word' id='word_1_60' title='bbox 1101 1219 1175 1276; x_wconf 90' lang='lat' dir='ltr'>nihil</span> 
     </span>
     <span class='ocr_line' id='line_1_8' title="bbox 95 1295 1174 1379; baseline -0.002 -17"><span class='ocrx_word' id='word_1_61' title='bbox 95 1313 143 1362; x_wconf 86' lang='lat' dir='ltr'>cst</span> <span class='ocrx_word' id='word_1_62' title='bbox 166 1303 307 1360; x_wconf 87' lang='lat' dir='ltr'>contrarii</span> <span class='ocrx_word' id='word_1_63' title='bbox 331 1304 367 1373; x_wconf 78' lang='lat' dir='ltr'>ei,</span> <span class='ocrx_word' id='word_1_64' title='bbox 378 1295 380 1298; x_wconf 38' lang='lat'>¹</span> <span class='ocrx_word' id='word_1_65' title='bbox 391 1305 469 1378; x_wconf 91' lang='lat' dir='ltr'>quod</span> <span class='ocrx_word' id='word_1_66' title='bbox 493 1304 624 1361; x_wconf 81' lang='lat' dir='ltr'>additur:</span> <span class='ocrx_word' id='word_1_67' title='bbox 648 1324 716 1360; x_wconf 78' lang='lat' dir='ltr'>rrerrrc</span> <span class='ocrx_word' id='word_1_68' title='bbox 723 1307 843 1379; x_wconf 81' lang='lat' dir='ltr'>pm&#39;rnum</span> <span class='ocrx_word' id='word_1_69' title='bbox 860 1307 960 1360; x_wconf 75' lang='lat' dir='ltr'>caedent</span> <span class='ocrx_word' id='word_1_70' title='bbox 971 1338 1011 1345; x_wconf 93' lang='lat'>—</span> <span class='ocrx_word' id='word_1_71' title='bbox 1024 1307 1174 1376; x_wconf 76' lang='lat' dir='ltr'>consistere,</span> 
     </span>
     <span class='ocr_line' id='line_1_9' title="bbox 95 1390 1175 1466; baseline -0.001 -18"><span class='ocrx_word' id='word_1_72' title='bbox 95 1391 289 1466; x_wconf 85' lang='lat' dir='ltr'>coniungitur</span> <span class='ocrx_word' id='word_1_73' title='bbox 311 1408 375 1446; x_wconf 89' lang='lat' dir='ltr'>cum</span> <span class='ocrx_word' id='word_1_74' title='bbox 399 1392 480 1446; x_wconf 86' lang='lat' dir='ltr'>caede</span> <span class='ocrx_word' id='word_1_75' title='bbox 504 1401 528 1447; x_wconf 87' lang='lat' dir='ltr'>et</span> <span class='ocrx_word' id='word_1_76' title='bbox 543 1393 625 1464; x_wconf 71' lang='lat' dir='ltr'>supa.</span> <span class='ocrx_word' id='word_1_77' title='bbox 649 1409 724 1466; x_wconf 90' lang='lat' dir='ltr'>quae</span> <span class='ocrx_word' id='word_1_78' title='bbox 748 1390 924 1465; x_wconf 77' lang='lat' dir='ltr'>significant,</span> <span class='ocrx_word' id='word_1_79' title='bbox 948 1401 1035 1463; x_wconf 81' lang='lat' dir='ltr'>antea</span> <span class='ocrx_word' id='word_1_80' title='bbox 1052 1408 1175 1465; x_wconf 89' lang='lat' dir='ltr'>nonpo-</span> 
     </span>
     <span class='ocr_line' id='line_1_10' title="bbox 94 1475 1176 1551; baseline -0.001 -18"><span class='ocrx_word' id='word_1_81' title='bbox 94 1477 190 1534; x_wconf 86' lang='lat' dir='ltr'>tuissc</span> <span class='ocrx_word' id='word_1_82' title='bbox 213 1475 381 1532; x_wconf 82' lang='lat' dir='ltr'>consistere.</span> <span class='ocrx_word' id='word_1_83' title='bbox 427 1477 492 1532; x_wconf 81' lang='lat' dir='ltr'>Aut</span> <span class='ocrx_word' id='word_1_84' title='bbox 519 1477 584 1533; x_wconf 74' lang='lat' dir='ltr'>beta&gt;</span> <span class='ocrx_word' id='word_1_85' title='bbox 606 1477 766 1551; x_wconf 80' lang='lat' dir='ltr'>ascriptum</span> <span class='ocrx_word' id='word_1_86' title='bbox 789 1486 835 1532; x_wconf 97' lang='grc' dir='ltr'>εει</span> <span class='ocrx_word' id='word_1_87' title='bbox 856 1495 874 1532; x_wconf 88' lang='lat' dir='ltr'>a</span> <span class='ocrx_word' id='word_1_88' title='bbox 901 1476 1037 1546; x_wconf 75' lang='lat' dir='ltr'>librario,</span> <span class='ocrx_word' id='word_1_89' title='bbox 1071 1485 1104 1532; x_wconf 91' lang='lat' dir='ltr'>ut</span> <span class='ocrx_word' id='word_1_90' title='bbox 1126 1477 1176 1532; x_wconf 85' lang='lat' dir='ltr'>de-</span> 
     </span>
     <span class='ocr_line' id='line_1_11' title="bbox 95 1561 1177 1637; baseline -0.001 -18"><span class='ocrx_word' id='word_1_91' title='bbox 95 1564 262 1619; x_wconf 87' lang='lat' dir='ltr'>clararetur</span> <span class='ocrx_word' id='word_1_92' title='bbox 273 1561 371 1618; x_wconf 90' lang='lat' dir='ltr'>caedis</span> <span class='ocrx_word' id='word_1_93' title='bbox 383 1571 413 1618; x_wconf 89' lang='lat' dir='ltr'>et</span> <span class='ocrx_word' id='word_1_94' title='bbox 424 1561 512 1637; x_wconf 81' lang='lat' dir='ltr'>fugae</span> <span class='ocrx_word' id='word_1_95' title='bbox 535 1562 654 1632; x_wconf 83' lang='lat' dir='ltr'>mentia,</span> <span class='ocrx_word' id='word_1_96' title='bbox 678 1570 730 1618; x_wconf 86' lang='lat' dir='ltr'>aut</span> <span class='ocrx_word' id='word_1_97' title='bbox 751 1561 953 1618; x_wconf 87' lang='lat' dir='ltr'>scribendum:</span> <span class='ocrx_word' id='word_1_98' title='bbox 975 1583 1008 1618; x_wconf 79' lang='lat' dir='ltr'>aa</span> <span class='ocrx_word' id='word_1_99' title='bbox 1025 1563 1087 1618; x_wconf 84' lang='lat' dir='ltr'>belli</span> <span class='ocrx_word' id='word_1_100' title='bbox 1095 1563 1177 1618; x_wconf 85' lang='lat' dir='ltr'>caede</span> 
     </span>
     <span class='ocr_line' id='line_1_12' title="bbox 93 1647 1174 1721; baseline -0.001 -17"><span class='ocrx_word' id='word_1_101' title='bbox 93 1661 119 1704; x_wconf 88' lang='lat' dir='ltr'>et</span> <span class='ocrx_word' id='word_1_102' title='bbox 141 1650 225 1721; x_wconf 77' lang='lat' dir='ltr'>supa</span> <span class='ocrx_word' id='word_1_103' title='bbox 259 1648 294 1704; x_wconf 91' lang='lat' dir='ltr'>In</span> <span class='ocrx_word' id='word_1_104' title='bbox 322 1647 423 1704; x_wconf 85' lang='lat' dir='ltr'>Pison.</span> <span class='ocrx_word' id='word_1_105' title='bbox 447 1648 501 1704; x_wconf 85' lang='lat'>89:</span> <span class='ocrx_word' id='word_1_106' title='bbox 535 1667 595 1704; x_wconf 76' lang='lat' dir='ltr'>ctam</span> <span class='ocrx_word' id='word_1_107' title='bbox 623 1648 769 1707; x_wconf 77' lang='lat' dir='ltr'>Autobulo.</span> <span class='ocrx_word' id='word_1_108' title='bbox 799 1648 961 1704; x_wconf 78' lang='lat' dir='ltr'>Athamante</span> <span class='ocrx_word' id='word_1_109' title='bbox 988 1657 1013 1704; x_wconf 90' lang='lat' dir='ltr'>et</span> <span class='ocrx_word' id='word_1_110' title='bbox 1046 1647 1174 1717; x_wconf 82' lang='lat' dir='ltr'>Timoclc3</span> 
     </span>
     <span class='ocr_line' id='line_1_13' title="bbox 94 1732 1174 1808; baseline -0.001 -18"><span class='ocrx_word' id='word_1_111' title='bbox 94 1733 206 1791; x_wconf 88' lang='lat' dir='ltr'>litteris</span> <span class='ocrx_word' id='word_1_112' title='bbox 228 1733 384 1808; x_wconf 80' lang='lat' dir='ltr'>geminat-is</span> <span class='ocrx_word' id='word_1_113' title='bbox 407 1744 504 1789; x_wconf 88' lang='lat' dir='ltr'>ortum</span> <span class='ocrx_word' id='word_1_114' title='bbox 527 1743 572 1788; x_wconf 89' lang='lat' dir='ltr'>est</span> <span class='ocrx_word' id='word_1_115' title='bbox 594 1743 625 1788; x_wconf 91' lang='lat' dir='ltr'>et.</span> <span class='ocrx_word' id='word_1_116' title='bbox 661 1733 707 1789; x_wconf 88' lang='lat' dir='ltr'>De</span> <span class='ocrx_word' id='word_1_117' title='bbox 719 1732 757 1789; x_wconf 88' lang='lat' dir='ltr'>N.</span> <span class='ocrx_word' id='word_1_118' title='bbox 769 1733 808 1790; x_wconf 93' lang='lat' dir='ltr'>D.</span> <span class='ocrx_word' id='word_1_119' title='bbox 820 1733 845 1803; x_wconf 88' lang='grc' dir='ltr'>Ι,</span> <span class='ocrx_word' id='word_1_120' title='bbox 860 1733 914 1789; x_wconf 80' lang='lat'>55:</span> <span class='ocrx_word' id='word_1_121' title='bbox 938 1735 1103 1808; x_wconf 67' lang='grc' dir='ltr'><strong>ὴανιιερίεεε,</strong></span> <span class='ocrx_word' id='word_1_122' title='bbox 1126 1753 1174 1789; x_wconf 86' lang='lat' dir='ltr'>ou-</span> 
     </span>
     <span class='ocr_line' id='line_1_14' title="bbox 92 1817 1175 1897; baseline 0 -23"><span class='ocrx_word' id='word_1_123' title='bbox 92 1839 187 1893; x_wconf 63' lang='lat' dir='ltr'>antes,</span> <span class='ocrx_word' id='word_1_124' title='bbox 212 1820 323 1888; x_wconf 65' lang='lat' dir='ltr'>bartoli,</span> <span class='ocrx_word' id='word_1_125' title='bbox 346 1827 420 1875; x_wconf 86' lang='lat' dir='ltr'>cotes</span> <span class='ocrx_word' id='word_1_126' title='bbox 443 1828 467 1874; x_wconf 89' lang='lat' dir='ltr'>et</span> <span class='ocrx_word' id='word_1_127' title='bbox 489 1823 659 1888; x_wconf 63' lang='lat' dir='ltr'>conlatorem</span> <span class='ocrx_word' id='word_1_128' title='bbox 693 1819 809 1875; x_wconf 87' lang='lat' dir='ltr'>codices</span> <span class='ocrx_word' id='word_1_129' title='bbox 831 1837 889 1875; x_wconf 89' lang='lat' dir='ltr'>non</span> <span class='ocrx_word' id='word_1_130' title='bbox 912 1819 1022 1875; x_wconf 86' lang='lat' dir='ltr'>habeut</span> <span class='ocrx_word' id='word_1_131' title='bbox 1049 1829 1081 1874; x_wconf 87' lang='lat' dir='ltr'>et.</span> <span class='ocrx_word' id='word_1_132' title='bbox 1126 1817 1175 1897; x_wconf 85' lang='lat' dir='ltr'>(In</span> 
     </span>
     <span class='ocr_line' id='line_1_15' title="bbox 96 1903 1173 1979; baseline -0.002 -17"><span class='ocrx_word' id='word_1_133' title='bbox 96 1905 202 1962; x_wconf 87' lang='lat' dir='ltr'>eodem</span> <span class='ocrx_word' id='word_1_134' title='bbox 226 1903 302 1960; x_wconf 88' lang='lat' dir='ltr'>libro</span> <span class='ocrx_word' id='word_1_135' title='bbox 325 1907 339 1974; x_wconf 66' lang='grc' dir='ltr'>ξ</span> <span class='ocrx_word' id='word_1_136' title='bbox 364 1903 404 1960; x_wconf 83' lang='grc'>54</span> <span class='ocrx_word' id='word_1_137' title='bbox 428 1913 457 1960; x_wconf 83' lang='grc' dir='ltr'><strong>ει</strong></span> <span class='ocrx_word' id='word_1_138' title='bbox 480 1905 518 1960; x_wconf 81' lang='lat'>59</span> <span class='ocrx_word' id='word_1_139' title='bbox 542 1904 732 1961; x_wconf 84' lang='lat' dir='ltr'>Heindorfius</span> <span class='ocrx_word' id='word_1_140' title='bbox 761 1915 786 1960; x_wconf 84' lang='lat' dir='ltr'>et</span> <span class='ocrx_word' id='word_1_141' title='bbox 814 1923 830 1960; x_wconf 88' lang='lat' dir='ltr'>e</span> <span class='ocrx_word' id='word_1_142' title='bbox 857 1904 993 1979; x_wconf 80' lang='lat' dir='ltr'>pessimis</span> <span class='ocrx_word' id='word_1_143' title='bbox 1023 1904 1173 1961; x_wconf 83' lang='lat' dir='ltr'>codicibus</span> 
     </span>
     <span class='ocr_line' id='line_1_16' title="bbox 94 1989 1176 2064; baseline 0.001 -18"><span class='ocrx_word' id='word_1_144' title='bbox 94 1989 248 2064; x_wconf 77' lang='lat' dir='ltr'>addebat.)</span> <span class='ocrx_word' id='word_1_145' title='bbox 294 1990 358 2046; x_wconf 90' lang='lat' dir='ltr'>Ibd.</span> <span class='ocrx_word' id='word_1_146' title='bbox 381 1990 438 2060; x_wconf 87' lang='grc' dir='ltr'>ΙΙΙ,</span> <span class='ocrx_word' id='word_1_147' title='bbox 464 1991 518 2046; x_wconf 79' lang='lat'>53:</span> <span class='ocrx_word' id='word_1_148' title='bbox 551 1991 635 2058; x_wconf 76' lang='lat' dir='ltr'>Alco,</span> <span class='ocrx_word' id='word_1_149' title='bbox 669 1992 823 2064; x_wconf 72' lang='lat' dir='ltr'>Melampus</span> <span class='ocrx_word' id='word_1_150' title='bbox 850 1999 875 2046; x_wconf 88' lang='lat' dir='ltr'>et</span> <span class='ocrx_word' id='word_1_151' title='bbox 908 1991 1030 2058; x_wconf 60' lang='lat' dir='ltr'>Tmolum</span> <span class='ocrx_word' id='word_1_152' title='bbox 1060 1990 1176 2047; x_wconf 90' lang='lat' dir='ltr'>codices</span> 
     </span>
     <span class='ocr_line' id='line_1_17' title="bbox 94 2075 1174 2151; baseline 0 -19"><span class='ocrx_word' id='word_1_153' title='bbox 94 2085 199 2151; x_wconf 88' lang='lat' dir='ltr'>aperte</span> <span class='ocrx_word' id='word_1_154' title='bbox 223 2075 345 2131; x_wconf 87' lang='lat' dir='ltr'>habent:</span> <span class='ocrx_word' id='word_1_155' title='bbox 380 2077 447 2132; x_wconf 78' lang='lat' dir='ltr'>Alco</span> <span class='ocrx_word' id='word_1_156' title='bbox 469 2087 494 2132; x_wconf 86' lang='lat' dir='ltr'>et</span> <span class='ocrx_word' id='word_1_157' title='bbox 516 2077 668 2150; x_wconf 67' lang='lat' dir='ltr'>rilelcmpas</span> <span class='ocrx_word' id='word_1_158' title='bbox 696 2085 721 2132; x_wconf 86' lang='lat' dir='ltr'>et</span> <span class='ocrx_word' id='word_1_159' title='bbox 753 2077 779 2132; x_wconf 87' lang='lat' dir='ltr'><strong><em>T</em></strong></span> <span class='ocrx_word' id='word_1_160' title='bbox 777 2077 874 2144; x_wconf 63' lang='lat' dir='ltr'>niolam</span> <span class='ocrx_word' id='word_1_161' title='bbox 907 2075 967 2132; x_wconf 90' lang='lat' dir='ltr'>ibd.</span> <span class='ocrx_word' id='word_1_162' title='bbox 991 2076 1046 2132; x_wconf 78' lang='lat'>54:</span> <span class='ocrx_word' id='word_1_163' title='bbox 1080 2077 1174 2150; x_wconf 79' lang='lat' dir='ltr'>Ialysi,</span> 
     </span>
     <span class='ocr_line' id='line_1_18' title="bbox 99 2159 1176 2238; baseline 0 -20"><span class='ocrx_word' id='word_1_164' title='bbox 99 2163 206 2218; x_wconf 73' lang='lat' dir='ltr'>(tamiri</span> <span class='ocrx_word' id='word_1_165' title='bbox 226 2171 250 2216; x_wconf 89' lang='lat' dir='ltr'>et</span> <span class='ocrx_word' id='word_1_166' title='bbox 264 2163 363 2230; x_wconf 50' lang='lat' dir='ltr'>Liada}</span> <span class='ocrx_word' id='word_1_167' title='bbox 386 2162 519 2218; x_wconf 91' lang='lat' dir='ltr'>inbonis</span> <span class='ocrx_word' id='word_1_168' title='bbox 537 2161 620 2218; x_wconf 88' lang='lat' dir='ltr'>codd.</span> <span class='ocrx_word' id='word_1_169' title='bbox 644 2160 741 2238; x_wconf 73' lang='grc' dir='ltr'>(ΑΒΘ</span> <span class='ocrx_word' id='word_1_170' title='bbox 753 2161 874 2231; x_wconf 72' lang='lat' dir='ltr'>Mosam,</span> <span class='ocrx_word' id='word_1_171' title='bbox 897 2159 978 2236; x_wconf 88' lang='lat' dir='ltr'>aliis)</span> <span class='ocrx_word' id='word_1_172' title='bbox 1001 2161 1113 2218; x_wconf 90' lang='lat' dir='ltr'>nullum</span> <span class='ocrx_word' id='word_1_173' title='bbox 1131 2171 1176 2218; x_wconf 89' lang='lat' dir='ltr'>cst</span> 
     </span>
     <span class='ocr_line' id='line_1_19' title="bbox 94 2246 1176 2321; baseline 0.002 -19"><span class='ocrx_word' id='word_1_174' title='bbox 94 2246 255 2321; x_wconf 83' lang='lat' dir='ltr'>vestigium</span> <span class='ocrx_word' id='word_1_175' title='bbox 279 2246 450 2321; x_wconf 81' lang='lat' dir='ltr'>particulae.</span> <span class='ocrx_word' id='word_1_176' title='bbox 484 2246 534 2303; x_wconf 84' lang='lat' dir='ltr'>Ad</span> <span class='ocrx_word' id='word_1_177' title='bbox 557 2247 692 2317; x_wconf 76' lang='lat' dir='ltr'>Arctet,</span> <span class='ocrx_word' id='word_1_178' title='bbox 712 2248 761 2317; x_wconf 84' lang='grc'>20,</span> <span class='ocrx_word' id='word_1_179' title='bbox 788 2249 821 2303; x_wconf 92' lang='lat'>1:</span> <span class='ocrx_word' id='word_1_180' title='bbox 844 2249 991 2318; x_wconf 62' lang='lat' dir='ltr'>dilrpentca</span> <span class='ocrx_word' id='word_1_181' title='bbox 1014 2249 1130 2320; x_wconf 79' lang='lat' dir='ltr'>officiose</span> <span class='ocrx_word' id='word_1_182' title='bbox 1151 2257 1176 2304; x_wconf 91' lang='lat' dir='ltr'>et</span> 
     </span>
     <span class='ocr_line' id='line_1_20' title="bbox 96 2331 1172 2403; baseline 0 -15"><span class='ocrx_word' id='word_1_183' title='bbox 96 2335 263 2402; x_wconf 59' lang='lat' dir='ltr'>inanimatam</span> <span class='ocrx_word' id='word_1_184' title='bbox 286 2333 316 2388; x_wconf 94' lang='lat' dir='ltr'>in</span> <span class='ocrx_word' id='word_1_185' title='bbox 340 2333 405 2388; x_wconf 90' lang='lat' dir='ltr'>edd.</span> <span class='ocrx_word' id='word_1_186' title='bbox 417 2335 541 2389; x_wconf 87' lang='lat' dir='ltr'>Ascens.</span> <span class='ocrx_word' id='word_1_187' title='bbox 560 2341 590 2388; x_wconf 91' lang='grc' dir='ltr'><strong>ει</strong></span> <span class='ocrx_word' id='word_1_188' title='bbox 601 2331 681 2391; x_wconf 84' lang='lat' dir='ltr'>Crat.</span> <span class='ocrx_word' id='word_1_189' title='bbox 705 2332 851 2388; x_wconf 88' lang='lat' dir='ltr'>omittitur</span> <span class='ocrx_word' id='word_1_190' title='bbox 862 2342 893 2388; x_wconf 89' lang='lat' dir='ltr'>et.</span> <span class='ocrx_word' id='word_1_191' title='bbox 923 2334 959 2391; x_wconf 92' lang='lat' dir='ltr'>In</span> <span class='ocrx_word' id='word_1_192' title='bbox 977 2333 1065 2389; x_wconf 85' lang='lat' dir='ltr'>Tusc.</span> <span class='ocrx_word' id='word_1_193' title='bbox 1082 2334 1120 2403; x_wconf 72' lang='lat' dir='ltr'>V,</span> <span class='ocrx_word' id='word_1_194' title='bbox 1134 2335 1172 2388; x_wconf 92' lang='lat'>41</span> 
     </span>
     <span class='ocr_line' id='line_1_21' title="bbox 44 2416 1175 2493; baseline 0 -19"><span class='ocrx_word' id='word_1_195' title='bbox 44 2473 51 2490; x_wconf 75' lang='grc'>,</span> <span class='ocrx_word' id='word_1_196' title='bbox 96 2416 197 2493; x_wconf 78' lang='lat' dir='ltr'>(tertam</span> <span class='ocrx_word' id='word_1_197' title='bbox 209 2437 274 2486; x_wconf 70' lang='lat' dir='ltr'>ease,</span> <span class='ocrx_word' id='word_1_198' title='bbox 286 2420 525 2492; x_wconf 73' lang='lat' dir='ltr'>irtarpuqncbilem,</span> <span class='ocrx_word' id='word_1_199' title='bbox 543 2428 665 2493; x_wconf 69' lang='lat' dir='ltr'>strepitum</span> <span class='ocrx_word' id='word_1_200' title='bbox 681 2428 763 2492; x_wconf 77' lang='lat' dir='ltr'>ctqrre</span> <span class='ocrx_word' id='word_1_201' title='bbox 780 2417 921 2492; x_wconf 81' lang='lat' dir='ltr'>munitum)</span> <span class='ocrx_word' id='word_1_202' title='bbox 941 2418 998 2475; x_wconf 90' lang='lat' dir='ltr'>duo</span> <span class='ocrx_word' id='word_1_203' title='bbox 1017 2427 1084 2474; x_wconf 74' lang='lat' dir='ltr'>siant</span> <span class='ocrx_word' id='word_1_204' title='bbox 1097 2419 1175 2476; x_wconf 92' lang='lat' dir='ltr'>ordi-</span> 
     </span>
     <span class='ocr_line' id='line_1_22' title="bbox 95 2503 1175 2581; baseline 0.001 -22"><span class='ocrx_word' id='word_1_205' title='bbox 95 2523 159 2574; x_wconf 80' lang='lat' dir='ltr'>nes,</span> <span class='ocrx_word' id='word_1_206' title='bbox 174 2504 418 2576; x_wconf 88' lang='lat' dir='ltr'>quemadmodum</span> <span class='ocrx_word' id='word_1_207' title='bbox 432 2504 462 2560; x_wconf 90' lang='lat' dir='ltr'>iu</span> <span class='ocrx_word' id='word_1_208' title='bbox 475 2504 520 2574; x_wconf 71' lang='lat' dir='ltr'>iis,</span> <span class='ocrx_word' id='word_1_209' title='bbox 534 2523 608 2578; x_wconf 87' lang='lat' dir='ltr'>quae</span> <span class='ocrx_word' id='word_1_210' title='bbox 621 2503 766 2580; x_wconf 82' lang='lat' dir='ltr'>0puscp.</span> <span class='ocrx_word' id='word_1_211' title='bbox 777 2503 837 2560; x_wconf 84' lang='grc'>338</span> <span class='ocrx_word' id='word_1_212' title='bbox 850 2504 944 2579; x_wconf 90' lang='lat' dir='ltr'>posui.</span> <span class='ocrx_word' id='word_1_213' title='bbox 967 2503 1064 2560; x_wconf 90' lang='lat' dir='ltr'>Huius</span> <span class='ocrx_word' id='word_1_214' title='bbox 1077 2504 1175 2581; x_wconf 87' lang='lat' dir='ltr'>operis</span> 
     </span>
     <span class='ocr_line' id='line_1_23' title="bbox 95 2587 1175 2667; baseline 0.001 -22"><span class='ocrx_word' id='word_1_215' title='bbox 95 2589 164 2646; x_wconf 84' lang='lat' dir='ltr'>libr.</span> <span class='ocrx_word' id='word_1_216' title='bbox 177 2589 215 2646; x_wconf 86' lang='lat' dir='ltr'>V.</span> <span class='ocrx_word' id='word_1_217' title='bbox 230 2589 268 2644; x_wconf 79' lang='grc'>35</span> <span class='ocrx_word' id='word_1_218' title='bbox 293 2597 323 2645; x_wconf 83' lang='grc' dir='ltr'><strong>ει</strong></span> <span class='ocrx_word' id='word_1_219' title='bbox 346 2590 384 2646; x_wconf 87' lang='grc'>36</span> <span class='ocrx_word' id='word_1_220' title='bbox 409 2587 448 2667; x_wconf 83' lang='grc' dir='ltr'><strong>(ει</strong></span> <span class='ocrx_word' id='word_1_221' title='bbox 469 2593 597 2664; x_wconf 78' lang='lat' dir='ltr'>reliquae,</span> <span class='ocrx_word' id='word_1_222' title='bbox 621 2600 644 2646; x_wconf 87' lang='lat' dir='ltr'>ct</span> <span class='ocrx_word' id='word_1_223' title='bbox 669 2589 801 2666; x_wconf 77' lang='lat' dir='ltr'>reliquos)</span> <span class='ocrx_word' id='word_1_224' title='bbox 824 2598 988 2646; x_wconf 84' lang='lat' dir='ltr'>extremum</span> <span class='ocrx_word' id='word_1_225' title='bbox 1012 2589 1175 2646; x_wconf 86' lang='lat' dir='ltr'>membrum</span> 
     </span>
     <span class='ocr_line' id='line_1_24' title="bbox 96 2673 1175 2752; baseline 0.002 -22"><span class='ocrx_word' id='word_1_226' title='bbox 96 2694 156 2732; x_wconf 90' lang='lat' dir='ltr'>non</span> <span class='ocrx_word' id='word_1_227' title='bbox 179 2673 303 2748; x_wconf 87' lang='lat' dir='ltr'>aequale</span> <span class='ocrx_word' id='word_1_228' title='bbox 321 2685 365 2732; x_wconf 91' lang='grc' dir='ltr'>εει</span> <span class='ocrx_word' id='word_1_229' title='bbox 387 2675 597 2752; x_wconf 76' lang='lat' dir='ltr'>superioribus,</span> <span class='ocrx_word' id='word_1_230' title='bbox 621 2675 682 2745; x_wconf 83' lang='lat' dir='ltr'>sed,</span> <span class='ocrx_word' id='word_1_231' title='bbox 706 2693 771 2732; x_wconf 91' lang='lat' dir='ltr'>cum</span> <span class='ocrx_word' id='word_1_232' title='bbox 796 2675 917 2751; x_wconf 86' lang='lat' dir='ltr'>colligat</span> <span class='ocrx_word' id='word_1_233' title='bbox 943 2675 1055 2739; x_wconf 77' lang='lat' dir='ltr'>omnia.</span> <span class='ocrx_word' id='word_1_234' title='bbox 1078 2675 1175 2752; x_wconf 90' lang='lat' dir='ltr'>ipsum</span> 
     </span>
     <span class='ocr_line' id='line_1_25' title="bbox 95 2755 1175 2840; baseline -0.001 -23"><span class='ocrx_word' id='word_1_235' title='bbox 95 2761 235 2817; x_wconf 90' lang='lat' dir='ltr'>omnibus</span> <span class='ocrx_word' id='word_1_236' title='bbox 258 2761 458 2835; x_wconf 88' lang='lat' dir='ltr'>superioribus</span> <span class='ocrx_word' id='word_1_237' title='bbox 481 2761 639 2836; x_wconf 85' lang='lat' dir='ltr'>respondet</span> <span class='ocrx_word' id='word_1_238' title='bbox 661 2755 734 2840; x_wconf 83' lang='lat' dir='ltr'>(vid.</span> <span class='ocrx_word' id='word_1_239' title='bbox 759 2761 868 2836; x_wconf 90' lang='lat' dir='ltr'>Opusc.</span> <span class='ocrx_word' id='word_1_240' title='bbox 891 2761 950 2817; x_wconf 91' lang='lat' dir='ltr'>ibd.</span> <span class='ocrx_word' id='word_1_241' title='bbox 974 2759 1017 2838; x_wconf 87' lang='lat' dir='ltr'>[et</span> <span class='ocrx_word' id='word_1_242' title='bbox 1034 2761 1175 2818; x_wconf 86' lang='lat' dir='ltr'>Wesenb.</span> 
     </span>
     <span class='ocr_line' id='line_1_26' title="bbox 55 2842 1175 2924; baseline 0.002 -24"><span class='ocrx_word' id='word_1_243' title='bbox 55 2883 60 2892; x_wconf 87' lang='lat'><strong>·</strong></span> <span class='ocrx_word' id='word_1_244' title='bbox 96 2847 134 2901; x_wconf 89' lang='lat' dir='ltr'>ad</span> <span class='ocrx_word' id='word_1_245' title='bbox 146 2847 236 2903; x_wconf 83' lang='lat' dir='ltr'>Tusc.</span> <span class='ocrx_word' id='word_1_246' title='bbox 249 2848 287 2916; x_wconf 89' lang='lat' dir='ltr'>V,</span> <span class='ocrx_word' id='word_1_247' title='bbox 303 2842 384 2924; x_wconf 85' lang='grc'>13]),</span> <span class='ocrx_word' id='word_1_248' title='bbox 409 2847 464 2902; x_wconf 89' lang='lat' dir='ltr'>etsi</span> <span class='ocrx_word' id='word_1_249' title='bbox 487 2847 533 2902; x_wconf 89' lang='lat' dir='ltr'>vel</span> <span class='ocrx_word' id='word_1_250' title='bbox 557 2848 599 2904; x_wconf 88' lang='lat' dir='ltr'>sic</span> <span class='ocrx_word' id='word_1_251' title='bbox 621 2847 739 2921; x_wconf 86' lang='lat' dir='ltr'>saepius</span> <span class='ocrx_word' id='word_1_252' title='bbox 761 2845 817 2903; x_wconf 91' lang='lat' dir='ltr'>hoc</span> <span class='ocrx_word' id='word_1_253' title='bbox 840 2847 948 2902; x_wconf 87' lang='lat' dir='ltr'>dicitur</span> <span class='ocrx_word' id='word_1_254' title='bbox 975 2847 1037 2902; x_wconf 90' lang='lat' dir='ltr'>sine</span> <span class='ocrx_word' id='word_1_255' title='bbox 1060 2847 1175 2922; x_wconf 88' lang='lat' dir='ltr'>copula.</span> 
     </span>
     <span class='ocr_line' id='line_1_27' title="bbox 96 2929 1175 3012; baseline 0.001 -24"><span class='ocrx_word' id='word_1_256' title='bbox 96 2933 211 2988; x_wconf 85' lang='lat' dir='ltr'>Haeret</span> <span class='ocrx_word' id='word_1_257' title='bbox 233 2932 361 3007; x_wconf 91' lang='lat' dir='ltr'>suspicio</span> <span class='ocrx_word' id='word_1_258' title='bbox 384 2933 414 2988; x_wconf 91' lang='lat' dir='ltr'>in</span> <span class='ocrx_word' id='word_1_259' title='bbox 436 2933 566 3007; x_wconf 90' lang='lat' dir='ltr'>Philipp.</span> <span class='ocrx_word' id='word_1_260' title='bbox 580 2934 650 3001; x_wconf 74' lang='lat' dir='ltr'>V,8</span> <span class='ocrx_word' id='word_1_261' title='bbox 674 2929 738 3012; x_wconf 88' lang='lat' dir='ltr'>[ubi</span> <span class='ocrx_word' id='word_1_262' title='bbox 761 2932 923 2989; x_wconf 88' lang='lat' dir='ltr'>tollendum</span> <span class='ocrx_word' id='word_1_263' title='bbox 941 2933 1057 2988; x_wconf 84' lang='lat' dir='ltr'>videtur</span> <span class='ocrx_word' id='word_1_264' title='bbox 1080 2943 1175 3008; x_wconf 81' lang='lat' dir='ltr'>tempe·</span> 
     </span>
     <span class='ocr_line' id='line_1_28' title="bbox 96 3017 1174 3095; baseline 0.002 -23"><span class='ocrx_word' id='word_1_265' title='bbox 96 3020 175 3073; x_wconf 77' lang='lat' dir='ltr'>statis</span> <span class='ocrx_word' id='word_1_266' title='bbox 199 3018 451 3093; x_wconf 85' lang='lat' dir='ltr'>exsuperioribus</span> <span class='ocrx_word' id='word_1_267' title='bbox 469 3017 651 3095; x_wconf 78' lang='lat' dir='ltr'>repetitum],</span> <span class='ocrx_word' id='word_1_268' title='bbox 675 3019 712 3074; x_wconf 91' lang='lat' dir='ltr'>ad</span> <span class='ocrx_word' id='word_1_269' title='bbox 724 3019 807 3074; x_wconf 86' lang='lat' dir='ltr'>Fam.</span> <span class='ocrx_word' id='word_1_270' title='bbox 820 3018 880 3074; x_wconf 88' lang='lat' dir='ltr'>XV</span> <span class='ocrx_word' id='word_1_271' title='bbox 883 3059 890 3088; x_wconf 90' lang='grc'>,</span> <span class='ocrx_word' id='word_1_272' title='bbox 905 3020 933 3085; x_wconf 88' lang='grc'>4,</span> <span class='ocrx_word' id='word_1_273' title='bbox 950 3019 988 3073; x_wconf 88' lang='lat'>14</span> <span class='ocrx_word' id='word_1_274' title='bbox 1012 3018 1077 3094; x_wconf 92' lang='lat' dir='ltr'>(ubi</span> <span class='ocrx_word' id='word_1_275' title='bbox 1089 3039 1174 3074; x_wconf 76' lang='lat' dir='ltr'>atores</span> 
     </span>
     <span class='ocr_line' id='line_1_29' title="bbox 98 3099 1175 3182; baseline 0 -24"><span class='ocrx_word' id='word_1_276' title='bbox 98 3103 262 3178; x_wconf 81' lang='lat' dir='ltr'>ascriptum</span> <span class='ocrx_word' id='word_1_277' title='bbox 285 3103 388 3159; x_wconf 88' lang='lat' dir='ltr'>estad</span> <span class='ocrx_word' id='word_1_278' title='bbox 411 3103 555 3178; x_wconf 75' lang='lat' dir='ltr'>instituta),</span> <span class='ocrx_word' id='word_1_279' title='bbox 580 3104 615 3159; x_wconf 90' lang='lat' dir='ltr'>ad</span> <span class='ocrx_word' id='word_1_280' title='bbox 639 3105 703 3160; x_wconf 86' lang='grc' dir='ltr'><strong>Αιι.</strong></span> <span class='ocrx_word' id='word_1_281' title='bbox 729 3105 765 3172; x_wconf 73' lang='lat' dir='ltr'>V,</span> <span class='ocrx_word' id='word_1_282' title='bbox 787 3105 835 3174; x_wconf 88' lang='lat'>11,</span> <span class='ocrx_word' id='word_1_283' title='bbox 855 3104 871 3159; x_wconf 75' lang='grc' dir='ltr'>ἔ)</span> <span class='ocrx_word' id='word_1_284' title='bbox 904 3099 969 3182; x_wconf 87' lang='lat' dir='ltr'>(ubi</span> <span class='ocrx_word' id='word_1_285' title='bbox 992 3121 1086 3177; x_wconf 89' lang='lat' dir='ltr'>paene</span> <span class='ocrx_word' id='word_1_286' title='bbox 1109 3122 1175 3177; x_wconf 90' lang='lat' dir='ltr'>per-</span> 
     </span>
     <span class='ocr_line' id='line_1_30' title="bbox 97 3189 1175 3263; baseline 0 -19"><span class='ocrx_word' id='word_1_287' title='bbox 97 3189 232 3263; x_wconf 91' lang='lat' dir='ltr'>spicuum</span> <span class='ocrx_word' id='word_1_288' title='bbox 245 3197 298 3258; x_wconf 88' lang='grc' dir='ltr'><strong>εει,</strong></span> <span class='ocrx_word' id='word_1_289' title='bbox 312 3209 367 3258; x_wconf 69' lang='lat' dir='ltr'>nos,</span> <span class='ocrx_word' id='word_1_290' title='bbox 380 3189 458 3263; x_wconf 90' lang='lat' dir='ltr'>qnod</span> <span class='ocrx_word' id='word_1_291' title='bbox 470 3190 678 3263; x_wconf 86' lang='lat' dir='ltr'>aequalitatem</span> <span class='ocrx_word' id='word_1_292' title='bbox 691 3189 777 3258; x_wconf 87' lang='lat' dir='ltr'>tollit,</span> <span class='ocrx_word' id='word_1_293' title='bbox 801 3199 897 3246; x_wconf 87' lang='lat' dir='ltr'>ortum</span> <span class='ocrx_word' id='word_1_294' title='bbox 915 3207 979 3246; x_wconf 90' lang='lat' dir='ltr'>esse</span> <span class='ocrx_word' id='word_1_295' title='bbox 992 3189 1175 3263; x_wconf 86' lang='lat' dir='ltr'>exsequenti</span> 
     </span>
     <span class='ocr_line' id='line_1_31' title="bbox 97 3269 1175 3353; baseline 0.001 -24"><span class='ocrx_word' id='word_1_296' title='bbox 97 3269 240 3353; x_wconf 68' lang='lat' dir='ltr'>trosti-am).</span> <span class='ocrx_word' id='word_1_297' title='bbox 286 3273 379 3347; x_wconf 79' lang='lat' dir='ltr'>Quem</span> <span class='ocrx_word' id='word_1_298' title='bbox 403 3275 557 3349; x_wconf 90' lang='lat' dir='ltr'>Zumptius</span> <span class='ocrx_word' id='word_1_299' title='bbox 580 3275 618 3331; x_wconf 89' lang='lat' dir='ltr'>ad</span> <span class='ocrx_word' id='word_1_300' title='bbox 641 3277 725 3333; x_wconf 85' lang='lat' dir='ltr'>Verr.</span> <span class='ocrx_word' id='word_1_301' title='bbox 738 3295 766 3349; x_wconf 92' lang='lat' dir='ltr'>p.</span> <span class='ocrx_word' id='word_1_302' title='bbox 783 3276 861 3330; x_wconf 89' lang='lat'>1011</span> <span class='ocrx_word' id='word_1_303' title='bbox 887 3275 1012 3331; x_wconf 85' lang='lat' dir='ltr'>advocat</span> <span class='ocrx_word' id='word_1_304' title='bbox 1030 3274 1175 3330; x_wconf 87' lang='lat' dir='ltr'>locumde</span> 
     </span>
     <span class='ocr_line' id='line_1_32' title="bbox 98 3357 1175 3436; baseline -0.003 -18"><span class='ocrx_word' id='word_1_305' title='bbox 98 3359 215 3418; x_wconf 87' lang='lat' dir='ltr'>Senect.</span> <span class='ocrx_word' id='word_1_306' title='bbox 235 3378 259 3416; x_wconf 95' lang='lat' dir='ltr'>c.</span> <span class='ocrx_word' id='word_1_307' title='bbox 281 3361 334 3426; x_wconf 85' lang='grc'>10,</span> <span class='ocrx_word' id='word_1_308' title='bbox 366 3379 431 3416; x_wconf 89' lang='lat' dir='ltr'>eum</span> <span class='ocrx_word' id='word_1_309' title='bbox 455 3357 685 3436; x_wconf 86' lang='lat' dir='ltr'>Wesenbergius</span> <span class='ocrx_word' id='word_1_310' title='bbox 708 3360 779 3416; x_wconf 89' lang='lat' dir='ltr'>mihi</span> <span class='ocrx_word' id='word_1_311' title='bbox 802 3360 944 3416; x_wconf 88' lang='lat' dir='ltr'>indicavit</span> <span class='ocrx_word' id='word_1_312' title='bbox 966 3360 1025 3435; x_wconf 88' lang='lat' dir='ltr'>legi</span> <span class='ocrx_word' id='word_1_313' title='bbox 1047 3359 1077 3416; x_wconf 94' lang='lat' dir='ltr'>in</span> <span class='ocrx_word' id='word_1_314' title='bbox 1101 3369 1175 3415; x_wconf 90' lang='lat' dir='ltr'>orat.</span> 
     </span>
     <span class='ocr_line' id='line_1_33' title="bbox 98 3442 1176 3527; baseline 0.001 -26"><span class='ocrx_word' id='word_1_315' title='bbox 98 3453 167 3520; x_wconf 89' lang='lat' dir='ltr'>post</span> <span class='ocrx_word' id='word_1_316' title='bbox 184 3445 269 3501; x_wconf 89' lang='lat' dir='ltr'>redit.</span> <span class='ocrx_word' id='word_1_317' title='bbox 292 3445 322 3501; x_wconf 92' lang='lat' dir='ltr'>in</span> <span class='ocrx_word' id='word_1_318' title='bbox 346 3464 406 3502; x_wconf 89' lang='lat' dir='ltr'>sen.</span> <span class='ocrx_word' id='word_1_319' title='bbox 431 3448 470 3502; x_wconf 79' lang='lat'>24</span> <span class='ocrx_word' id='word_1_320' title='bbox 494 3442 532 3527; x_wconf 90' lang='lat' dir='ltr'>(c.</span> <span class='ocrx_word' id='word_1_321' title='bbox 552 3447 599 3523; x_wconf 89' lang='grc'>9),</span> <span class='ocrx_word' id='word_1_322' title='bbox 623 3447 673 3502; x_wconf 88' lang='lat' dir='ltr'>ubi</span> <span class='ocrx_word' id='word_1_323' title='bbox 696 3455 764 3502; x_wconf 90' lang='lat' dir='ltr'>ante</span> <span class='ocrx_word' id='word_1_324' title='bbox 788 3445 846 3502; x_wconf 90' lang='lat' dir='ltr'>duo</span> <span class='ocrx_word' id='word_1_325' title='bbox 863 3445 981 3502; x_wconf 87' lang='lat' dir='ltr'>saecula</span> <span class='ocrx_word' id='word_1_326' title='bbox 1003 3465 1040 3502; x_wconf 82' lang='lat' dir='ltr'>ex</span> <span class='ocrx_word' id='word_1_327' title='bbox 1064 3444 1176 3502; x_wconf 85' lang='lat' dir='ltr'>infelici</span> 
     </span>
     <span class='ocr_line' id='line_1_34' title="bbox 98 3530 1175 3607; baseline 0.002 -21"><span class='ocrx_word' id='word_1_328' title='bbox 98 3530 269 3588; x_wconf 87' lang='lat' dir='ltr'>coniectura</span> <span class='ocrx_word' id='word_1_329' title='bbox 290 3531 320 3587; x_wconf 86' lang='lat' dir='ltr'>id</span> <span class='ocrx_word' id='word_1_330' title='bbox 343 3531 505 3607; x_wconf 75' lang='lat' dir='ltr'>legebatur,</span> <span class='ocrx_word' id='word_1_331' title='bbox 529 3532 606 3606; x_wconf 90' lang='lat' dir='ltr'>quod</span> <span class='ocrx_word' id='word_1_332' title='bbox 629 3533 729 3588; x_wconf 85' lang='lat' dir='ltr'>nescio</span> <span class='ocrx_word' id='word_1_333' title='bbox 753 3531 829 3587; x_wconf 70' lang='lat' dir='ltr'>tende</span> <span class='ocrx_word' id='word_1_334' title='bbox 852 3541 1001 3606; x_wconf 86' lang='lat' dir='ltr'>arreptum</span> <span class='ocrx_word' id='word_1_335' title='bbox 1021 3531 1175 3606; x_wconf 89' lang='lat' dir='ltr'>Zumptius</span> 
     </span>
     <span class='ocr_line' id='line_1_35' title="bbox 98 3615 1176 3692; baseline 0.002 -20"><span class='ocrx_word' id='word_1_336' title='bbox 98 3634 151 3690; x_wconf 87' lang='lat' dir='ltr'>pro</span> <span class='ocrx_word' id='word_1_337' title='bbox 175 3616 343 3674; x_wconf 89' lang='lat' dir='ltr'>testimonio</span> <span class='ocrx_word' id='word_1_338' title='bbox 366 3615 457 3692; x_wconf 87' lang='lat' dir='ltr'>ponit.</span> <span class='ocrx_word' id='word_1_339' title='bbox 503 3619 538 3674; x_wconf 94' lang='lat' dir='ltr'>In</span> <span class='ocrx_word' id='word_1_340' title='bbox 568 3637 600 3672; x_wconf 87' lang='lat' dir='ltr'>re</span> <span class='ocrx_word' id='word_1_341' title='bbox 622 3616 712 3673; x_wconf 90' lang='lat' dir='ltr'>dubia</span> <span class='ocrx_word' id='word_1_342' title='bbox 740 3617 854 3673; x_wconf 79' lang='lat' dir='ltr'>ectitius</span> <span class='ocrx_word' id='word_1_343' title='bbox 873 3617 1071 3676; x_wconf 86' lang='lat' dir='ltr'>examinanda</span> <span class='ocrx_word' id='word_1_344' title='bbox 1093 3617 1176 3674; x_wconf 88' lang='lat' dir='ltr'>testi-</span> 
     </span>
     <span class='ocr_line' id='line_1_36' title="bbox 99 3701 1175 3780; baseline 0.002 -23"><span class='ocrx_word' id='word_1_345' title='bbox 99 3703 197 3758; x_wconf 88' lang='lat' dir='ltr'>monia</span> <span class='ocrx_word' id='word_1_346' title='bbox 220 3712 312 3758; x_wconf 91' lang='lat' dir='ltr'>erant.</span> <span class='ocrx_word' id='word_1_347' title='bbox 357 3701 517 3780; x_wconf 84' lang='lat' dir='ltr'>[Perverse</span> <span class='ocrx_word' id='word_1_348' title='bbox 546 3713 575 3759; x_wconf 87' lang='lat' dir='ltr'>et</span> <span class='ocrx_word' id='word_1_349' title='bbox 603 3701 724 3759; x_wconf 87' lang='lat' dir='ltr'>confuse</span> <span class='ocrx_word' id='word_1_350' title='bbox 758 3703 793 3758; x_wconf 90' lang='lat' dir='ltr'>de</span> <span class='ocrx_word' id='word_1_351' title='bbox 817 3703 871 3758; x_wconf 87' lang='lat' dir='ltr'>hac</span> <span class='ocrx_word' id='word_1_352' title='bbox 893 3722 925 3759; x_wconf 90' lang='lat' dir='ltr'>re</span> <span class='ocrx_word' id='word_1_353' title='bbox 950 3703 1114 3759; x_wconf 88' lang='lat' dir='ltr'>Ellendtius</span> <span class='ocrx_word' id='word_1_354' title='bbox 1138 3703 1175 3759; x_wconf 87' lang='lat' dir='ltr'>ad</span> 
     </span>
     <span class='ocr_line' id='line_1_37' title="bbox 99 3786 1174 3858; baseline 0.001 -16"><span class='ocrx_word' id='word_1_355' title='bbox 99 3786 129 3842; x_wconf 92' lang='lat' dir='ltr'>Il</span> <span class='ocrx_word' id='word_1_356' title='bbox 153 3787 188 3844; x_wconf 88' lang='lat' dir='ltr'>dc</span> <span class='ocrx_word' id='word_1_357' title='bbox 212 3787 262 3846; x_wconf 88' lang='lat' dir='ltr'>Or.</span> <span class='ocrx_word' id='word_1_358' title='bbox 288 3789 423 3858; x_wconf 64' lang='lat'>34145.</span> <span class='ocrx_word' id='word_1_359' title='bbox 453 3790 499 3845; x_wconf 90' lang='lat' dir='ltr'>De</span> <span class='ocrx_word' id='word_1_360' title='bbox 512 3789 648 3846; x_wconf 85' lang='lat' dir='ltr'>Caesaris</span> <span class='ocrx_word' id='word_1_361' title='bbox 670 3808 725 3845; x_wconf 90' lang='lat' dir='ltr'>usu</span> <span class='ocrx_word' id='word_1_362' title='bbox 738 3807 803 3844; x_wconf 90' lang='lat' dir='ltr'>cum</span> <span class='ocrx_word' id='word_1_363' title='bbox 817 3788 968 3847; x_wconf 86' lang='lat' dir='ltr'>Ciceronis</span> <span class='ocrx_word' id='word_1_364' title='bbox 981 3789 1174 3844; x_wconf 82' lang='lat' dir='ltr'>conveniente</span> 
     </span>
     <span class='ocr_line' id='line_1_38' title="bbox 102 3871 1174 3950; baseline 0.003 -23"><span class='ocrx_word' id='word_1_365' title='bbox 102 3871 178 3928; x_wconf 83' lang='lat' dir='ltr'>dixit</span> <span class='ocrx_word' id='word_1_366' title='bbox 199 3873 545 3948; x_wconf 79' lang='lat' dir='ltr'>NipperdeiusQuuestt.</span> <span class='ocrx_word' id='word_1_367' title='bbox 570 3873 688 3933; x_wconf 85' lang='lat' dir='ltr'>Caesar.</span> <span class='ocrx_word' id='word_1_368' title='bbox 712 3895 740 3950; x_wconf 93' lang='lat' dir='ltr'>p.</span> <span class='ocrx_word' id='word_1_369' title='bbox 765 3876 823 3943; x_wconf 87' lang='grc'>68;</span> <span class='ocrx_word' id='word_1_370' title='bbox 852 3875 888 3930; x_wconf 91' lang='lat' dir='ltr'>dc</span> <span class='ocrx_word' id='word_1_371' title='bbox 912 3873 1064 3946; x_wconf 81' lang='lat' dir='ltr'>Sallustio,</span> <span class='ocrx_word' id='word_1_372' title='bbox 1088 3893 1174 3948; x_wconf 89' lang='lat' dir='ltr'>quem</span> 
     </span>
     <span class='ocr_line' id='line_1_39' title="bbox 99 3959 1175 4036; baseline 0.004 -25"><span class='ocrx_word' id='word_1_373' title='bbox 99 3976 158 4014; x_wconf 90' lang='lat' dir='ltr'>non</span> <span class='ocrx_word' id='word_1_374' title='bbox 181 3959 282 4015; x_wconf 88' lang='lat' dir='ltr'>eadem</span> <span class='ocrx_word' id='word_1_375' title='bbox 306 3978 427 4034; x_wconf 87' lang='lat' dir='ltr'>prorsus</span> <span class='ocrx_word' id='word_1_376' title='bbox 446 3961 549 4036; x_wconf 87' lang='lat' dir='ltr'>regula</span> <span class='ocrx_word' id='word_1_377' title='bbox 571 3961 712 4034; x_wconf 74' lang='lat' dir='ltr'>astringo,</span> <span class='ocrx_word' id='word_1_378' title='bbox 744 3960 915 4016; x_wconf 87' lang='lat' dir='ltr'>Dictschius</span> <span class='ocrx_word' id='word_1_379' title='bbox 938 3960 975 4016; x_wconf 88' lang='lat' dir='ltr'>ad</span> <span class='ocrx_word' id='word_1_380' title='bbox 996 3961 1062 4036; x_wconf 83' lang='lat' dir='ltr'>Iug.</span> <span class='ocrx_word' id='word_1_381' title='bbox 1087 3978 1110 4014; x_wconf 92' lang='lat' dir='ltr'>c.</span> <span class='ocrx_word' id='word_1_382' title='bbox 1137 3961 1175 4015; x_wconf 89' lang='grc'>14</span> 
     </span>
     <span class='ocr_line' id='line_1_40' title="bbox 101 4042 1175 4122; baseline 0.003 -23"><span class='ocrx_word' id='word_1_383' title='bbox 101 4061 128 4117; x_wconf 92' lang='lat' dir='ltr'>p.</span> <span class='ocrx_word' id='word_1_384' title='bbox 144 4045 202 4100; x_wconf 77' lang='lat'>120</span> <span class='ocrx_word' id='word_1_385' title='bbox 225 4045 293 4101; x_wconf 83' lang='lat' dir='ltr'>edit.</span> <span class='ocrx_word' id='word_1_386' title='bbox 313 4045 407 4110; x_wconf 81' lang='lat'>18463</span> <span class='ocrx_word' id='word_1_387' title='bbox 431 4046 466 4102; x_wconf 88' lang='lat' dir='ltr'>de</span> <span class='ocrx_word' id='word_1_388' title='bbox 490 4046 576 4102; x_wconf 89' lang='lat' dir='ltr'>Livio</span> <span class='ocrx_word' id='word_1_389' title='bbox 600 4065 654 4122; x_wconf 84' lang='lat' dir='ltr'>ego</span> <span class='ocrx_word' id='word_1_390' title='bbox 678 4046 845 4101; x_wconf 84' lang='lat' dir='ltr'>Emendatt.</span> <span class='ocrx_word' id='word_1_391' title='bbox 869 4045 953 4102; x_wconf 89' lang='lat' dir='ltr'>Livv.</span> <span class='ocrx_word' id='word_1_392' title='bbox 979 4065 1007 4121; x_wconf 92' lang='lat' dir='ltr'>p.</span> <span class='ocrx_word' id='word_1_393' title='bbox 1033 4047 1071 4102; x_wconf 89' lang='grc'>67</span> <span class='ocrx_word' id='word_1_394' title='bbox 1096 4042 1175 4122; x_wconf 70' lang='lat' dir='ltr'>squ]</span> 
     </span>
    </p>

    <p class='ocr_par' dir='ltr' id='par_1_5' title="bbox 60 4131 1175 4467">
     <span class='ocr_line' id='line_1_41' title="bbox 187 4131 1175 4207; baseline 0.001 -21"><span class='ocrx_word' id='word_1_395' title='bbox 187 4141 300 4186; x_wconf 83' lang='lat' dir='ltr'>notrcrac</span> <span class='ocrx_word' id='word_1_396' title='bbox 322 4132 535 4207; x_wconf 81' lang='lat' dir='ltr'>accommodato)</span> <span class='ocrx_word' id='word_1_397' title='bbox 559 4133 623 4188; x_wconf 90' lang='lat' dir='ltr'>Hoc</span> <span class='ocrx_word' id='word_1_398' title='bbox 646 4131 758 4187; x_wconf 89' lang='lat' dir='ltr'>latebat</span> <span class='ocrx_word' id='word_1_399' title='bbox 774 4131 963 4206; x_wconf 87' lang='lat' dir='ltr'>inscriptura</span> <span class='ocrx_word' id='word_1_400' title='bbox 986 4131 1095 4188; x_wconf 90' lang='lat' dir='ltr'>codicis</span> <span class='ocrx_word' id='word_1_401' title='bbox 1113 4131 1175 4187; x_wconf 84' lang='lat' dir='ltr'>Erl.</span> 
     </span>
     <span class='ocr_line' id='line_1_42' title="bbox 102 4213 1173 4296; baseline 0.004 -28"><span class='ocrx_word' id='word_1_402' title='bbox 102 4213 430 4292; x_wconf 78' lang='lat' dir='ltr'>(riutaroeocommoclom).</span> <span class='ocrx_word' id='word_1_403' title='bbox 466 4213 618 4296; x_wconf 75' lang='lat' dir='ltr'>[Propius</span> <span class='ocrx_word' id='word_1_404' title='bbox 640 4217 666 4273; x_wconf 92' lang='lat' dir='ltr'><strong>B</strong></span> <span class='ocrx_word' id='word_1_405' title='bbox 690 4219 1004 4288; x_wconf 68' lang='lat' dir='ltr'>recturoeacommocluto,</span> <span class='ocrx_word' id='word_1_406' title='bbox 1040 4235 1098 4273; x_wconf 91' lang='lat' dir='ltr'>una</span> <span class='ocrx_word' id='word_1_407' title='bbox 1125 4216 1173 4272; x_wconf 89' lang='lat' dir='ltr'>lit-</span> 
     </span>
     <span class='ocr_line' id='line_1_43' title="bbox 102 4300 1175 4379; baseline 0.005 -26"><span class='ocrx_word' id='word_1_408' title='bbox 102 4307 164 4356; x_wconf 88' lang='lat' dir='ltr'>tera</span> <span class='ocrx_word' id='word_1_409' title='bbox 192 4300 312 4379; x_wconf 79' lang='lat' dir='ltr'>minus]</span> <span class='ocrx_word' id='word_1_410' title='bbox 357 4301 455 4362; x_wconf 88' lang='lat' dir='ltr'>Ceteri</span> <span class='ocrx_word' id='word_1_411' title='bbox 478 4303 611 4373; x_wconf 84' lang='lat' dir='ltr'>codices,</span> <span class='ocrx_word' id='word_1_412' title='bbox 641 4302 676 4359; x_wconf 91' lang='lat' dir='ltr'>de</span> <span class='ocrx_word' id='word_1_413' title='bbox 700 4303 807 4376; x_wconf 87' lang='lat' dir='ltr'>quibus</span> <span class='ocrx_word' id='word_1_414' title='bbox 831 4312 960 4373; x_wconf 80' lang='lat' dir='ltr'>constat,</span> <span class='ocrx_word' id='word_1_415' title='bbox 994 4303 1102 4379; x_wconf 89' lang='lat' dir='ltr'>partim</span> <span class='ocrx_word' id='word_1_416' title='bbox 1125 4323 1175 4358; x_wconf 81' lang='lat' dir='ltr'>aa·</span> 
     </span>
     <span class='ocr_line' id='line_1_44' title="bbox 60 4386 1175 4467; baseline 0.003 -28"><span class='ocrx_word' id='word_1_417' title='bbox 60 4461 62 4464; x_wconf 21' lang='lat'>¹</span> <span class='ocrx_word' id='word_1_418' title='bbox 104 4394 164 4441; x_wconf 69' lang='lat' dir='ltr'>tarra</span> <span class='ocrx_word' id='word_1_419' title='bbox 186 4389 245 4462; x_wconf 73' lang='grc' dir='ltr'><strong>τ’ρεα</strong></span> <span class='ocrx_word' id='word_1_420' title='bbox 267 4391 404 4446; x_wconf 82' lang='lat' dir='ltr'>cornmoclo</span> <span class='ocrx_word' id='word_1_421' title='bbox 427 4386 532 4467; x_wconf 75' lang='lat' dir='ltr'>(Pala,</span> <span class='ocrx_word' id='word_1_422' title='bbox 561 4389 617 4446; x_wconf 88' lang='lat' dir='ltr'>etsi</span> <span class='ocrx_word' id='word_1_423' title='bbox 644 4388 675 4444; x_wconf 90' lang='lat' dir='ltr'>in</span> <span class='ocrx_word' id='word_1_424' title='bbox 699 4389 822 4448; x_wconf 85' lang='lat' dir='ltr'>Gruteri</span> <span class='ocrx_word' id='word_1_425' title='bbox 852 4399 921 4446; x_wconf 83' lang='lat' dir='ltr'>nota</span> <span class='ocrx_word' id='word_1_426' title='bbox 944 4389 1084 4446; x_wconf 87' lang='lat' dir='ltr'>scribitur</span> <span class='ocrx_word' id='word_1_427' title='bbox 1105 4407 1175 4444; x_wconf 76' lang='lat' dir='ltr'>corrr-</span> 
     </span>
    </p>
   </div>
   <div class='ocr_carea' id='block_1_5' title="bbox 896 4506 969 4560">
    <p class='ocr_par' dir='ltr' id='par_1_6' title="bbox 896 4506 969 4560">
     <span class='ocr_line' id='line_1_45' title="bbox 896 4506 969 4560; baseline 0.041 -24"><span class='ocrx_word' id='word_1_428' title='bbox 896 4528 900 4536; x_wconf 92' lang='lat'>.</span> <span class='ocrx_word' id='word_1_429' title='bbox 918 4506 969 4560; x_wconf 74' lang='grc'>36*</span> 
     </span>
    </p>
   </div>
   <div class='ocr_carea' id='block_1_6' title="bbox 0 0 1517 5044">
    <p class='ocr_par' dir='ltr' id='par_1_7' title="bbox 0 0 1517 5044">
     <span class='ocr_line' id='line_1_46' title="bbox 0 0 1517 5044; baseline 0 0"><span class='ocrx_word' id='word_1_430' title='bbox 0 0 1517 5044; x_wconf 95' lang='lat' dir='ltr'> </span> 
     </span>
    </p>
   </div>
  </div>
 </body>
</html>
