2948 5024
313 348 376 412 712
704 366 750 412 nn
771 365 902 414 rmmus
923 367 995 414 eon.

313 535 412 600 estin
434 534 473 598 iis
495 534 574 600 bene
595 533 792 616 merentium,
820 553 901 617 quae
923 533 1106 601 referendae
1126 536 1246 617 madae
1269 535 1384 617 cupidi-

312 637 375 702 tas!
409 639 513 718 Atque
540 655 577 702 ea
605 636 637 700 in
660 637 776 718 optima
799 656 924 720 quaque
945 637 1050 703 indole
1071 637 1203 702 maxime
1224 646 1384 719 apparent,

312 739 344 803 in
366 757 430 821 qna
451 738 528 804 haec
548 738 687 818 honesta,
709 758 791 822 quae
811 739 1031 822 intellegimus,
1053 759 1073 804 a
1094 745 1208 806 natura
1229 745 1383 821 tamquam

313 841 546 908 adumbrantur.
591 843 641 906 62.
665 841 726 906 Sed
747 841 824 907 haec
845 842 877 906 in
899 842 1020 924 pueris;
1043 861 1192 923 expressa
1214 859 1290 907 vero
1301 841 1334 906 in
1348 841 1383 904 iis

275 945 295 1011 5
313 943 482 1022 aetatibue‚
505 961 585 1024 quae
607 943 668 1008 iam
691 941 893 1010 confirmatae
914 953 995 1009 sunt
1040 945 1117 1022 Quis
1139 951 1188 1009 est
1210 951 1275 1009 tam
1297 943 1382 1008 dissi·

384 1134 404 1180 l.
423 1129 459 1179 ab
479 1129 589 1182 LPCOr.
610 1130 662 1190 iliae
681 1131 711 1190 Et
757 1137 778 1180 2.
801 1131 862 1198 [earn
880 1147 926 1198 pro
944 1131 1016 1182 eois
1039 1132 1089 1198 Eh}
1147 1130 1228 1182 sbdole
1250 1147 1344 1196 quaque
1364 1130 1383 1178 a

313 1215 404 1262 qaoque
422 1197 499 1248 indole
517 1199 538 1248 P
607 1209 724 1265 apparent
742 1199 843 1250 momine
863 1201 882 1249 1.
901 1200 1002 1250 maxim
1020 1201 1179 1266 approbarent
1197 1201 1217 1249 P
1284 1205 1309 1249 8.
1326 1210 1382 1249 tam·

313 1283 383 1330 quam
401 1282 451 1321 om.
471 1267 491 1316 P
532 1277 553 1315 4.
570 1269 652 1332 μαινίς
669 1285 784 1334 mea
801 1269 825 1318 in
843 1269 873 1318 ir'e
891 1269 938 1335 (Ιώ
948 1269 1003 1334 bc)
1021 1269 1178 1320 veroLPGR
1193 1269 1283 1334 pererio.
1310 1267 1340 1318 ln
1357 1268 1383 1316 iis

313 1353 367 1386 vero
386 1335 445 1402 (om.
464 1339 590 1402 cupresso)
609 1337 651 1386 Or.

299 1529 400 1588 'quem
412 1510 549 1582 edidisse,
562 1511 589 1567 ei
599 1511 784 1569 notissimum
797 1520 843 1570 est
854 1510 1008 1570 dicendum
1021 1529 1086 1569 esse
1097 1511 1217 1568 Latine:
1235 1532 1306 1587 quae
1314 1513 1382 1586 sori·

313 1615 381 1652 noro
397 1598 542 1672 parricida
564 1598 665 1654 edidit!
713 1597 748 1654 In
777 1615 835 1672 quo
862 1615 970 1673 genere
998 1597 1188 1654 memorabile
1216 1607 1275 1668 est,
1309 1595 1381 1672 qnod

313 1699 404 1757 supra
425 1681 467 1752 11,
480 1683 519 1739 76
544 1681 664 1758 legitur:
687 1701 765 1757 quem
786 1685 927 1740 clamorem
948 1685 1132 1740 nordmanni
1144 1702 1227 1757 quam
1243 1701 1381 1759 epemcou

313 1769 418 1824 aelatus
441 1800 481 1808 —
498 1770 625 1842 saturam
644 1775 747 1844 patara?
773 1768 915 1843 quodibi
937 1768 1010 1825 haec
1032 1785 1097 1826 cunr
1110 1768 1325 1826 exclamatione
1336 1786 1381 1824 su·

312 1853 401 1929 gandi
423 1853 599 1930 significatio
622 1851 750 1932 (moqnaa
771 1857 821 1911 erit
842 1852 1094 1931 claumorconta'onis)
1116 1863 1146 1910 et
1157 1854 1252 1911 altera
1262 1852 1381 1930 negandi

313 1935 403 2018 (auida
425 1942 474 1996 erit
500 1958 562 2015 apae
584 1938 752 2016 cumulatam)
780 1938 1006 2016 coniunguntur.
1056 1938 1089 1998 Si
1116 1939 1209 2016 igitur
1229 1949 1309 1998 recte
1329 1939 1380 2002 hic,

313 2042 400 2099 qnam
422 2043 501 2082 nunc
523 2033 696 2096 tractamus,
725 2025 807 2083 locus
830 2024 957 2101 scriptus
979 2033 1038 2096 est,
1073 2025 1144 2082 Piso
1172 2025 1259 2096 dicit,
1291 2024 1381 2082 nullos

313 2109 430 2168 labores
452 2129 471 2167 a
492 2111 592 2186 pueris
614 2109 712 2168 vitari·
745 2111 858 2168 Verum
880 2128 935 2168 nec
956 2111 1067 2186 optime
1089 2110 1159 2167 hnic
1181 2131 1233 2168 noa
1245 2113 1380 2186 perferant

313 2196 407 2253 subici
430 2196 561 2254 videtur:
584 2206 613 2252 ut
634 2199 696 2268 aiut,
719 2205 750 2252 et
771 2195 928 2272 singularis
950 2214 1089 2253 numerus
1111 2205 1173 2254 tum
1186 2195 1380 2272 paenerequi·

313 2280 397 2338 nitur.
442 2277 503 2362 (De
526 2281 616 2357 Legg.
639 2290 737 2338 tamen
760 2281 871 2352 111,19
896 2282 1006 2338 editur:
1033 2281 1109 2350 Quae
1131 2285 1254 2338 mamilla
1270 2301 1319 2338 uon
1330 2281 1379 2338 aii·

314 2367 373 2423 dit?
399 2375 434 2423 ut
460 2366 517 2424 sit:
546 2367 619 2424 nihil
642 2385 701 2424 non
724 2367 825 2424 edidit.
870 2367 928 2427 Sed
951 2386 989 2424 ne
1009 2367 1036 2424 is
1059 2367 1176 2442 quidam
1200 2368 1282 2425 locus
1304 2365 1379 2424 dubi·

274 2487 280 2500 ·
313 2451 425 2509 tatione
447 2469 548 2509 carere
570 2451 711 2530 videtur.)
754 2453 895 2524 Accedit,
929 2463 963 2510 ut
989 2452 1156 2528 superiores
1184 2463 1215 2510 et
1235 2452 1381 2510 inferiores

313 2537 544 2595 exclamationes
561 2538 685 2595 similem
709 2538 740 2596 in
757 2538 813 2596 hac
828 2539 963 2597 laborum
975 2539 1253 2596 commemoratione
1264 2537 1379 2596 formam

313 2623 463 2698 postulare
485 2622 650 2680 videantur.
677 2623 784 2698 Itaque
806 2624 942 2698 equidem
964 2623 1137 2684 Ciceronem
1160 2624 1313 2700 scripsisse
1324 2622 1379 2698 opi-

313 2726 384 2765 nor:
418 2727 485 2784 quoa
507 2711 549 2766 illi
569 2710 674 2766 adorea
691 2711 848 2785 perferunt,
879 2719 909 2766 at
936 2719 991 2766 cet.
1037 2710 1142 2766 Ferunt
1169 2729 1224 2786 pro
1248 2711 1380 2786 persar-aut

316 2793 473 2851 Victorius.
519 2792 570 2872 [In
593 2795 654 2852 Erl.
678 2795 720 2852 sic
742 2813 816 2865 esse,
840 2794 919 2870 quod
935 2794 1008 2852 mihi
1020 2803 1193 2852 annotatum
1204 2804 1278 2864 erat,
1299 2803 1380 2870 negat

313 2879 460 2950 Baiterus,
484 2879 589 2938 sedin
613 2879 701 2957 Glog.
725 2899 797 2938 esse.
841 2881 902 2940 Vix
926 2876 1038 2960 credo]

401 2966 450 3022 62.
473 2965 531 3023 Sed
552 2967 617 3023 laec
635 2969 661 3022 in
679 2969 792 3042 pueram·
813 2985 943 3042 cupresso
964 2985 1026 3022 vero
1048 2964 1118 3043 oet.)
1141 2965 1226 3039 Quae
1243 2966 1274 3022 in
1290 2963 1379 3042 pueris

314 3049 539 3123 adumbrentur,
574 3069 610 3108 ea
631 3050 661 3108 in
684 3052 864 3110 confirmatis
885 3051 1033 3108 aetatibus
1054 3070 1197 3126 expressa
1218 3069 1283 3109 esse
1308 3050 1380 3118 dicit,

314 3154 390 3212 quae
412 3137 595 3214 comparatio
618 3137 856 3195 adumbratamm
868 3136 1030 3212 imaginum
1041 3145 1071 3194 et
1082 3155 1289 3212 expressarum
1299 3146 1379 3210 atque

313 3221 474 3280 solidarum
497 3221 659 3280 formarum
682 3223 853 3299 saepissime
876 3222 913 3278 ab
935 3222 1050 3280 artibus
1071 3220 1251 3280 transfertur
1272 3221 1379 3288 adalia,

314 3317 348 3364 ut
369 3309 456 3366 Tus'e.
470 3309 560 3378 Hae
584 3305 687 3389 (solida
708 3311 843 3384 quaedum
864 3327 908 3365 rea
930 3317 955 3364 et
976 3327 1114 3383 aopreeaa,
1138 3327 1190 3364 raon
1212 3300 1378 3382 adumbrato)

314 3401 344 3449 et
365 3412 419 3469 pro
442 3392 523 3452 Cael.
548 3395 585 3451 12
608 3390 674 3474 (nora
701 3413 831 3470 masaa
857 3396 949 3467 myrra,
984 3396 1033 3450 aad
1054 3395 1219 3450 adumbrata
1239 3389 1378 3468 vineam).

314 3478 443 3536 Restitui
465 3479 543 3536 hunc
564 3479 662 3536 locum
685 3497 722 3536 ex
734 3479 796 3536 Erl.
809 3476 853 3560 [et
864 3475 913 3558 Β].
935 3479 1013 3537 Nam
1026 3487 1114 3536 antea
1125 3479 1278 3550 edebatur,
1300 3485 1379 3536 otest

314 3563 345 3620 in
368 3563 563 3621 deterioribus
585 3564 750 3622 codicibus:
785 3565 842 3622 Sed
864 3566 929 3622 hoec
956 3568 983 3621 ia
1000 3568 1097 3640 pataria
1118 3583 1257 3642 capraea,
1300 3565 1330 3620 [a
1348 3565 1378 3617 iis

314 3665 376 3706 vcro
396 3649 543 3719 actobbua,
578 3669 647 3724 quoe
674 3653 729 3706 tam
755 3652 926 3724 consternatae
947 3660 1024 3719 aaut,
1047 3653 1169 3724 quiscat
1192 3659 1266 3722 cet,
1297 3646 1377 3706 simili

313 3734 544 3810 transpositione
566 3735 638 3804 eius,
662 3753 738 3811 quaa
757 3736 823 3805 §59
847 3744 879 3792 et
901 3737 940 3793 60
963 3735 994 3792 in
1016 3735 1121 3793 iisdem
1144 3736 1294 3794 codicibus
1309 3731 1377 3791 acci·

313 3819 406 3878 derat.
449 3820 555 3895 Itaque
576 3820 641 3878 iure
663 3821 817 3880 Ernestina
828 3819 1040 3887 offendebatur,
1063 3822 1142 3896 quod
1158 3822 1189 3879 in
1201 3821 1302 3879 ssadem
1313 3821 1377 3876 haec

313 3914 344 3962 at
365 3906 539 3964 adumbrata
561 3915 592 3963 et
613 3925 754 3982 expressa
776 3907 953 3978 dicerentur,
976 3916 1006 3964 et
1027 3921 1157 3982 capreaea
1178 3907 1244 3964 tolli
1260 3905 1376 3972 volebat,

313 3990 444 4049 violento
466 3992 610 4060 remedio;
633 4011 729 4068 neque
751 3992 829 4049 enim
852 3993 923 4050 satis
946 4001 991 4050 est
1012 3993 1152 4050 stolidum
1174 3993 1317 4069 glossema
1330 4007 1376 4063 ap-

313 4075 435 4151 pellere,
458 4077 537 4152 quod
558 4095 611 4134 cnr
633 4078 699 4153 quis
721 4077 880 4148 addiderit,
904 4078 963 4135 dici
984 4079 1095 4153 nequit.
1139 4078 1214 4136 Eam
1240 4077 1375 4136 coniectu·

313 4178 376 4218 ram
399 4163 516 4220 Marsus
538 4174 744 4240 praeceperat,
768 4181 854 4238 quern
878 4164 962 4240 sequi
974 4159 1067 4222 Gaius
1091 4163 1195 4221 maluit
1216 4183 1299 4240 qnam
1320 4159 1373 4218 ml.

312 4255 343 4302 et
365 4245 443 4322 Spir.
465 4248 620 4324 inspicare.
