3000 5044
425 377 468 422 nr
490 375 570 422 nnn.
586 353 650 422 mie
667 375 701 423 rv
724 375 796 422 cnr.
815 377 839 422 e.
1097 355 1161 422 515

95 546 209 624 venire,
230 541 370 623 interfici,
391 544 525 626 petriam
548 543 710 609 amittere?
732 546 781 609 Αιι
803 549 940 622 senatus,
962 561 1031 608 cum
1052 542 1160 608 trium·

94 648 189 730 phum
211 647 357 712 Africano
379 647 573 726 decerneret,
600 646 700 728 quod
728 645 808 711 eius
830 645 980 710 virtute
1001 651 1056 709 aut
1076 643 1161 709 feli-

94 751 213 814 citote
239 755 346 830 posset
374 749 492 826 dicere,
521 748 548 813 si
575 732 676 830 neque
702 748 803 812 virtus
829 747 862 812 in
883 747 946 812 ullo
970 747 1029 812 nisi
1056 746 1089 810 ιἰι
1110 763 1161 810 sa·

93 851 199 934 pientc
221 870 277 916 nec
297 850 428 916 felicitas
449 849 603 915 veredici
624 851 749 930 potest?
793 849 880 928 Quae
909 855 959 914 est
984 849 1079 931 igitur
1100 848 1162 914 ista

93 953 298 1034 philosophie,
320 971 401 1034 quae
422 951 575 1017 communi
597 971 683 1016 more
704 951 976 1033 inloroloquitur,
996 951 1029 1016 in
1051 950 1160 1016 libellis
1178 953 1199 1016 5

35 1085 38 1096 =
93 1056 172 1120 suo?
193 1053 377 1134 praesertim
398 1072 476 1134 cum,
498 1055 582 1136 quod
601 1053 646 1118 illi
667 1054 733 1120 suis
754 1053 857 1120 verbis
868 1051 1048 1135 significent,
1068 1053 1100 1117 in
1122 1071 1159 1118 eo

145 1264 168 1308 2.
188 1258 373 1323 purildeeirac
390 1257 581 1323 quoddccr'acll
616 1263 639 1306 θ.
657 1257 819 1310 ateutt’c
853 1259 877 1308 ιἰι
895 1265 953 1324 post
969 1257 1017 1308 nisi
1033 1273 1082 1311 om.
1098 1257 1162 1307 ent>

93 1333 115 1378 5.
136 1326 212 1377 taetro
229 1327 362 1379 necetur.
400 1332 422 1377 6.
443 1327 492 1394 [rui
507 1325 552 1404 Eh]

91 1521 219 1589 traicere,
249 1517 423 1594 Propertius
445 1527 474 1574 et
496 1517 622 1577 Ovidius
645 1519 755 1574 traicere
776 1519 883 1592 aliquid
903 1537 985 1592 super
995 1518 1101 1592 ahquid
1111 1524 1163 1574 aut

85 1624 141 1680 per
162 1605 276 1678 aliquid.
321 1604 426 1678 Neque
448 1611 545 1660 temen
569 1603 715 1679 corrigere
736 1603 820 1673 licet,
847 1610 881 1660 ut
902 1603 941 1659 sit
963 1623 1068 1660 murum
1089 1606 1163 1660 iacn-

90 1692 148 1746 lum
159 1693 314 1760 multasset,
335 1707 403 1746 nons
416 1689 510 1746 solum
532 1697 654 1764 propter
674 1687 856 1758 violentiam,
879 1688 930 1746 sed
952 1688 1030 1763 quod
1053 1688 1163 1763 duplex

89 1775 143 1832 ille
166 1774 350 1860 nosmetipos
372 1792 431 1831 uon
453 1774 573 1850 ponitur
604 1772 661 1831 nisi
688 1773 725 1830 de
751 1773 803 1844 iis,
837 1774 888 1848 qui
915 1773 1107 1831 traducuntur
1133 1781 1164 1830 et

89 1860 322 1917 transvehuntur
342 1879 396 1935 per
417 1859 512 1917 locum
534 1859 671 1934 aliquem.
716 1857 848 1918 Solinum
877 1876 994 1934 quoque
1020 1867 1164 1920 annotant

89 1963 114 2002 c.
141 1945 181 2002 52
205 1945 329 2002 dixisse:
350 1955 380 2002 ut
402 1947 532 2004 nansiaci
549 1941 699 2022 (nemore)
726 1963 759 2002 ae
785 1946 889 2022 sopitae
918 1945 1025 2020 quidem
1048 1946 1162 2020 possint.

88 2029 224 2104 (Plinius
246 2031 285 2088 Η.
296 2030 335 2087 Ν.
352 2031 424 2100 vn,
443 2030 480 2087 21
495 2028 649 2106 supernati.)
682 2029 872 2086 Dauenrr'ttcre
893 2039 987 2087 tectum
1010 2031 1100 2106 lapide
1126 2029 1163 2086 de

89 2116 191 2192 lepide
203 2125 284 2172 trans
297 2123 404 2172 tectum
416 2115 504 2172 misso
515 2114 631 2173 Plinius
642 2115 717 2173 dixit
728 2115 881 2186 XXVIII,
895 2115 949 2186 333
965 2134 1069 2172 verum
1084 2114 1115 2171 in
1127 2133 1162 2172 eo

89 2202 184 2258 verbo
206 2201 352 2258 ablativus
374 2201 410 2256 de
420 2201 614 2258 instrumento
626 2201 799 2258 vulnerandi
815 2219 874 2258 non
885 2201 1005 2276 ponitur
1015 2200 1073 2261 nisi
1084 2200 1163 2276 apud

90 2287 200 2347 Silium
223 2288 347 2367 (cuspide
364 2296 458 2362 pactas
480 2283 558 2362 cet).
603 2284 728 2364 [Pangit
749 2286 878 2343 animum
900 2285 974 2344 illud
996 2286 1026 2344 in
1048 2285 1110 2343 Erl.
1133 2293 1163 2342 et

89 2374 116 2430 B
139 2373 249 2443 aaran,
272 2389 338 2428 cum
360 2371 531 2446 praesertim
553 2371 619 2446 ipsa
640 2371 777 2428 veniendi
799 2372 881 2428 notio
903 2372 999 2429 minus
1026 2379 1097 2448 epta
1118 2371 1162 2428 vi·

89 2459 197 2514 deatur
219 2455 301 2534 (pror
323 2458 362 2514 ad
378 2467 475 2532 portos
497 2455 586 2536 esset).
630 2457 737 2513 Fuitne
759 2457 900 2514 Hannibal
911 2467 1008 2532 partas
1023 2454 1150 2534 scriretl]

178 2543 223 2598 An
245 2541 366 2617 senatus)
390 2541 550 2598 Lambinus
578 2545 604 2598 ιἰι
626 2553 734 2612 senata,
766 2541 874 2600 omisso
895 2563 941 2614 aa,
963 2551 997 2599 ut
1017 2542 1095 2600 idem
1118 2541 1162 2598 in·

88 2629 250 2704 tellegstur
271 2628 301 2684 in
324 2637 428 2684 senatu
449 2627 587 2701 loquens,
621 2626 671 2702 qui
699 2628 728 2684 in
757 2628 901 2685 contione.
950 2627 1047 2687 Credo
1075 2629 1163 2686 atcere

88 2714 189 2790 aptius
212 2712 239 2768 ei
261 2712 333 2788 poni
353 2712 449 2769 visum
471 2731 535 2770 esse
557 2713 593 2770 de
616 2721 750 2770 senatore
762 2713 936 2770 sententiam
948 2714 1062 2770 dicente
1074 2731 1162 2788 quam

88 2800 124 2856 de
147 2798 288 2856 universo
309 2807 421 2854 senatu.
465 2797 524 2857 Sed
546 2798 571 2855 si
593 2797 629 2854 de
650 2799 753 2855 eodem
774 2799 892 2856 homine
919 2799 1053 2875 superior
1073 2799 1163 2856 inter·

87 2884 205 2960 rogatio
229 2883 458 2952 continuaretur,
481 2881 696 2940 desideraretur
718 2883 830 2958 aliquid
851 2884 890 2940 ad
901 2883 1084 2941 vinciendum
1097 2901 1162 2941 ora-

88 2970 201 3026 tionem
225 2965 266 3043 (in
287 2978 380 3025 serrata
401 2965 511 3045 auam).
535 2969 570 3024 In
592 2968 736 3044 proximis
758 2968 857 3026 verbis
879 2967 984 3028 Cicero
1001 2969 1162 3026 diiunctiva

88 3054 238 3130 particula
260 3071 330 3110 usus
353 3061 397 3110 est
419 3051 480 3132 (aut
496 3053 649 3129 felicitate),
673 3054 728 3110 etsi
750 3053 780 3110 in
803 3053 929 3111 decretis
940 3055 1012 3111 haec
1024 3054 1162 3130 coniungi

89 3141 236 3210 solebant,
260 3148 292 3196 ut
314 3139 499 3214 signiticaret,
522 3157 558 3196 ne
580 3139 705 3196 alterum
727 3147 824 3196 utrum
847 3139 965 3214 quidem
988 3138 1045 3196 dici
1062 3139 1161 3210 licere,

88 3226 114 3282 si
138 3225 205 3299 quis
228 3224 345 3283 Stoicos
368 3225 450 3298 sequi
472 3224 570 3280 vellet.
605 3225 688 3301 (Ern.
711 3224 839 3281 malebat
860 3243 893 3282 ac
908 3225 975 3304 sel.)
1016 3223 1096 3293 Quod
1106 3227 1162 3282 aas

88 3311 134 3386 (in
157 3329 217 3384 qno
239 3309 382 3366 retinetur
403 3309 468 3384 ipse
489 3307 585 3367 forma
606 3309 747 3366 orationis
758 3307 877 3368 senatus
888 3309 1104 3389 consultorum)
1116 3329 1161 3367 re-

88 3396 186 3452 stituit
197 3393 346 3454 Gruterus
369 3412 385 3450 e
401 3394 465 3451 Pal.
479 3397 512 3464 t;
528 3395 617 3451 addit
628 3395 768 3452 Davisius
779 3396 864 3452 Parr.
877 3406 947 3468 tres,
971 3395 1064 3455 Gaius
1082 3415 1160 3466 suos,

87 3481 146 3538 nisi
170 3481 249 3555 quod
271 3480 340 3537 Bas.
364 3487 393 3536 et
415 3479 494 3538 Gud.
520 3483 534 3537 1
559 3480 705 3538 retineant
732 3483 800 3555 qaid
826 3483 860 3538 de
881 3484 953 3553 aas,
988 3491 1020 3538 ut
1046 3490 1162 3538 veteres

87 3566 243 3623 editiones.
289 3563 387 3640 (Quod
407 3566 441 3622 dc
462 3564 541 3624 Oxx.
564 3565 690 3641 omnes.)

175 3655 202 3708 ιἰι
225 3653 279 3706 allo
300 3653 390 3706 uisr'in
401 3649 531 3725 sapiente)
555 3649 713 3708 Geminete
731 3660 839 3708 temere
856 3651 955 3709 littera
973 3662 1037 3708 erat
1054 3652 1084 3708 in
1097 3652 1161 3708 cod.

86 3737 250 3814 archetypo
273 3733 378 3812 (Pell,
406 3735 533 3806 Davisii,
556 3735 644 3806 Oxm,
668 3735 736 3794 Gzii
758 3737 902 3808 omnibns,
925 3733 1008 3815 [B]),
1030 3745 1064 3794 ut
1085 3745 1164 3794 esset

87 3825 114 3878 ιἰι
137 3825 219 3893 nullo,
244 3821 323 3896 quod
345 3820 374 3876 in
397 3821 452 3876 hac
474 3820 591 3894 quidem
613 3820 722 3893 forme,
745 3821 797 3880 ubi
824 3825 894 3880 ultus
916 3824 946 3880 in
970 3823 1095 3880 mediam
1118 3822 1162 3879 di-

86 3907 269 3964 iunctionem
293 3916 440 3980 receptum
454 3915 507 3977 est,
529 3925 566 3963 ne
579 3907 706 3982 speciem
723 3907 841 3982 quidem
853 3906 1031 3966 defensionis
1047 3907 1162 3983 recipit.

86 3991 164 4050 Post
185 3993 212 4050 R
234 3991 364 4048 correxit
385 3991 545 4060 Manutius,
567 3992 634 4048 inde
657 3992 897 4052 abErn.0mnes.
920 3995 1035 4052 Deinde
1051 3997 1079 4050 ιἰι
1094 4002 1164 4068 post

86 4081 141 4139 nur
164 4075 224 4157 (ιῖ)
247 4095 306 4133 ιιοιι
329 4085 392 4133 erat
413 4076 614 4153 merchetypo
636 4072 749 4155 (Εΰξχ,
773 4077 850 4154 Spir.
873 4077 937 4159 [B],
954 4081 1033 4150 Bas,
1055 4079 1162 4154 Mon),

87 4164 267 4238 sustulitque
289 4171 358 4236 post
378 4161 456 4220 Vict.
479 4170 509 4220 et
529 4163 609 4220 Men.
632 4162 733 4222 Gaius.
762 4163 912 4223 Ciceronis
923 4165 1161 4222 consvetudinem

86 4248 339 4324 praepositionem
362 4247 502 4324 flagitare,
526 4248 653 4306 ostendit
664 4250 833 4308 Wunderus
844 4251 882 4308 ad
898 4261 972 4309 oret.
995 4271 1048 4327 pro
1060 4251 1162 4308 Plane.

906 4367 957 4422 33*
