2948 5024
331 399 394 464 iit)
725 412 769 456 on
791 410 921 458 eminus
944 410 1015 456 nou.

329 585 435 654 uuum
463 581 661 650 eontraxerit
705 583 754 645 An
781 579 840 644 boo
866 597 1102 661 laqueumque,
1135 578 1227 643 aliter
1257 579 1286 642 in
1311 577 1383 641 rita?

329 697 362 756 ot
384 707 445 754 nou
470 705 507 752 ex
528 683 662 750 maxima
683 689 773 764 parte
794 683 834 747 de
854 687 922 746 tota
942 682 1114 747 iudicabis?
1136 701 1176 746 an
1200 681 1319 746 dubium
1339 692 1385 747 est.

330 790 405 874 quin
421 789 521 854 virtus
536 787 583 852 ita
598 785 762 851 maximam
783 791 905 866 partem
927 785 1065 850 obtineat
1084 785 1117 848 in
1139 784 1234 850 rebus
1254 782 1387 848 humenis

330 901 366 960 ut
388 891 525 974 reliquas
548 889 681 954 obruat?
707 887 837 952 Audebo
864 887 959 968 igitur
980 895 1098 966 cetera,
1134 905 1216 969 quae
1238 886 1388 950 secundun

292 997 476 1066 bustorum
498 992 573 1070 sint,
600 991 682 1056 bone
703 989 863 1070 appellare
891 1007 948 1054 neo
968 987 1117 1054 fraudere
1144 1007 1202 1054 suo
1224 993 1325 1053 vetere
1344 1007 1390 1051 nu

402 1192 1391 1259 t.auuerousqueqoaquecs.pmeuom1.uwdeobeem

331 1285 381 1322 om.
400 1265 536 1318 necetur.
589 1269 613 1316 b.
631 1272 685 1313 suut
703 1262 768 1328 ΜΡ
785 1261 856 1313 suc
908 1262 982 1312 vem·
997 1278 1091 1320 omues,
1111 1261 1159 1313 Or.

332 1475 451 1552 Quinet.
465 1472 521 1542 53,
544 1471 596 1528 ubi
618 1471 713 1528 oratio
724 1470 766 1527 sie
783 1470 1018 1549 interpungenda
1039 1479 1098 1528 est:
1120 1473 1284 1545 respirasset
1305 1469 1392 1544 mpude-

332 1573 375 1622 ιω
396 1569 478 1634 utque
499 1560 631 1623 αυαήείιις
650 1559 765 1632 paulum
780 1558 887 1630 aliquid
909 1558 960 1613 looi
974 1559 1074 1613 salioru
1084 1589 1124 1596 -
1137 1551 1285 1635 decimus]
1307 1555 1393 1628 Quint

331 1646 432 1720 1,1‚8
455 1652 486 1700 et
506 1643 581 1713 XII,
596 1643 625 1714 3,
641 1643 695 1711 123
713 1644 828 1717 paulum
851 1645 937 1698 neseio
958 1643 1026 1717 quid
1046 1661 1101 1717 pro
1122 1641 1211 1698 Rosc.
1229 1643 1301 1699 Am.
1323 1639 1392 1712 115),

331 1733 395 1792 sive
417 1729 495 1805 quod
513 1729 628 1805 puuctum
650 1747 668 1784 a
689 1727 866 1785 substantivi
887 1727 918 1784 in
930 1727 1066 1784 adieetivi
1084 1735 1220 1784 naturam
1237 1726 1393 1787 inclinium

331 1829 364 1876 ut
386 1817 416 1874 in
438 1814 541 1891 paucis
563 1813 755 1872 vetustiorum
778 1813 860 1882 loeis,
884 1811 946 1870 sive
969 1813 1175 1871 coniunctione
1196 1813 1323 1888 quadam
1338 1811 1394 1867 sub

331 1901 536 1971 stentivorum,
559 1895 818 1980 [quemadmodum
839 1899 926 1956 Verr.
938 1899 993 1970 IV,
1008 1899 1047 1955 32
1071 1898 1193 1955 dicitnr:
1215 1918 1248 1956 ne
1270 1899 1394 1973 qm'dptm

331 1986 421 2066 mule]
464 1985 571 2060 Itaque
592 1985 727 2043 Bromius
754 1984 803 2040 hic
820 1985 936 2060 paulum
958 1985 1066 2058 aliquid
1087 1983 1176 2040 scribi
1198 1985 1331 2054 volebat,
1355 1981 1393 2038 eni

332 2071 485 2132 assentior.
525 2069 579 2148 [Et
600 2089 677 2128 nuno
700 2071 741 2127 sio
764 2066 866 2149 edidi]
899 2069 997 2128 Etiam
1021 2071 1088 2140 §75
1107 2088 1209 2144 porum
1228 2089 1283 2145 pro
1295 2071 1393 2145 paulum

332 2159 473 2235 seriptum
496 2156 592 2213 estin
614 2155 676 2212 Erl.
699 2153 771 2232 [nisi
792 2155 836 2212 ibi
857 2153 1074 2233 aliudsubest]¹
1103 2156 1192 2212 Parui
1200 2155 1396 2230 aequandum

333 2254 384 2302 aut
401 2244 521 2320 purvuli,
545 2241 624 2316 quod
646 2240 711 2297 aliis
733 2241 764 2297 in
781 2241 1011 2312 mentamvenit,
1033 2259 1092 2298 non
1104 2248 1184 2296 recte
1196 2240 1318 2310 dicitnr;
1339 2257 1394 2295 nam

333 2327 501 2407 partitionis
524 2335 554 2384 et
575 2345 730 2383 mensurae
751 2325 834 2384 notio
855 2327 898 2384 ite
919 2327 949 2384 in
972 2326 1146 2402 pronomine
1168 2328 1276 2401 aliqutii
1298 2337 1348 2392 est,
1368 2332 1395 2378 ut

333 2415 364 2474 id
387 2412 487 2490 eugeni
510 2412 639 2468 minuive
663 2411 777 2484 debeat,
800 2431 858 2470 non
882 2412 1108 2470 substantivum.

420 2501 465 2555 Au
487 2499 535 2554 boe
557 2517 759 2572 usquequaque,
781 2499 860 2554 aliter
881 2501 907 2554 ιἰι
930 2496 1016 2574 uitet)
1044 2497 1094 2554 An
1117 2496 1173 2553 hoe
1195 2498 1305 2572 ubique
1326 2505 1352 2552 et
1370 2494 1394 2550 iu

334 2583 470 2644 omnibus
492 2583 580 2640 rebus
602 2583 636 2640 fit
657 2583 704 2660 (ut
725 2601 773 2640 res
795 2601 811 2640 a
834 2583 948 2658 potiore
971 2591 1055 2659 parte
1077 2581 1293 2661 appellentur),
1322 2581 1395 2639 aliter

333 2671 364 2728 in
387 2670 448 2726 vita
470 2669 533 2726 lieri
556 2666 662 2726 debet?
684 2669 720 2725 In
744 2668 826 2726 brevi
849 2677 879 2725 et
901 2669 1049 2726 concitata
1070 2677 1100 2725 et
1121 2677 1224 2743 aperte
1247 2668 1395 2741 interroga·

334 2755 414 2814 tione
436 2754 525 2830 poulo
547 2754 649 2812 durius
671 2753 775 2812 Cicero
799 2755 920 2811 verbum
943 2754 1071 2810 maxime
1089 2753 1395 2830 communiasignifioa·

334 2840 423 2900 tionis
445 2839 544 2897 omisit
566 2840 638 2917 (vid.
654 2839 745 2909 adII,
759 2838 828 2916 88);
857 2841 905 2897 loc
926 2849 1024 2896 autem
1047 2839 1161 2896 rettulit
1182 2839 1220 2896 ad
1243 2858 1305 2896 eam
1328 2837 1395 2894 affir-

335 2926 509 2997 mationem,
538 2943 613 2999 quee
635 2925 665 2981 in
689 2923 888 3001 superioribus
911 2925 1055 3002 exemplis
1078 2933 1107 2982 et
1128 2924 1395 3001 interrogationibus

334 3010 468 3069 involute
490 3011 571 3072 latet,
595 3011 839 3085 quemadmodum
862 3010 892 3066 in
915 3011 1004 3078 Tuse.
1016 3012 1055 3082 V,
1071 3011 1145 3068 115:
1173 3009 1249 3078 Quid
1259 3018 1337 3084 erqo!
1356 3015 1395 3063 unt

334 3097 451 3154 Homero
473 3099 670 3156 delectationem
691 3100 776 3154 animi
795 3115 827 3153 uc
849 3097 1009 3172 uoluptatem
1036 3107 1084 3154 out
1110 3098 1238 3170 cuiquam
1265 3097 1338 3153 docto
1357 3093 1395 3149 de

329 3185 420 3258 fuisse
441 3201 569 3256 umquem
590 3183 777 3238 arbitremur!
798 3191 854 3250 uut,
878 3187 907 3238 ui
927 3185 966 3238 ita
987 3202 1016 3239 se
1038 3201 1081 3239 ree
1093 3183 1200 3238 inbuet
1224 3179 1394 3260 (neddere-

334 3277 436 3326 rentnr
448 3262 551 3347 docti),
564 3267 746 3341 Anueoporus
758 3276 813 3324 oet.
847 3267 938 3324 Recte
951 3268 1028 3326 hunc
1043 3269 1139 3325 locum
1152 3268 1312 3325 Lambinus
1323 3281 1396 3322 ener-

333 3353 420 3410 ravit.
438 3352 593 3410 Ernestius
605 3361 634 3409 et
645 3353 832 3424 recentiores,
845 3353 960 3410 sublato
973 3362 1117 3411 commate
1128 3362 1196 3428 post
1207 3367 1394 3428 usquequaque,

334 3438 510 3497 sententiam
533 3445 711 3495 everterunt
754 3437 832 3495 Nam
855 3457 1049 3514 usquequaque
1075 3438 1149 3496 nihil
1183 3447 1228 3496 est
1254 3437 1310 3494 nisi
1335 3437 1395 3492 oumi

335 3527 399 3595 loeo,
423 3526 450 3579 iu
472 3526 544 3579 omui
563 3541 606 3592 re;
628 3542 687 3580 non
710 3523 861 3598 quaeritur
882 3534 995 3594 autem,
1019 3543 1088 3580 num
1111 3523 1141 3580 in
1164 3525 1227 3580 vite
1248 3523 1351 3597 ubique
1370 3527 1393 3572 et

334 3609 365 3666 in
388 3608 524 3666 omnibus
545 3609 633 3665 rebus
656 3608 743 3666 aliter
764 3609 854 3666 statui
876 3628 910 3666 so
932 3609 990 3667 dici
1003 3610 1117 3680 debeat,
1140 3609 1201 3678 sed,
1225 3629 1292 3666 num
1303 3609 1330 3664 in
1343 3605 1394 3662 rite

334 3694 474 3752 universe
495 3693 582 3750 aliter
604 3703 692 3768 utque
712 3695 748 3750 de
769 3695 858 3752 rebus
880 3695 1012 3771 singulis.
1063 3695 1159 3752 Paulo
1181 3705 1250 3770 post
1269 3711 1320 3770 pro
1342 3691 1393 3748 reli·

335 3799 405 3856 quoa
428 3777 554 3855 (partes)
577 3779 686 3836 rectius
698 3779 803 3838 Cioero
815 3781 970 3855 posuisset,
995 3781 1073 3856 quod
1096 3779 1172 3840 Gzio
1196 3799 1254 3838 non
1275 3785 1351 3836 reeta
1365 3773 1393 3828 dt

335 3883 424 3922 oeuse
446 3863 539 3941 (quod
560 3884 604 3921 ree
626 3863 778 3945 audiebat)
801 3865 967 3924 intuentem
981 3866 1070 3937 venit,
1094 3868 1214 3941 reliqum
1236 3885 1301 3922 nem
1311 3863 1393 3919 virtus

335 3950 458 4025 relique,
482 3967 557 4023 quae
579 3959 692 4025 partem
715 3951 844 4026 aliquem
866 3952 1009 4022 obtinent,
1032 3952 1144 4022 obm1it3
1178 3951 1231 4010 sed
1253 3950 1302 4008 cfr.
1324 3952 1338 4018 5
1360 3941 1390 4000 37

335 4037 441 4112 (eurum
463 4032 575 4109 retum).

421 4131 521 4192 estere,
550 4141 620 4195 quoe
641 4123 786 4179 seeundum
808 4133 933 4180 matrum
955 4121 1021 4198 aiut)
1057 4131 1157 4180 cetera
1178 4131 1294 4198 praeter
1314 4119 1390 4175 virtu·

334 4215 410 4279 tem;
432 4225 500 4263 nam
523 4225 559 4263 ea
580 4219 696 4282 quoque
719 4207 954 4285 ipsaseoundum
966 4215 1101 4264 naturam
1113 4215 1157 4265 est
1181 4203 1254 4288 (vid.
1266 4197 1389 4275 adtttt

335 4293 435 4367 itaque
457 4301 536 4349 reete
558 4293 614 4350 hoe
636 4294 812 4352 vocabulum
834 4293 981 4350 adiectum
1003 4303 1049 4350 est
1069 4312 1088 4350 a
1109 4292 1191 4352 Cret.
1215 4303 1244 4352 et
1266 4285 1388 4352 Viturie

335 4377 415 4454 quod
436 4377 507 4448 nrt,
532 4377 609 4454 spir.
622 4376 687 4457 [B],
711 4379 789 4439 Gud.
813 4379 830 4434 2
854 4386 982 4450 mentor,
1006 4397 1064 4436 non
1086 4387 1166 4436 reete
1188 4397 1288 4438 rursus
1308 4370 1389 4434 subla·
