2928 5012
501 449 698 497 ennnrnnno.
1037 429 1125 494 XXV

82 623 240 704 conspiratio
257 641 326 686 cum
344 622 375 686 in
394 621 547 685 scribendi
564 619 732 698 erroribus
756 619 840 683 velut
862 619 949 696 (nam
967 621 1127 702 exangue

80 730 203 810 puticula
225 730 292 794 libri
316 729 444 794 secundi
466 728 607 810 exempla
617 732 746 810 ponam)
770 729 787 792 7
796 731 920 806 panant,
943 729 963 791 9
981 747 1048 790 cam
1063 749 1127 791 aaa

80 837 154 901 dolore
172 842 325 918 esposse,
350 839 391 902 10
412 834 603 914 dissimditon
634 839 671 901 ll
689 855 801 916 propre,
826 837 867 898 14
890 835 922 898 io
944 835 1056 915 unione,
1086 839 1126 900 lo·

79 945 153 1024 dicct,
184 954 248 1010 tum
269 946 401 1010 maxime
422 946 454 1009 in
477 944 597 1009 infinita
619 945 754 1026 quadam
775 944 1026 1025 interpolatione,
1057 963 1126 1010 cnm

80 1063 124 1116 ont
141 1072 222 1118 noces
243 1053 378 1118 librariis
401 1064 566 1118 consuetae
587 1072 645 1135 pro
668 1054 770 1117 minus
792 1052 875 1116 tritis
897 1051 1127 1117 snbsdtnuntnr

77 1163 124 1236 (ld
139 1160 307 1244 pmnclpoto
328 1180 387 1242 pro
402 1165 589 1243 peropaca)
613 1169 676 1240 aut,
698 1166 856 1226 structura
878 1161 1026 1224 orationis
1048 1161 1127 1224 etvi

77 1289 129 1332 non
147 1277 310 1351 perspecta
332 1270 429 1335 verba
450 1275 611 1334 mutantur
639 1271 673 1347 (5
695 1267 783 1331 aolino
810 1267 934 1348 deficare
961 1288 1018 1350 pro
1040 1267 1128 1332 odim

76 1375 191 1454 defines,
212 1377 353 1453 ltldocct,
375 1375 490 1440 calt—
503 1376 712 1460 distiopcipro
724 1375 1128 1459 docerevolt—-clis'liapodt,

77 1485 111 1548 30
121 1483 159 1546 rel
167 1484 299 1564 diradare,
322 1485 445 1550 sublata
465 1485 575 1567 figura,
586 1485 845 1566 procidendae),
867 1485 1022 1550 interdum
1033 1487 1127 1551 etiam

75 1603 186 1672 propter
205 1604 339 1658 veterem
362 1594 516 1658 scribendi
544 1593 694 1658 rationem
718 1613 779 1658 non
804 1593 988 1658 intellectam
1012 1597 1065 1674 (17
1088 1595 1129 1658 sit

74 1701 203 1780 prosint,
223 1703 307 1783 quod
329 1702 426 1765 ononis
448 1702 614 1782 singularis
637 1703 756 1767 numeri
778 1721 847 1767 esse
858 1703 1050 1783 putabatur),
1073 1709 1128 1767 ant

71 1827 155 1887 prava
174 1810 361 1876 correctione
384 1811 576 1874 ancillantur
597 1812 719 1890 menda,
742 1811 855 1892 partim
877 1829 957 1892 quae
978 1811 1009 1874 in
1021 1812 1128 1876 codice

72 1916 220 2000 archetypo
252 1925 343 1984 erant
375 1925 407 1983 et
437 1919 468 1982 in
497 1917 674 1984 melioribus
708 1917 864 1983 codicibus
898 1924 1023 1982 servata
1055 1925 1129 1983 snut

73 2027 101 2102 (6
120 2026 201 2106 quoe
221 2027 289 2107 pacis
309 2045 369 2108 pro
393 2026 460 2106 poca
482 2025 571 2106 quasi
593 2045 630 2090 ex
653 2025 721 2108 qais
742 2045 861 2107 comesa,
884 2026 904 2090 8
926 2024 1048 2088 laurent
1068 2046 1128 2108 pro

70 2130 191 2197 anretar
210 2155 247 2200 en
268 2132 425 2213 laturam,
454 2137 494 2200 16
518 2133 637 2215 paidom
658 2153 718 2215 pro
740 2134 818 2197 idean
839 2153 876 2198 ex
897 2133 990 2216 item),
1013 2135 1127 2214 partim

70 2260 140 2320 qnae
158 2243 188 2305 in
209 2243 319 2307 horum
341 2243 479 2307 codicum
503 2243 644 2324 principe
671 2249 745 2306 nata
767 2247 857 2306 erant
884 2241 939 2323 (II,
961 2243 1001 2305 26
1024 2247 1056 2306 et
1077 2243 1128 2321 30,

68 2349 120 2424 nini,
140 2368 228 2431 quam
250 2351 400 2414 audacter
422 2351 525 2415 omnia
547 2369 639 2415 versa
661 2349 736 2429 sint,
770 2369 838 2415 curn
868 2349 961 2414 semel
989 2357 1128 2414 erratum

70 2465 150 2534 esset,
170 2458 322 2522 declaravi
344 2458 375 2522 in
398 2459 502 2540 notis).
547 2460 650 2538 Atque
678 2458 771 2522 etiarn
799 2475 906 2522 eorum
935 2459 1128 2524 additamen-
1249 2485 1252 2492 ¹

69 2575 168 2642 comm,
188 2585 267 2647 quae
288 2565 376 2630 initio
399 2566 498 2646 posui,
521 2567 581 2630 alia
603 2566 754 2630 eiusmodi
782 2574 869 2644 sunt,
903 2571 939 2630 ut
966 2567 1005 2629 ad
1027 2566 1128 2646 ipsam

69 2673 170 2737 codicis
191 2674 350 2755 archetypi
373 2673 561 2754 scripturam
583 2674 679 2738 verba
696 2673 815 2764 adiecta
827 2693 896 2738 esse
907 2681 1022 2754 pateat,
1045 2674 1130 2738 velut

66 2779 99 2846 ll
122 2783 168 2858 12,
193 2784 227 2846 li
254 2781 323 2856 (nbi
345 2780 440 2844 dicere
461 2782 601 2846 additum
623 2789 672 2845 est
693 2782 833 2846 oratione
856 2782 936 2846 male
958 2782 1126 2864 distincta),

69 2891 108 2954 lto.
129 2889 188 2953 alin
209 2889 370 2968 eiusmodi,
392 2896 428 2953 ut
448 2895 513 2953 turn
536 2891 662 2954 demum
684 2891 770 2954 nasci
790 2890 962 2970 potuerint,
985 2907 1054 2953 cnm
1077 2909 1128 2954 co-

66 2995 131 3060 dicis
153 2997 313 3079 archetypi
335 2997 500 3078 scriptura,
524 3016 605 3078 qnae
626 2999 658 3062 in
681 2997 858 3062 melioribus
881 3005 1037 3079 superest,
1060 3016 1128 3062 cor-

65 3117 148 3184 mpla
176 3113 275 3183 esset,
308 3113 344 3168 ut
366 3123 435 3168 cnm
457 3106 497 3184 ΙΙ,
515 3107 558 3169 44
580 3125 638 3186 pro
660 3105 719 3168 nisi
746 3106 896 3186 scriptum
919 3111 1004 3170 essct
1024 3105 1074 3168 abi
1095 3106 1129 3185 ci,

65 3209 123 3276 linc
145 3223 219 3276 nata
241 3219 289 3276 est
312 3213 472 3293 apodosis:
496 3216 584 3275 taam
605 3217 648 3276 ast
669 3218 704 3276 nt
725 3233 874 3296 magmas.
1078 3192 1079 3201 ἵ

136 3321 205 3386 Hae
227 3326 302 3386 sunt
323 3320 418 3402 igitur
440 3321 521 3385 dnae
544 3321 683 3386 codicum
698 3321 840 3400 familiae,
862 3322 944 3386 inter
960 3341 1128 3402 qnaspau·

64 3445 105 3490 cos
126 3429 281 3510 quosdam
304 3429 424 3493 codices
435 3429 479 3492 ita
490 3428 669 3494 interiectos
689 3448 757 3494 esse
769 3429 862 3510 paulo
874 3434 947 3510 post
957 3431 1128 3509 ostendam,

64 3547 89 3596 nt
108 3549 209 3600 tamen
232 3537 330 3602 multo
351 3536 481 3618 propius
503 3537 544 3600 ad
566 3537 737 3602 deteriores
759 3537 916 3602 accedant
949 3537 986 3601 ln
1003 3537 1128 3602 meliore

63 3643 189 3708 odiunm
212 3643 331 3708 familia
353 3643 597 3708 suntPolatinus
616 3645 745 3726 primus
768 3645 978 3726 Erlangensis
1002 3643 1128 3726 Spiren-

62 3751 106 3827 sis
127 3753 315 3835 [Vaticanus
338 3753 425 3830 alter,
449 3751 499 3834 B‚]
522 3752 564 3832 is,
592 3753 698 3833 quiin
721 3754 861 3834 margine
884 3752 1049 3818 Cratandri
1071 3770 1128 3832 ap-

61 3858 194 3938 pellatur,
217 3859 425 3938 MoreliannS,
457 3860 672 3942 Scaligeranus
707 3861 754 3940 (in
782 3879 843 3942 qno
872 3869 974 3925 tannen
1003 3860 1129 3941 quasit

61 3968 191 4032 actione
212 3970 379 4046 utendum,
408 3968 469 4032 dixi
493 3969 540 4048 §l
565 3969 618 4048 D),
642 3968 861 4034 Gronovianns
889 3969 997 4050 patris.
1011 3972 1038 4047 ¹)
1082 3968 1130 4034 De

60 4071 163 4141 Eliensi
188 4077 329 4141 secundo
356 4081 487 4157 propter
517 4076 636 4140 Davisii
664 4078 889 4160 neglegentiam
917 4077 1045 4142 dnbinnn
1072 4085 1129 4155 est,

84 4333 88 4360 ¹
116 4337 174 4386 (lor.
197 4336 321 4386 (litanias
340 4337 366 4384 in
386 4334 496 4396 epistula
516 4335 627 4398 quodam
646 4335 677 4384 ad
688 4335 849 4397 scaligerum
869 4335 1021 4396 (Burmanni
1033 4333 1128 4398 Syllog.

116 4422 186 4472 Tem.
199 4421 220 4471 ll
241 4435 267 4484 p.
279 4417 330 4470 307
349 4425 374 4468 et
392 4419 455 4482 308)
475 4433 504 4468 cr
523 4419 602 4469 huius
621 4422 723 4482 generis
743 4421 831 4470 codice
851 4421 976 4471 nonnulla
994 4419 1096 4482 protect.
