2938 5020
383 443 427 488 er
451 442 531 488 mun.
554 441 617 488 uus.
641 443 663 488 u
686 443 759 490 cnr.
780 443 853 492 s-r.
1090 423 1152 488 173

94 612 179 692 ipsam
199 611 401 692 voluptatem,
430 629 522 692 quam
546 613 654 676 eodem
676 611 798 677 nomine
820 629 926 677 omnes
949 609 1151 691 appellamus,

93 713 184 778 laudat
203 713 275 778 locis
297 713 456 794 plurimis,
478 715 574 779 audet
595 713 712 792 dicere,
735 733 774 778 ue
797 713 948 794 suspicari
970 713 1095 793 quidem
1117 731 1152 777 se

92 815 173 878 ullum
196 815 309 880 bouum
331 815 505 881 seiunctum
537 818 576 882 ab
608 815 660 881 illo
682 817 862 898 Aristippeo
890 833 1005 897 genere
1037 816 1148 897 volup·
1186 859 1190 866 -

93 917 165 996 tatis;
195 924 288 1000 atque
314 917 357 981 ibi
385 917 442 982 boc
469 918 556 997 dicit,
590 917 642 982 ubi
675 917 775 984 omnis
807 919 874 984 eius
907 923 956 983 est
983 918 1082 982 oratio
1110 918 1150 982 de

93 1019 304 1085 summobono.
349 1019 386 1084 In
408 1020 469 1084 alio
491 1039 565 1086 vero
587 1020 675 1099 libro,
697 1020 729 1085 in
753 1039 829 1102 quo,
852 1021 988 1086 breviter
1009 1037 1149 1101 compre·
1168 1021 1189 1085 5

94 1120 180 1186 heusis
201 1121 391 1204 gravissimis
419 1123 589 1201 sententiis,
611 1123 701 1204 quasi
723 1123 850 1194 marma
871 1122 1005 1188 edidisse
1027 1122 1150 1202 sapien-

95 1223 144 1287 tiae
162 1224 277 1302 dicium,
301 1223 408 1290 scribit
430 1225 477 1289 his
500 1225 611 1304 verbis
633 1243 714 1307 quae
735 1231 810 1290 nota
827 1225 882 1288 tibi
900 1223 1049 1307 profecto,
1071 1224 1150 1288 Tor-

96 1335 180 1404 quate,
201 1335 271 1392 sunt
294 1325 380 1408 (quis
401 1328 482 1392 euim
505 1335 645 1392 vestrum
666 1346 728 1392 uon
750 1326 877 1392 edidicit
898 1325 1024 1408 Epicuri
1046 1323 1151 1404 κυρίας
1172 1397 1175 1402 ,

96 1418 176 1506 δόξας,
197 1429 228 1492 id
250 1435 308 1506 est,
331 1429 421 1510 qnasi
443 1429 574 1494 maxime
596 1435 692 1508 ratas,
714 1429 787 1510 quia
808 1429 1010 1510 gravissimae
1032 1429 1095 1492 siut
1111 1427 1150 1490 ad

152 1637 169 1680 l.
186 1650 264 1682 muner
283 1650 332 1684 um.
352 1633 375 1682 R
406 1633 583 1714 [appellantA]
622 1639 644 1685 3
667 1633 701 1702 [ce
718 1634 804 1683 uictum
821 1649 868 1698 pro
885 1633 1012 1683 seiunctum
1028 1631 1062 1698 A]
1083 1630 1150 1680 senei-

96 1699 170 1748 ΜΡ
193 1709 288 1750 4..orut
301 1701 440 1752 casata
464 1702 513 1754 eine
536 1712 596 1752 orat.
617 1703 695 1752 esti·
736 1701 920 1752 ⁵.libronbiC
958 1706 980 1753 6.
1007 1698 1148 1768 [eddam]

98 1768 145 1813 7.“’
128 1785 152 1816 ιιι
168 1769 214 1818 LM
249 1788 312 1834 qnae
330 1780 352 1820 et
370 1771 466 1823 omae
498 1775 520 1820 8.
539 1779 642 1820 nostrum
661 1771 682 1822 R
703 1770 793 1839 [cynas
810 1769 888 1820 doxae
906 1769 941 1837 A]
971 1775 994 1818 9.
1013 1769 1085 1832 quari
1101 1783 1149 1820 om
1228 1823 1236 1836 θ

97 1833 195 1887 LPMCR
227 1841 297 1888 trdus
315 1839 363 1888 Em
386 1839 459 1906 [tates
476 1838 526 1906 Eh]
565 1857 635 1902 quam
651 1857 687 1904 qr
703 1841 725 1888 R
759 1840 844 1888 snutl

99 2027 185 2083 genere
205 2012 347 2070 dictum
339 2014 383 2070 rri.
428 2015 540 2072 Verum
563 2014 604 2070 ibi
627 2014 747 2071 uberius
769 2013 967 2082 confirmatur,
990 2011 1149 2087 Epicurum

99 2095 279 2174 Aristippeum
301 2099 382 2156 illam
405 2099 683 2174 luxuriosornmque
701 2098 881 2174 voluptatem
899 2116 956 2155 nou
974 2097 1150 2174 improbare.

99 2179 193 2238 Deinde
220 2185 249 2240 in
277 2184 352 2242 hauc
376 2183 480 2244 Cicero
509 2184 659 2242 invehitur
681 2183 799 2259 lateque
821 2184 991 2260 digreditur.
1046 2183 1150 2256 Itaque

100 2265 128 2320 ed
154 2267 272 2326 alterum
301 2289 394 2346 genus
421 2269 582 2345 voluptatis
605 2270 642 2327 ab
664 2270 794 2347 Epicuro
817 2270 972 2346 probatum
995 2268 1087 2344 (quod
1110 2269 1150 2324 le·

99 2351 197 2410 tissime
234 2355 417 2430 significatur
450 2361 464 2426 ξ
495 2355 549 2432 22)
587 2356 759 2432 pervenitur
785 2373 810 2412 c.
834 2355 867 2417 9.
892 2355 932 2412 28
955 2354 1075 2432 (Deinde
1107 2355 1153 2410 nli

99 2437 183 2493 enituit
203 2441 279 2512 eta),
304 2459 358 2498 nec
381 2441 422 2498 ita
445 2442 595 2513 transitur,
619 2450 652 2498 ut
674 2441 831 2499 admodum
850 2440 1043 2498 admoneatur
1058 2439 1151 2497 lector

95 2519 150 2576 de
144 2524 217 2581 mitio
239 2526 448 2602 disputationis
471 2537 500 2584 et
522 2545 688 2604 progressu.
741 2527 847 2584 Eueni
836 2545 923 2601 qucum
939 2523 1150 2601 primusGrut

96 2605 189 2666 Firmat
211 2613 298 2668 etiam
322 2611 401 2710 Spir.
424 2610 488 2690 [B].
512 2611 610 2671 Ceteri
632 2610 702 2671 Gaii
725 2623 757 2668 ut
780 2612 872 2670 nostri
896 2611 1064 2669 deteriores.

165 2715 193 2751 ue
213 2700 347 2773 arcpsrmi
367 2699 473 2772 qnidam
503 2701 541 2771 ee)
575 2687 641 2754 ouidi
665 2694 784 2772 νοήσαις
818 2697 921 2756 eodem
948 2696 1035 2754 modo
1062 2695 1152 2752 vertit

97 2775 209 2836 lAcad.
233 2783 259 2838 7.

168 2867 208 2922 inti
226 2871 310 2924 munia
332 2871 388 2926 eires
410 2878 449 2924 est
471 2869 600 2942 oratio)'
591 2887 620 2925 ru
644 2867 720 2924 libro
743 2856 808 2944 περὶ
830 2859 950 2937 τέλους,
985 2877 1017 2924 ut
1040 2866 1149 2924 dictum

95 2957 130 3002 est
150 2950 183 3007 ad
203 2957 216 3022 ξ
239 2955 267 3010 7.
313 2953 347 3010 Iu
365 2953 467 3011 ordine
485 2955 640 3012 verborum
664 2971 730 3010 cuin
744 2951 806 3009 Erl.
818 2951 890 3010 facit
902 2951 980 3029 Spir.
993 2949 1061 3030 [B];
1085 2969 1150 3008 cum

96 3030 114 3087 L
133 3035 190 3092 cod
210 3038 287 3101 Bas..
312 3039 357 3096 ed.
380 3038 475 3108 Crat,
498 3040 577 3098 Vict.

167 3123 193 3178 id
211 3136 261 3180 est.
286 3127 379 3199 qnasi)
401 3125 582 3182 Particulam
605 3143 621 3181 e
644 3122 708 3181 Pal.
737 3123 832 3198 primo
855 3122 967 3179 addidit
989 3120 1150 3190 Gruterus3

94 3218 142 3258 nou
164 3206 269 3266 deesset
294 3209 388 3285 Spir..
422 3210 479 3267 nisi
501 3209 595 3268 Gzius
623 3209 741 3266 omnino
769 3209 878 3266 oblitus
909 3216 988 3264 esset
1009 3207 1044 3264 de
1067 3207 1151 3264 codd.

93 3287 184 3347 dicere.
235 3295 345 3354 Omnia
372 3295 445 3352 haec
467 3296 558 3352 verba
585 3313 678 3370 usque
711 3294 748 3351 ad
776 3297 917 3351 emerendae
949 3292 1068 3350 fuerunt
1101 3293 1150 3366 qui

94 3371 256 3441 damnarent.
281 3381 404 3448 iuimia;
432 3381 568 3438 Latinam
592 3380 669 3437 euim
692 3379 964 3455 interpretationem
987 3379 1070 3436 verbi
1093 3397 1150 3435 uon

95 3467 142 3518 tam
162 3483 211 3538 per
232 3485 263 3523 se
286 3465 404 3524 obscuri
426 3485 529 3542 quam,
563 3467 710 3540 quomodo
739 3475 768 3522 et
790 3483 849 3539 qua
871 3465 907 3522 de
936 3469 1024 3522 eausa
1047 3464 1082 3521 de
1105 3463 1151 3520 his

94 3550 227 3608 sententiis
248 3551 411 3622 diceretur,
440 3551 651 3609 dubitationem
679 3549 829 3608 afferentis
851 3549 956 3610 Cicero
979 3550 1090 3626 posuit,
1119 3558 1151 3606 ut

96 3630 117 3683 ti
136 3631 215 3692 huius
235 3637 329 3712 ipsius
351 3637 395 3694 rei
417 3637 643 3714 explicationem
667 3637 854 3712 adiungeret3
877 3654 1000 3710 eamque
1022 3637 1060 3693 ob
1082 3653 1150 3692 cau-

94 3731 152 3786 tem,
173 3737 245 3787 cum,
269 3740 323 3780 cur
345 3722 401 3778 hae
423 3723 608 3799 potissimum
628 3721 790 3780 sententiae
807 3721 849 3779 sic
866 3721 1032 3798 appellatae
1044 3731 1150 3789 esseut,

96 3799 268 3876 significares,
302 3810 417 3864 mamma
449 3807 562 3865 addidit
596 3816 639 3880 et,
672 3826 738 3864 curu
760 3807 899 3864 Latinum
922 3807 1128 3863 v'ocabulum
1120 3827 1149 3863 ru

94 3885 136 3942 lali
154 3909 184 3946 re
206 3911 307 3968 purum
338 3892 477 3950 usitatum
501 3903 591 3962 esset,
625 3897 718 3968 qemsi3
752 3911 847 3968 neque
869 3892 1007 3950 Latinum
1030 3910 1150 3967 prorsus

95 3967 197 4034 Graeco
216 3979 389 4072 respondet,
423 3997 489 4036 uam
517 3989 606 4035 rebem
623 3988 677 4050 est,
700 3977 779 4054 quod
801 3977 990 4036 confirmatur
1012 3995 1065 4034 uec
1088 3997 1150 4034 mu·

95 4062 174 4125 tetur,
197 4081 306 4140 neptun,
330 4064 408 4138 quod
430 4065 491 4121 vim
514 4064 641 4136 obtinet;
675 4065 774 4139 itaque
802 4064 831 4120 iu
854 4063 947 4120 altero
970 4062 1149 4134 stabilitatis,

95 4137 119 4194 in
138 4144 223 4204 altero
245 4149 429 4207 auctoritatis
450 4151 532 4208 notio
555 4150 672 4222 eminet,
695 4167 872 4225 quamquam
894 4167 931 4206 ne
948 4149 1020 4206 haec
1032 4149 1149 4223 quidem

96 4223 118 4278 in
138 4235 590 4293 undantemundantem
616 4237 754 4294 meandum
777 4253 836 4292 non
858 4245 918 4292 tam
941 4234 979 4292 ad
1000 4239 1150 4292 mentitiutoe

97 4313 138 4369 sinu
162 4317 202 4392 (in
225 4339 283 4394 quo
305 4321 409 4378 haeret
429 4319 584 4401 Davisius)
617 4341 705 4398 quem
738 4321 776 4378 ad
801 4323 977 4395 praenestinae
1004 4321 1150 4398 pertinere
