<?xml version="1.0" encoding="UTF-8"?>
<!DOCTYPE html PUBLIC "-//W3C//DTD XHTML 1.0 Transitional//EN"
    "http://www.w3.org/TR/xhtml1/DTD/xhtml1-transitional.dtd">
<html xmlns="http://www.w3.org/1999/xhtml" xml:lang="en" lang="en">
 <head>
  <title>
</title>
<meta http-equiv="Content-Type" content="text/html;charset=utf-8" />
  <meta name='ocr-system' content='tesseract 3.04.00' />
  <meta name='ocr-capabilities' content='ocr_page ocr_carea ocr_par ocr_line ocrx_word'/>
</head>
<body>
  <div class='ocr_page' id='page_1' title='image "./definibusbonoru04cicegoog_0638.png"; bbox 0 0 3000 5044; ppageno 0'>
   <div class='ocr_carea' id='block_1_1' title="bbox 364 389 1046 454">
    <p class='ocr_par' dir='ltr' id='par_1_1' title="bbox 364 389 1046 454">
     <span class='ocr_line' id='line_1_1' title="bbox 364 389 1046 454; baseline 0 -2"><span class='ocrx_word' id='word_1_1' title='bbox 364 389 427 453; x_wconf 77' lang='lat'>562</span> <span class='ocrx_word' id='word_1_2' title='bbox 756 407 800 452; x_wconf 85' lang='lat' dir='ltr'>aa</span> <span class='ocrx_word' id='word_1_3' title='bbox 823 407 953 454; x_wconf 78' lang='lat' dir='ltr'>sumnus</span> <span class='ocrx_word' id='word_1_4' title='bbox 976 408 1046 453; x_wconf 87' lang='lat' dir='ltr'>nou.</span> 
     </span>
    </p>
   </div>
   <div class='ocr_carea' id='block_1_2' title="bbox 364 577 1417 864">
    <p class='ocr_par' dir='ltr' id='par_1_2' title="bbox 364 577 1417 864">
     <span class='ocr_line' id='line_1_2' title="bbox 364 577 1415 657; baseline -0.002 -17"><span class='ocrx_word' id='word_1_5' title='bbox 364 594 489 640; x_wconf 89' lang='lat' dir='ltr'>causam</span> <span class='ocrx_word' id='word_1_6' title='bbox 501 595 562 640; x_wconf 92' lang='lat' dir='ltr'>nou</span> <span class='ocrx_word' id='word_1_7' title='bbox 574 577 725 655; x_wconf 89' lang='lat' dir='ltr'>obtinens,</span> <span class='ocrx_word' id='word_1_8' title='bbox 737 581 932 657; x_wconf 82' lang='lat' dir='ltr'>repugnante</span> <span class='ocrx_word' id='word_1_9' title='bbox 943 584 1063 654; x_wconf 78' lang='lat' dir='ltr'>aalma,</span> <span class='ocrx_word' id='word_1_10' title='bbox 1076 578 1171 641; x_wconf 84' lang='lat' dir='ltr'>verba</span> <span class='ocrx_word' id='word_1_11' title='bbox 1183 596 1311 642; x_wconf 60' lang='lat' dir='ltr'>aversare</span> <span class='ocrx_word' id='word_1_12' title='bbox 1323 577 1415 656; x_wconf 86' lang='lat' dir='ltr'>coepit:</span> 
     </span>
     <span class='ocr_line' id='line_1_3' title="bbox 364 678 1415 760; baseline -0.005 -18"><span class='ocrx_word' id='word_1_13' title='bbox 364 686 396 742; x_wconf 91' lang='lat' dir='ltr'>et</span> <span class='ocrx_word' id='word_1_14' title='bbox 416 679 549 759; x_wconf 73' lang='lat' dir='ltr'>prinlum</span> <span class='ocrx_word' id='word_1_15' title='bbox 572 679 664 744; x_wconf 90' lang='lat' dir='ltr'>rebus</span> <span class='ocrx_word' id='word_1_16' title='bbox 686 678 732 757; x_wconf 77' lang='lat' dir='ltr'>iia,</span> <span class='ocrx_word' id='word_1_17' title='bbox 755 697 833 760; x_wconf 88' lang='lat' dir='ltr'>quas</span> <span class='ocrx_word' id='word_1_18' title='bbox 857 697 914 742; x_wconf 90' lang='lat' dir='ltr'>uos</span> <span class='ocrx_word' id='word_1_19' title='bbox 936 679 1034 743; x_wconf 90' lang='lat' dir='ltr'>bonas</span> <span class='ocrx_word' id='word_1_20' title='bbox 1058 680 1197 757; x_wconf 79' lang='lat' dir='ltr'>dicimus,</span> <span class='ocrx_word' id='word_1_21' title='bbox 1220 679 1375 744; x_wconf 77' lang='lat' dir='ltr'>concessit.</span> <span class='ocrx_word' id='word_1_22' title='bbox 1393 693 1415 738; x_wconf 90' lang='lat' dir='ltr'>u</span> 
     </span>
     <span class='ocr_line' id='line_1_4' title="bbox 364 779 1417 864; baseline -0.002 -20"><span class='ocrx_word' id='word_1_23' title='bbox 364 779 551 846; x_wconf 83' lang='lat' dir='ltr'><strong>haberentur</strong></span> <span class='ocrx_word' id='word_1_24' title='bbox 562 787 663 862; x_wconf 87' lang='lat' dir='ltr'>aptae,</span> <span class='ocrx_word' id='word_1_25' title='bbox 686 780 831 864; x_wconf 87' lang='lat' dir='ltr'>[habiles]</span> <span class='ocrx_word' id='word_1_26' title='bbox 844 781 925 845; x_wconf 87' lang='lat' dir='ltr'>etad</span> <span class='ocrx_word' id='word_1_27' title='bbox 949 789 1092 846; x_wconf 89' lang='lat' dir='ltr'>naturam</span> <span class='ocrx_word' id='word_1_28' title='bbox 1111 784 1365 858; x_wconf 72' lang='lat' dir='ltr'>accommodatae,</span> <span class='ocrx_word' id='word_1_29' title='bbox 1384 779 1417 842; x_wconf 82' lang='lat' dir='ltr'>ia-</span> 
     </span>
    </p>
   </div>
   <div class='ocr_carea' id='block_1_3' title="bbox 433 1001 1242 1056">
    <p class='ocr_par' dir='ltr' id='par_1_3' title="bbox 433 1001 1242 1056">
     <span class='ocr_line' id='line_1_5' title="bbox 433 1001 1242 1056; baseline 0.005 -8"><span class='ocrx_word' id='word_1_30' title='bbox 433 1007 455 1051; x_wconf 75' lang='lat'>2.</span> <span class='ocrx_word' id='word_1_31' title='bbox 475 1001 578 1056; x_wconf 75' lang='lat' dir='ltr'>ducimus</span> <span class='ocrx_word' id='word_1_32' title='bbox 599 1001 684 1054; x_wconf 63' lang='lat' dir='ltr'>ecce.</span> <span class='ocrx_word' id='word_1_33' title='bbox 721 1009 745 1054; x_wconf 78' lang='grc'>3.</span> <span class='ocrx_word' id='word_1_34' title='bbox 763 1001 852 1052; x_wconf 83' lang='lat' dir='ltr'>labiles</span> <span class='ocrx_word' id='word_1_35' title='bbox 871 1004 924 1052; x_wconf 88' lang='lat' dir='ltr'>sine</span> <span class='ocrx_word' id='word_1_36' title='bbox 943 1003 1014 1052; x_wconf 79' lang='lat' dir='ltr'>uineis</span> <span class='ocrx_word' id='word_1_37' title='bbox 1032 1003 1074 1052; x_wconf 86' lang='lat' dir='ltr'>Or.</span> <span class='ocrx_word' id='word_1_38' title='bbox 1111 1012 1132 1052; x_wconf 86' lang='lat' dir='ltr'>et</span> <span class='ocrx_word' id='word_1_39' title='bbox 1151 1019 1200 1055; x_wconf 89' lang='lat' dir='ltr'>om.</span> <span class='ocrx_word' id='word_1_40' title='bbox 1221 1004 1242 1052; x_wconf 77' lang='lat'>1.</span> 
     </span>
    </p>
   </div>
   <div class='ocr_carea' id='block_1_4' title="bbox 362 1201 1438 4452">
    <p class='ocr_par' dir='ltr' id='par_1_4' title="bbox 363 1201 1419 2059">
     <span class='ocr_line' id='line_1_6' title="bbox 364 1201 1418 1291; baseline 0 -25"><span class='ocrx_word' id='word_1_41' title='bbox 364 1211 488 1280; x_wconf 85' lang='lat' dir='ltr'>videtur,</span> <span class='ocrx_word' id='word_1_42' title='bbox 501 1220 534 1268; x_wconf 91' lang='lat' dir='ltr'>ut</span> <span class='ocrx_word' id='word_1_43' title='bbox 546 1213 687 1268; x_wconf 77' lang='lat' dir='ltr'>Piraeeum</span> <span class='ocrx_word' id='word_1_44' title='bbox 698 1201 750 1266; x_wconf 77' lang='grc' dir='ltr'>τὸν</span> <span class='ocrx_word' id='word_1_45' title='bbox 762 1208 893 1287; x_wconf 76' lang='grc' dir='ltr'><strong><em>Πειραιᾶ</em></strong></span> <span class='ocrx_word' id='word_1_46' title='bbox 905 1212 941 1268; x_wconf 88' lang='lat' dir='ltr'>ad</span> <span class='ocrx_word' id='word_1_47' title='bbox 954 1212 1018 1268; x_wconf 79' lang='lat' dir='ltr'>Act..</span> <span class='ocrx_word' id='word_1_48' title='bbox 1030 1212 1100 1271; x_wconf 80' lang='lat' dir='ltr'>VII.</span> <span class='ocrx_word' id='word_1_49' title='bbox 1115 1213 1142 1269; x_wconf 81' lang='lat'>3.</span> <span class='ocrx_word' id='word_1_50' title='bbox 1160 1210 1226 1288; x_wconf 87' lang='lat'>10];</span> <span class='ocrx_word' id='word_1_51' title='bbox 1250 1220 1313 1268; x_wconf 91' lang='lat' dir='ltr'>tum</span> <span class='ocrx_word' id='word_1_52' title='bbox 1331 1209 1359 1291; x_wconf 76' lang='lat' dir='ltr'>[a</span> <span class='ocrx_word' id='word_1_53' title='bbox 1368 1213 1418 1266; x_wconf 72' lang='lat' dir='ltr'>Po·-</span> 
     </span>
     <span class='ocr_line' id='line_1_7' title="bbox 365 1293 1418 1376; baseline -0.003 -23"><span class='ocrx_word' id='word_1_54' title='bbox 365 1301 423 1354; x_wconf 82' lang='lat' dir='ltr'>nico</span> <span class='ocrx_word' id='word_1_55' title='bbox 435 1293 485 1376; x_wconf 90' lang='lat' dir='ltr'>B,]</span> <span class='ocrx_word' id='word_1_56' title='bbox 502 1318 519 1352; x_wconf 88' lang='lat' dir='ltr'>a</span> <span class='ocrx_word' id='word_1_57' title='bbox 528 1301 631 1372; x_wconf 84' lang='lat' dir='ltr'>poetica</span> <span class='ocrx_word' id='word_1_58' title='bbox 644 1298 727 1372; x_wconf 74' lang='grc' dir='ltr'>Πχψ,</span> <span class='ocrx_word' id='word_1_59' title='bbox 750 1305 820 1352; x_wconf 88' lang='lat' dir='ltr'>vett.</span> <span class='ocrx_word' id='word_1_60' title='bbox 833 1297 898 1352; x_wconf 89' lang='lat' dir='ltr'>edd.</span> <span class='ocrx_word' id='word_1_61' title='bbox 911 1301 1028 1373; x_wconf 85' lang='lat' dir='ltr'>(apotcia</span> <span class='ocrx_word' id='word_1_62' title='bbox 1042 1297 1075 1367; x_wconf 84' lang='lat' dir='ltr'>E,</span> <span class='ocrx_word' id='word_1_63' title='bbox 1088 1307 1193 1372; x_wconf 85' lang='lat' dir='ltr'>upoteta</span> <span class='ocrx_word' id='word_1_64' title='bbox 1202 1295 1245 1372; x_wconf 81' lang='grc' dir='ltr'>ξ);</span> <span class='ocrx_word' id='word_1_65' title='bbox 1264 1297 1418 1354; x_wconf 80' lang='lat' dir='ltr'>emendare·</span> 
     </span>
     <span class='ocr_line' id='line_1_8' title="bbox 363 1380 1417 1459; baseline -0.002 -20"><span class='ocrx_word' id='word_1_66' title='bbox 363 1382 624 1441; x_wconf 87' lang='lat' dir='ltr'>ruutCamerarius</span> <span class='ocrx_word' id='word_1_67' title='bbox 637 1392 665 1439; x_wconf 91' lang='lat' dir='ltr'>et</span> <span class='ocrx_word' id='word_1_68' title='bbox 678 1381 838 1449; x_wconf 79' lang='lat' dir='ltr'>Manutius,</span> <span class='ocrx_word' id='word_1_69' title='bbox 856 1400 979 1457; x_wconf 90' lang='lat' dir='ltr'>quorum</span> <span class='ocrx_word' id='word_1_70' title='bbox 993 1383 1039 1438; x_wconf 87' lang='lat' dir='ltr'>hic</span> <span class='ocrx_word' id='word_1_71' title='bbox 1051 1403 1064 1438; x_wconf 87' lang='lat' dir='ltr'>e</span> <span class='ocrx_word' id='word_1_72' title='bbox 1077 1385 1219 1440; x_wconf 78' lang='lat' dir='ltr'>Phoenicia</span> <span class='ocrx_word' id='word_1_73' title='bbox 1232 1384 1357 1459; x_wconf 72' lang='lat' dir='ltr'>scripsit,</span> <span class='ocrx_word' id='word_1_74' title='bbox 1373 1380 1417 1436; x_wconf 71' lang='lat' dir='ltr'>ille.</span> 
     </span>
     <span class='ocr_line' id='line_1_9' title="bbox 364 1467 1418 1543; baseline 0.001 -19"><span class='ocrx_word' id='word_1_75' title='bbox 364 1467 492 1542; x_wconf 84' lang='lat' dir='ltr'>(retento</span> <span class='ocrx_word' id='word_1_76' title='bbox 504 1467 534 1543; x_wconf 88' lang='lat' dir='ltr'>a)</span> <span class='ocrx_word' id='word_1_77' title='bbox 558 1469 701 1536; x_wconf 84' lang='lat' dir='ltr'>Pboem&#39;eo,</span> <span class='ocrx_word' id='word_1_78' title='bbox 725 1486 812 1542; x_wconf 88' lang='lat' dir='ltr'>quem</span> <span class='ocrx_word' id='word_1_79' title='bbox 831 1487 930 1524; x_wconf 86' lang='lat' dir='ltr'>veram</span> <span class='ocrx_word' id='word_1_80' title='bbox 944 1468 1141 1526; x_wconf 82' lang='lat' dir='ltr'>essaformam</span> <span class='ocrx_word' id='word_1_81' title='bbox 1155 1470 1339 1532; x_wconf 68' lang='lat' dir='ltr'>confirmant,</span> <span class='ocrx_word' id='word_1_82' title='bbox 1360 1483 1418 1540; x_wconf 69' lang='lat' dir='ltr'>quau</span> 
     </span>
     <span class='ocr_line' id='line_1_10' title="bbox 363 1553 1414 1630; baseline -0.008 -19"><span class='ocrx_word' id='word_1_83' title='bbox 363 1554 517 1611; x_wconf 80' lang='lat' dir='ltr'>Ferrarius</span> <span class='ocrx_word' id='word_1_84' title='bbox 534 1553 570 1610; x_wconf 90' lang='lat' dir='ltr'>ad</span> <span class='ocrx_word' id='word_1_85' title='bbox 582 1554 713 1629; x_wconf 87' lang='lat' dir='ltr'>Philipp.</span> <span class='ocrx_word' id='word_1_86' title='bbox 725 1554 773 1610; x_wconf 90' lang='lat' dir='ltr'>XI</span> <span class='ocrx_word' id='word_1_87' title='bbox 784 1571 808 1608; x_wconf 91' lang='lat' dir='ltr'>c.</span> <span class='ocrx_word' id='word_1_88' title='bbox 824 1553 871 1619; x_wconf 84' lang='lat'>13,</span> <span class='ocrx_word' id='word_1_89' title='bbox 895 1553 1154 1611; x_wconf 86' lang='lat' dir='ltr'>Drakenborchius</span> <span class='ocrx_word' id='word_1_90' title='bbox 1166 1556 1204 1612; x_wconf 88' lang='lat' dir='ltr'>ad</span> <span class='ocrx_word' id='word_1_91' title='bbox 1217 1556 1280 1612; x_wconf 83' lang='lat' dir='ltr'>Liv.</span> <span class='ocrx_word' id='word_1_92' title='bbox 1294 1554 1360 1630; x_wconf 80' lang='lat' dir='ltr'>epit</span> <span class='ocrx_word' id='word_1_93' title='bbox 1375 1553 1414 1606; x_wconf 75' lang='lat' dir='ltr'>llll</span> 
     </span>
     <span class='ocr_line' id='line_1_11' title="bbox 363 1635 1416 1717; baseline -0.006 -21"><span class='ocrx_word' id='word_1_94' title='bbox 363 1649 549 1697; x_wconf 85' lang='lat' dir='ltr'>annotarunt.</span> <span class='ocrx_word' id='word_1_95' title='bbox 573 1638 869 1717; x_wconf 58' lang='lat' dir='ltr'>[varasaldas</span> <span class='ocrx_word' id='word_1_96' title='bbox 886 1638 1059 1716; x_wconf 78' lang='lat' dir='ltr'>ePlroeuice.]</span> <span class='ocrx_word' id='word_1_97' title='bbox 1082 1641 1198 1698; x_wconf 80' lang='lat' dir='ltr'>Vitiosa</span> <span class='ocrx_word' id='word_1_98' title='bbox 1211 1660 1264 1715; x_wconf 86' lang='lat' dir='ltr'>pro</span> <span class='ocrx_word' id='word_1_99' title='bbox 1276 1641 1378 1698; x_wconf 84' lang='lat' dir='ltr'>Flacco</span> <span class='ocrx_word' id='word_1_100' title='bbox 1393 1635 1416 1690; x_wconf 79' lang='lat' dir='ltr'>ii</span> 
     </span>
     <span class='ocr_line' id='line_1_12' title="bbox 364 1725 1417 1800; baseline -0.008 -20"><span class='ocrx_word' id='word_1_101' title='bbox 364 1727 473 1782; x_wconf 85' lang='lat' dir='ltr'>editur:</span> <span class='ocrx_word' id='word_1_102' title='bbox 507 1746 553 1799; x_wconf 83' lang='lat' dir='ltr'>eqo</span> <span class='ocrx_word' id='word_1_103' title='bbox 571 1735 647 1782; x_wconf 84' lang='lat' dir='ltr'>testes</span> <span class='ocrx_word' id='word_1_104' title='bbox 669 1746 687 1781; x_wconf 88' lang='lat' dir='ltr'>a</span> <span class='ocrx_word' id='word_1_105' title='bbox 710 1728 803 1781; x_wconf 70' lang='lat' dir='ltr'>Sicilia</span> <span class='ocrx_word' id='word_1_106' title='bbox 826 1727 907 1792; x_wconf 56' lang='lat' dir='ltr'>derra}</span> <span class='ocrx_word' id='word_1_107' title='bbox 942 1745 994 1800; x_wconf 91' lang='lat' dir='ltr'>pro</span> <span class='ocrx_word' id='word_1_108' title='bbox 1018 1725 1093 1784; x_wconf 83' lang='lat' dir='ltr'>Sest.</span> <span class='ocrx_word' id='word_1_109' title='bbox 1118 1725 1157 1781; x_wconf 82' lang='grc'>30</span> <span class='ocrx_word' id='word_1_110' title='bbox 1181 1727 1259 1800; x_wconf 91' lang='lat' dir='ltr'>quod</span> <span class='ocrx_word' id='word_1_111' title='bbox 1282 1725 1417 1782; x_wconf 74' lang='lat' dir='ltr'>edebatur:</span> 
     </span>
     <span class='ocr_line' id='line_1_13' title="bbox 363 1811 1417 1886; baseline -0.007 -18"><span class='ocrx_word' id='word_1_112' title='bbox 363 1814 474 1886; x_wconf 72' lang='lat' dir='ltr'>repellet</span> <span class='ocrx_word' id='word_1_113' title='bbox 501 1831 518 1867; x_wconf 92' lang='lat' dir='ltr'>a</span> <span class='ocrx_word' id='word_1_114' title='bbox 536 1816 639 1886; x_wconf 81' lang='lat' dir='ltr'>patrr&#39;u,</span> <span class='ocrx_word' id='word_1_115' title='bbox 663 1831 678 1866; x_wconf 92' lang='lat' dir='ltr'>e</span> <span class='ocrx_word' id='word_1_116' title='bbox 702 1811 851 1867; x_wconf 82' lang='lat' dir='ltr'>codicibus</span> <span class='ocrx_word' id='word_1_117' title='bbox 873 1811 993 1886; x_wconf 80' lang='lat' dir='ltr'>optitnis</span> <span class='ocrx_word' id='word_1_118' title='bbox 1005 1821 1034 1866; x_wconf 90' lang='lat' dir='ltr'>et</span> <span class='ocrx_word' id='word_1_119' title='bbox 1045 1811 1195 1867; x_wconf 88' lang='lat' dir='ltr'>Arusiano</span> <span class='ocrx_word' id='word_1_120' title='bbox 1207 1821 1367 1868; x_wconf 85' lang='lat' dir='ltr'>correctum</span> <span class='ocrx_word' id='word_1_121' title='bbox 1378 1817 1417 1861; x_wconf 74' lang='lat' dir='ltr'>cst.</span> 
     </span>
     <span class='ocr_line' id='line_1_14' title="bbox 363 1885 1419 1972; baseline -0.004 -18"><span class='ocrx_word' id='word_1_122' title='bbox 363 1898 454 1972; x_wconf 80' lang='lat' dir='ltr'>Apud</span> <span class='ocrx_word' id='word_1_123' title='bbox 466 1897 582 1954; x_wconf 86' lang='lat' dir='ltr'>Livium</span> <span class='ocrx_word' id='word_1_124' title='bbox 595 1897 733 1966; x_wconf 87' lang='lat' dir='ltr'>XXXII,</span> <span class='ocrx_word' id='word_1_125' title='bbox 748 1897 797 1966; x_wconf 88' lang='lat'>31,</span> <span class='ocrx_word' id='word_1_126' title='bbox 813 1897 829 1953; x_wconf 90' lang='lat'>6</span> <span class='ocrx_word' id='word_1_127' title='bbox 849 1895 965 1972; x_wconf 83' lang='lat' dir='ltr'>(litterae</span> <span class='ocrx_word' id='word_1_128' title='bbox 975 1899 1107 1953; x_wconf 72' lang='lat' dir='ltr'>coticulam</span> <span class='ocrx_word' id='word_1_129' title='bbox 1125 1917 1142 1952; x_wconf 86' lang='lat' dir='ltr'>o</span> <span class='ocrx_word' id='word_1_130' title='bbox 1162 1897 1254 1953; x_wconf 85' lang='lat' dir='ltr'>Gallia</span> <span class='ocrx_word' id='word_1_131' title='bbox 1271 1931 1314 1938; x_wconf 88' lang='lat'>-—</span> <span class='ocrx_word' id='word_1_132' title='bbox 1325 1885 1419 1966; x_wconf 67' lang='lat' dir='ltr'>allaturl</span> 
     </span>
     <span class='ocr_line' id='line_1_15' title="bbox 363 1981 1300 2059; baseline -0.001 -20"><span class='ocrx_word' id='word_1_133' title='bbox 363 1983 449 2059; x_wconf 89' lang='lat' dir='ltr'>plura</span> <span class='ocrx_word' id='word_1_134' title='bbox 465 1993 603 2058; x_wconf 90' lang='lat' dir='ltr'>corrupta</span> <span class='ocrx_word' id='word_1_135' title='bbox 625 1992 717 2050; x_wconf 87' lang='lat' dir='ltr'>eraut,</span> <span class='ocrx_word' id='word_1_136' title='bbox 741 1999 815 2056; x_wconf 87' lang='lat' dir='ltr'>quae</span> <span class='ocrx_word' id='word_1_137' title='bbox 839 1982 902 2038; x_wconf 92' lang='lat' dir='ltr'>cod.</span> <span class='ocrx_word' id='word_1_138' title='bbox 925 1981 1152 2058; x_wconf 79' lang='lat' dir='ltr'>Baurbergensis</span> <span class='ocrx_word' id='word_1_139' title='bbox 1174 1983 1300 2039; x_wconf 81' lang='lat' dir='ltr'>sanavit.</span> 
     </span>
    </p>

    <p class='ocr_par' dir='ltr' id='par_1_5' title="bbox 363 2063 1418 2401">
     <span class='ocr_line' id='line_1_16' title="bbox 448 2063 1416 2144; baseline -0.005 -21"><span class='ocrx_word' id='word_1_140' title='bbox 448 2088 490 2124; x_wconf 77' lang='lat' dir='ltr'>rae</span> <span class='ocrx_word' id='word_1_141' title='bbox 503 2069 585 2124; x_wconf 78' lang='lat' dir='ltr'>hortas</span> <span class='ocrx_word' id='word_1_142' title='bbox 598 2067 724 2140; x_wconf 74' lang='lat' dir='ltr'>dicturas)</span> <span class='ocrx_word' id='word_1_143' title='bbox 749 2067 798 2126; x_wconf 86' lang='lat' dir='ltr'>Sic</span> <span class='ocrx_word' id='word_1_144' title='bbox 811 2067 946 2124; x_wconf 88' lang='lat' dir='ltr'>meliores</span> <span class='ocrx_word' id='word_1_145' title='bbox 958 2067 1051 2144; x_wconf 86' lang='lat' dir='ltr'>(Gaii,</span> <span class='ocrx_word' id='word_1_146' title='bbox 1065 2077 1188 2142; x_wconf 85' lang='lat' dir='ltr'>excepto</span> <span class='ocrx_word' id='word_1_147' title='bbox 1202 2067 1282 2126; x_wconf 91' lang='lat' dir='ltr'>Gud.</span> <span class='ocrx_word' id='word_1_148' title='bbox 1297 2069 1325 2126; x_wconf 86' lang='lat'>·2.</span> <span class='ocrx_word' id='word_1_149' title='bbox 1347 2063 1416 2121; x_wconf 82' lang='lat' dir='ltr'>etiam</span> 
     </span>
     <span class='ocr_line' id='line_1_17' title="bbox 364 2149 1418 2233; baseline -0.008 -21"><span class='ocrx_word' id='word_1_150' title='bbox 364 2153 449 2218; x_wconf 76' lang='lat' dir='ltr'>CCC,</span> <span class='ocrx_word' id='word_1_151' title='bbox 473 2150 621 2233; x_wconf 78' lang='lat' dir='ltr'>E1.,[ss]),</span> <span class='ocrx_word' id='word_1_152' title='bbox 645 2153 735 2218; x_wconf 80' lang='lat' dir='ltr'>Crat,</span> <span class='ocrx_word' id='word_1_153' title='bbox 750 2154 837 2222; x_wconf 69' lang='lat' dir='ltr'>Vici,</span> <span class='ocrx_word' id='word_1_154' title='bbox 858 2152 968 2222; x_wconf 88' lang='lat' dir='ltr'>Gzius;</span> <span class='ocrx_word' id='word_1_155' title='bbox 991 2155 1242 2228; x_wconf 75' lang='lat' dir='ltr'>dotciruuspraeter</span> <span class='ocrx_word' id='word_1_156' title='bbox 1263 2149 1418 2210; x_wconf 81' lang='lat' dir='ltr'>aliosGrut·</span> 
     </span>
     <span class='ocr_line' id='line_1_18' title="bbox 364 2237 1416 2316; baseline -0.005 -20"><span class='ocrx_word' id='word_1_157' title='bbox 364 2239 478 2308; x_wconf 89' lang='lat' dir='ltr'>ePall.,</span> <span class='ocrx_word' id='word_1_158' title='bbox 502 2240 642 2296; x_wconf 77' lang='lat' dir='ltr'>Davisius</span> <span class='ocrx_word' id='word_1_159' title='bbox 667 2248 697 2294; x_wconf 89' lang='lat' dir='ltr'>ct</span> <span class='ocrx_word' id='word_1_160' title='bbox 708 2237 786 2297; x_wconf 87' lang='lat' dir='ltr'>Oxx.</span> <span class='ocrx_word' id='word_1_161' title='bbox 800 2239 836 2296; x_wconf 90' lang='lat' dir='ltr'>de</span> <span class='ocrx_word' id='word_1_162' title='bbox 853 2239 1003 2296; x_wconf 85' lang='lat' dir='ltr'>codicibus</span> <span class='ocrx_word' id='word_1_163' title='bbox 1027 2248 1166 2296; x_wconf 82' lang='lat' dir='ltr'>tacentes.</span> <span class='ocrx_word' id='word_1_164' title='bbox 1190 2239 1265 2316; x_wconf 89' lang='lat' dir='ltr'>(Cfr.</span> <span class='ocrx_word' id='word_1_165' title='bbox 1279 2257 1360 2296; x_wconf 76' lang='lat' dir='ltr'>uros:</span> <span class='ocrx_word' id='word_1_166' title='bbox 1380 2252 1416 2286; x_wconf 69' lang='lat' dir='ltr'>uer</span> 
     </span>
     <span class='ocr_line' id='line_1_19' title="bbox 363 2321 811 2401; baseline -0.002 -21"><span class='ocrx_word' id='word_1_167' title='bbox 363 2327 445 2382; x_wconf 84' lang='lat' dir='ltr'>audet</span> <span class='ocrx_word' id='word_1_168' title='bbox 467 2327 604 2399; x_wconf 66' lang='lat' dir='ltr'>appellare</span> <span class='ocrx_word' id='word_1_169' title='bbox 616 2359 655 2366; x_wconf 35' lang='grc' dir='ltr'>η-</span> <span class='ocrx_word' id='word_1_170' title='bbox 670 2321 811 2401; x_wconf 69' lang='lat' dir='ltr'>concedit.)</span> 
     </span>
    </p>

    <p class='ocr_par' dir='ltr' id='par_1_6' title="bbox 362 2403 1438 4452">
     <span class='ocr_line' id='line_1_20' title="bbox 449 2403 1417 2488; baseline -0.011 -24"><span class='ocrx_word' id='word_1_171' title='bbox 449 2421 538 2484; x_wconf 83' lang='lat' dir='ltr'>aptae,</span> <span class='ocrx_word' id='word_1_172' title='bbox 552 2409 682 2488; x_wconf 76' lang='lat' dir='ltr'>[habiles]</span> <span class='ocrx_word' id='word_1_173' title='bbox 696 2421 720 2466; x_wconf 86' lang='lat' dir='ltr'>ct</span> <span class='ocrx_word' id='word_1_174' title='bbox 731 2412 770 2466; x_wconf 80' lang='lat' dir='ltr'>orl</span> <span class='ocrx_word' id='word_1_175' title='bbox 781 2420 906 2465; x_wconf 73' lang='lat' dir='ltr'>araturam</span> <span class='ocrx_word' id='word_1_176' title='bbox 918 2403 1145 2488; x_wconf 78' lang='lat' dir='ltr'>accommodatae)</span> <span class='ocrx_word' id='word_1_177' title='bbox 1168 2409 1340 2467; x_wconf 82' lang='lat' dir='ltr'>Ciceronem</span> <span class='ocrx_word' id='word_1_178' title='bbox 1352 2421 1417 2460; x_wconf 82' lang='lat' dir='ltr'>num</span> 
     </span>
     <span class='ocr_line' id='line_1_21' title="bbox 365 2493 1415 2571; baseline -0.008 -19"><span class='ocrx_word' id='word_1_179' title='bbox 365 2515 452 2569; x_wconf 84' lang='lat' dir='ltr'>quam</span> <span class='ocrx_word' id='word_1_180' title='bbox 476 2495 505 2550; x_wconf 92' lang='lat' dir='ltr'>in</span> <span class='ocrx_word' id='word_1_181' title='bbox 527 2497 615 2552; x_wconf 88' lang='lat' dir='ltr'>trium</span> <span class='ocrx_word' id='word_1_182' title='bbox 639 2505 689 2551; x_wconf 89' lang='lat' dir='ltr'>aut</span> <span class='ocrx_word' id='word_1_183' title='bbox 713 2495 839 2571; x_wconf 90' lang='lat' dir='ltr'>plurium</span> <span class='ocrx_word' id='word_1_184' title='bbox 863 2495 1092 2566; x_wconf 88' lang='lat' dir='ltr'>enumeratione,</span> <span class='ocrx_word' id='word_1_185' title='bbox 1116 2495 1140 2551; x_wconf 91' lang='lat' dir='ltr'>si</span> <span class='ocrx_word' id='word_1_186' title='bbox 1164 2494 1266 2552; x_wconf 89' lang='lat' dir='ltr'>eodem</span> <span class='ocrx_word' id='word_1_187' title='bbox 1285 2493 1378 2552; x_wconf 86' lang='lat' dir='ltr'>ordine</span> <span class='ocrx_word' id='word_1_188' title='bbox 1396 2499 1415 2540; x_wconf 81' lang='lat' dir='ltr'>a</span> 
     </span>
     <span class='ocr_line' id='line_1_22' title="bbox 364 2573 1416 2657; baseline -0.01 -20"><span class='ocrx_word' id='word_1_189' title='bbox 364 2581 428 2656; x_wconf 91' lang='lat' dir='ltr'>pari</span> <span class='ocrx_word' id='word_1_190' title='bbox 451 2581 593 2656; x_wconf 83' lang='lat' dir='ltr'>dignitate</span> <span class='ocrx_word' id='word_1_191' title='bbox 616 2582 791 2657; x_wconf 76' lang='lat' dir='ltr'>procedant,</span> <span class='ocrx_word' id='word_1_192' title='bbox 816 2580 949 2656; x_wconf 88' lang='lat' dir='ltr'>copulam</span> <span class='ocrx_word' id='word_1_193' title='bbox 973 2581 1002 2636; x_wconf 90' lang='lat' dir='ltr'>iu</span> <span class='ocrx_word' id='word_1_194' title='bbox 1026 2581 1174 2656; x_wconf 84' lang='lat' dir='ltr'>prioribus</span> <span class='ocrx_word' id='word_1_195' title='bbox 1198 2573 1416 2638; x_wconf 86' lang='lat' dir='ltr'>membrisomis·</span> 
     </span>
     <span class='ocr_line' id='line_1_23' title="bbox 365 2657 1416 2741; baseline -0.006 -19"><span class='ocrx_word' id='word_1_196' title='bbox 365 2685 426 2723; x_wconf 88' lang='lat' dir='ltr'>sam</span> <span class='ocrx_word' id='word_1_197' title='bbox 451 2667 607 2724; x_wconf 90' lang='lat' dir='ltr'>interduo</span> <span class='ocrx_word' id='word_1_198' title='bbox 630 2677 762 2724; x_wconf 81' lang='lat' dir='ltr'>extrema</span> <span class='ocrx_word' id='word_1_199' title='bbox 784 2667 907 2734; x_wconf 86' lang='lat' dir='ltr'>addere,</span> <span class='ocrx_word' id='word_1_200' title='bbox 936 2666 1022 2734; x_wconf 89' lang='lat' dir='ltr'>satis,</span> <span class='ocrx_word' id='word_1_201' title='bbox 1057 2667 1177 2741; x_wconf 86' lang='lat' dir='ltr'>opinor,</span> <span class='ocrx_word' id='word_1_202' title='bbox 1207 2661 1372 2723; x_wconf 83' lang='lat' dir='ltr'>confirmari</span> <span class='ocrx_word' id='word_1_203' title='bbox 1395 2657 1416 2711; x_wconf 79' lang='lat' dir='ltr'>in</span> 
     </span>
     <span class='ocr_line' id='line_1_24' title="bbox 365 2739 1415 2828; baseline -0.012 -18"><span class='ocrx_word' id='word_1_204' title='bbox 365 2751 474 2826; x_wconf 88' lang='lat' dir='ltr'>Opusc.</span> <span class='ocrx_word' id='word_1_205' title='bbox 488 2753 581 2808; x_wconf 85' lang='lat' dir='ltr'>Acad.</span> <span class='ocrx_word' id='word_1_206' title='bbox 594 2754 608 2810; x_wconf 94' lang='lat' dir='ltr'>I</span> <span class='ocrx_word' id='word_1_207' title='bbox 621 2772 649 2828; x_wconf 91' lang='lat' dir='ltr'>p.</span> <span class='ocrx_word' id='word_1_208' title='bbox 663 2753 723 2808; x_wconf 83' lang='lat'>333</span> <span class='ocrx_word' id='word_1_209' title='bbox 743 2751 952 2828; x_wconf 83' lang='lat' dir='ltr'>proximisque.</span> <span class='ocrx_word' id='word_1_210' title='bbox 984 2752 1089 2824; x_wconf 86' lang='lat' dir='ltr'>Itaque</span> <span class='ocrx_word' id='word_1_211' title='bbox 1108 2752 1210 2808; x_wconf 88' lang='lat' dir='ltr'>dubito</span> <span class='ocrx_word' id='word_1_212' title='bbox 1233 2753 1270 2808; x_wconf 90' lang='lat' dir='ltr'>de</span> <span class='ocrx_word' id='word_1_213' title='bbox 1283 2751 1364 2808; x_wconf 87' lang='lat' dir='ltr'>huius</span> <span class='ocrx_word' id='word_1_214' title='bbox 1374 2739 1415 2799; x_wconf 83' lang='lat' dir='ltr'>loci</span> 
     </span>
     <span class='ocr_line' id='line_1_25' title="bbox 364 2832 1438 2915; baseline -0.002 -22"><span class='ocrx_word' id='word_1_215' title='bbox 364 2837 509 2912; x_wconf 87' lang='lat' dir='ltr'>scriptura</span> <span class='ocrx_word' id='word_1_216' title='bbox 531 2835 576 2915; x_wconf 85' lang='lat' dir='ltr'>[et</span> <span class='ocrx_word' id='word_1_217' title='bbox 603 2857 620 2894; x_wconf 88' lang='lat' dir='ltr'>a</span> <span class='ocrx_word' id='word_1_218' title='bbox 643 2837 785 2896; x_wconf 84' lang='lat' dir='ltr'>Cicerone</span> <span class='ocrx_word' id='word_1_219' title='bbox 808 2837 935 2912; x_wconf 90' lang='lat' dir='ltr'>positum</span> <span class='ocrx_word' id='word_1_220' title='bbox 964 2837 1117 2912; x_wconf 88' lang='lat' dir='ltr'>putabam:</span> <span class='ocrx_word' id='word_1_221' title='bbox 1151 2848 1231 2912; x_wconf 84' lang='lat' dir='ltr'>aptae</span> <span class='ocrx_word' id='word_1_222' title='bbox 1265 2848 1289 2894; x_wconf 85' lang='lat' dir='ltr'>et</span> <span class='ocrx_word' id='word_1_223' title='bbox 1322 2832 1438 2891; x_wconf 65' lang='lat' dir='ltr'>lrabt&#39;lui·</span> 
     </span>
     <span class='ocr_line' id='line_1_26' title="bbox 364 2919 1415 2998; baseline -0.005 -20"><span class='ocrx_word' id='word_1_224' title='bbox 364 2923 415 2979; x_wconf 87' lang='lat' dir='ltr'>sed</span> <span class='ocrx_word' id='word_1_225' title='bbox 444 2923 544 2980; x_wconf 79' lang='lat' dir='ltr'>labiles</span> <span class='ocrx_word' id='word_1_226' title='bbox 572 2931 634 2980; x_wconf 87' lang='lat' dir='ltr'>tota</span> <span class='ocrx_word' id='word_1_227' title='bbox 663 2923 890 2998; x_wconf 83' lang='lat' dir='ltr'>significatione,</span> <span class='ocrx_word' id='word_1_228' title='bbox 925 2941 1000 2996; x_wconf 76' lang='lat' dir='ltr'>quiae</span> <span class='ocrx_word' id='word_1_229' title='bbox 1027 2923 1065 2978; x_wconf 88' lang='lat' dir='ltr'>ad</span> <span class='ocrx_word' id='word_1_230' title='bbox 1093 2921 1208 2978; x_wconf 85' lang='lat' dir='ltr'>facilem</span> <span class='ocrx_word' id='word_1_231' title='bbox 1234 2919 1415 2980; x_wconf 71' lang='lat' dir='ltr'>tractationem</span> 
     </span>
     <span class='ocr_line' id='line_1_27' title="bbox 364 3007 1418 3084; baseline -0.003 -20"><span class='ocrx_word' id='word_1_232' title='bbox 364 3009 505 3084; x_wconf 79' lang='lat' dir='ltr'>pertinet,</span> <span class='ocrx_word' id='word_1_233' title='bbox 529 3010 566 3066; x_wconf 90' lang='lat' dir='ltr'>ab</span> <span class='ocrx_word' id='word_1_234' title='bbox 595 3009 650 3066; x_wconf 90' lang='lat' dir='ltr'>hoc</span> <span class='ocrx_word' id='word_1_235' title='bbox 681 3010 745 3066; x_wconf 92' lang='lat' dir='ltr'>loco</span> <span class='ocrx_word' id='word_1_236' title='bbox 779 3007 905 3065; x_wconf 88' lang='lat' dir='ltr'>alienum</span> <span class='ocrx_word' id='word_1_237' title='bbox 935 3019 1055 3064; x_wconf 90' lang='lat' dir='ltr'>estnec</span> <span class='ocrx_word' id='word_1_238' title='bbox 1084 3027 1206 3082; x_wconf 68' lang='lat' dir='ltr'>{usquam</span> <span class='ocrx_word' id='word_1_239' title='bbox 1236 3010 1265 3066; x_wconf 91' lang='lat' dir='ltr'>in</span> <span class='ocrx_word' id='word_1_240' title='bbox 1290 3009 1341 3064; x_wconf 87' lang='lat' dir='ltr'>hac</span> <span class='ocrx_word' id='word_1_241' title='bbox 1362 3013 1418 3057; x_wconf 69' lang='lat' dir='ltr'>rea</span> 
     </span>
     <span class='ocr_line' id='line_1_28' title="bbox 364 3093 1417 3170; baseline -0.007 -19"><span class='ocrx_word' id='word_1_242' title='bbox 364 3093 506 3153; x_wconf 87' lang='lat' dir='ltr'>Cicerone</span> <span class='ocrx_word' id='word_1_243' title='bbox 525 3095 651 3169; x_wconf 88' lang='lat' dir='ltr'>ponitur.</span> <span class='ocrx_word' id='word_1_244' title='bbox 698 3094 801 3168; x_wconf 86' lang='lat' dir='ltr'>Itaque</span> <span class='ocrx_word' id='word_1_245' title='bbox 824 3094 961 3150; x_wconf 86' lang='lat' dir='ltr'>Baiterus</span> <span class='ocrx_word' id='word_1_246' title='bbox 985 3093 1113 3150; x_wconf 78' lang='lat' dir='ltr'>seclusit.</span> <span class='ocrx_word' id='word_1_247' title='bbox 1159 3093 1217 3152; x_wconf 89' lang='lat' dir='ltr'>Sed</span> <span class='ocrx_word' id='word_1_248' title='bbox 1235 3093 1377 3170; x_wconf 80' lang='lat' dir='ltr'>ingeniose</span> <span class='ocrx_word' id='word_1_249' title='bbox 1396 3093 1417 3136; x_wconf 75' lang='lat' dir='ltr'>rt</span> 
     </span>
     <span class='ocr_line' id='line_1_29' title="bbox 364 3179 1418 3255; baseline -0.002 -19"><span class='ocrx_word' id='word_1_250' title='bbox 364 3180 558 3255; x_wconf 87' lang='lat' dir='ltr'>probabiliter</span> <span class='ocrx_word' id='word_1_251' title='bbox 569 3179 604 3238; x_wconf 93' lang='grc' dir='ltr'>Ο.</span> <span class='ocrx_word' id='word_1_252' title='bbox 621 3181 747 3237; x_wconf 85' lang='lat' dir='ltr'>Heinius</span> <span class='ocrx_word' id='word_1_253' title='bbox 760 3179 868 3236; x_wconf 63' lang='lat' dir='ltr'>aluual.</span> <span class='ocrx_word' id='word_1_254' title='bbox 892 3179 1000 3235; x_wconf 87' lang='lat' dir='ltr'>Philol.</span> <span class='ocrx_word' id='word_1_255' title='bbox 1018 3179 1125 3238; x_wconf 85' lang='lat' dir='ltr'>XCIII</span> <span class='ocrx_word' id='word_1_256' title='bbox 1149 3200 1176 3254; x_wconf 84' lang='lat' dir='ltr'>p,</span> <span class='ocrx_word' id='word_1_257' title='bbox 1197 3181 1257 3236; x_wconf 79' lang='lat'>245</span> <span class='ocrx_word' id='word_1_258' title='bbox 1282 3197 1334 3255; x_wconf 93' lang='lat' dir='ltr'>pro</span> <span class='ocrx_word' id='word_1_259' title='bbox 1354 3179 1418 3246; x_wconf 59' lang='lat' dir='ltr'>citii?</span> 
     </span>
     <span class='ocr_line' id='line_1_30' title="bbox 365 3253 1417 3341; baseline -0.009 -19"><span class='ocrx_word' id='word_1_260' title='bbox 365 3267 465 3322; x_wconf 81' lang='lat' dir='ltr'>labiles</span> <span class='ocrx_word' id='word_1_261' title='bbox 494 3266 679 3322; x_wconf 89' lang='lat' dir='ltr'>scribendum</span> <span class='ocrx_word' id='word_1_262' title='bbox 714 3274 798 3340; x_wconf 89' lang='lat' dir='ltr'>putat</span> <span class='ocrx_word' id='word_1_263' title='bbox 825 3263 1026 3341; x_wconf 66' lang='lat' dir='ltr'>aestimabiles}</span> <span class='ocrx_word' id='word_1_264' title='bbox 1060 3265 1184 3322; x_wconf 86' lang='lat' dir='ltr'>Praeter</span> <span class='ocrx_word' id='word_1_265' title='bbox 1212 3284 1264 3322; x_wconf 91' lang='lat' dir='ltr'>eos</span> <span class='ocrx_word' id='word_1_266' title='bbox 1287 3253 1417 3324; x_wconf 74' lang='lat' dir='ltr'>Ciceronis</span> 
     </span>
     <span class='ocr_line' id='line_1_31' title="bbox 364 3339 1418 3428; baseline -0.008 -20"><span class='ocrx_word' id='word_1_267' title='bbox 364 3351 465 3420; x_wconf 86' lang='lat' dir='ltr'>libros,</span> <span class='ocrx_word' id='word_1_268' title='bbox 488 3351 518 3407; x_wconf 91' lang='lat' dir='ltr'>iu</span> <span class='ocrx_word' id='word_1_269' title='bbox 542 3351 648 3424; x_wconf 89' lang='lat' dir='ltr'>quibus</span> <span class='ocrx_word' id='word_1_270' title='bbox 671 3352 700 3406; x_wconf 92' lang='lat' dir='ltr'>in</span> <span class='ocrx_word' id='word_1_271' title='bbox 725 3350 833 3425; x_wconf 84' lang='lat' dir='ltr'>Opusc.</span> <span class='ocrx_word' id='word_1_272' title='bbox 857 3368 884 3424; x_wconf 94' lang='lat' dir='ltr'>p.</span> <span class='ocrx_word' id='word_1_273' title='bbox 905 3351 966 3406; x_wconf 83' lang='lat'>334</span> <span class='ocrx_word' id='word_1_274' title='bbox 989 3351 1050 3406; x_wconf 84' lang='lat' dir='ltr'>dixi</span> <span class='ocrx_word' id='word_1_275' title='bbox 1074 3371 1120 3408; x_wconf 91' lang='lat' dir='ltr'>me</span> <span class='ocrx_word' id='word_1_276' title='bbox 1144 3352 1179 3407; x_wconf 85' lang='lat' dir='ltr'>cd</span> <span class='ocrx_word' id='word_1_277' title='bbox 1203 3351 1260 3408; x_wconf 89' lang='lat' dir='ltr'>hoe</span> <span class='ocrx_word' id='word_1_278' title='bbox 1283 3363 1368 3428; x_wconf 87' lang='lat' dir='ltr'>genus</span> <span class='ocrx_word' id='word_1_279' title='bbox 1386 3339 1418 3394; x_wconf 84' lang='lat' dir='ltr'>its</span> 
     </span>
     <span class='ocr_line' id='line_1_32' title="bbox 364 3435 1416 3513; baseline -0.008 -20"><span class='ocrx_word' id='word_1_280' title='bbox 364 3436 533 3502; x_wconf 88' lang='lat' dir='ltr'>attendisse,</span> <span class='ocrx_word' id='word_1_281' title='bbox 556 3437 630 3493; x_wconf 89' lang='lat' dir='ltr'>nihil</span> <span class='ocrx_word' id='word_1_282' title='bbox 652 3447 685 3493; x_wconf 89' lang='lat' dir='ltr'>ut</span> <span class='ocrx_word' id='word_1_283' title='bbox 707 3455 752 3492; x_wconf 89' lang='lat' dir='ltr'>me</span> <span class='ocrx_word' id='word_1_284' title='bbox 775 3435 885 3512; x_wconf 82' lang='lat' dir='ltr'>fugisse</span> <span class='ocrx_word' id='word_1_285' title='bbox 908 3445 1057 3509; x_wconf 88' lang='lat' dir='ltr'>putarem,</span> <span class='ocrx_word' id='word_1_286' title='bbox 1081 3447 1185 3513; x_wconf 86' lang='lat' dir='ltr'>postea</span> <span class='ocrx_word' id='word_1_287' title='bbox 1207 3437 1237 3493; x_wconf 88' lang='lat' dir='ltr'>iu</span> <span class='ocrx_word' id='word_1_288' title='bbox 1262 3436 1378 3494; x_wconf 86' lang='lat' dir='ltr'>Oratore</span> <span class='ocrx_word' id='word_1_289' title='bbox 1396 3435 1416 3476; x_wconf 64' lang='grc' dir='ltr'>θ(</span> 
     </span>
     <span class='ocr_line' id='line_1_33' title="bbox 365 3509 1415 3603; baseline -0.013 -24"><span class='ocrx_word' id='word_1_290' title='bbox 365 3522 499 3596; x_wconf 87' lang='lat' dir='ltr'>Topicis,</span> <span class='ocrx_word' id='word_1_291' title='bbox 523 3523 553 3578; x_wconf 90' lang='lat' dir='ltr'>iu</span> <span class='ocrx_word' id='word_1_292' title='bbox 576 3522 698 3596; x_wconf 88' lang='lat' dir='ltr'>reliquis</span> <span class='ocrx_word' id='word_1_293' title='bbox 721 3519 813 3578; x_wconf 85' lang='lat' dir='ltr'>ferma</span> <span class='ocrx_word' id='word_1_294' title='bbox 836 3521 1035 3592; x_wconf 74' lang='lat' dir='ltr'>orationibuS,</span> <span class='ocrx_word' id='word_1_295' title='bbox 1063 3522 1146 3578; x_wconf 89' lang='lat' dir='ltr'>libris</span> <span class='ocrx_word' id='word_1_296' title='bbox 1175 3523 1210 3578; x_wconf 92' lang='lat' dir='ltr'>de</span> <span class='ocrx_word' id='word_1_297' title='bbox 1239 3509 1415 3603; x_wconf 73' lang='lat' dir='ltr'>pbilosophis·</span> 
     </span>
     <span class='ocr_line' id='line_1_34' title="bbox 364 3607 1417 3684; baseline -0.002 -21"><span class='ocrx_word' id='word_1_298' title='bbox 364 3607 498 3682; x_wconf 85' lang='lat' dir='ltr'>epistulis</span> <span class='ocrx_word' id='word_1_299' title='bbox 521 3608 558 3663; x_wconf 90' lang='lat' dir='ltr'>ad</span> <span class='ocrx_word' id='word_1_300' title='bbox 580 3609 644 3664; x_wconf 86' lang='lat' dir='ltr'>Ait.</span> <span class='ocrx_word' id='word_1_301' title='bbox 668 3617 696 3664; x_wconf 92' lang='lat' dir='ltr'>et</span> <span class='ocrx_word' id='word_1_302' title='bbox 720 3607 755 3680; x_wconf 83' lang='lat' dir='ltr'>Q.</span> <span class='ocrx_word' id='word_1_303' title='bbox 779 3607 827 3663; x_wconf 87' lang='lat' dir='ltr'>Fr.</span> <span class='ocrx_word' id='word_1_304' title='bbox 850 3607 972 3674; x_wconf 88' lang='lat' dir='ltr'>attendi,</span> <span class='ocrx_word' id='word_1_305' title='bbox 996 3618 1026 3663; x_wconf 87' lang='lat' dir='ltr'>et</span> <span class='ocrx_word' id='word_1_306' title='bbox 1047 3609 1110 3678; x_wconf 90' lang='lat' dir='ltr'>hos,</span> <span class='ocrx_word' id='word_1_307' title='bbox 1135 3609 1183 3682; x_wconf 90' lang='lat' dir='ltr'>qui</span> <span class='ocrx_word' id='word_1_308' title='bbox 1207 3620 1366 3684; x_wconf 79' lang='lat' dir='ltr'>repugnare</span> <span class='ocrx_word' id='word_1_309' title='bbox 1385 3613 1417 3650; x_wconf 85' lang='lat' dir='ltr'>u-</span> 
     </span>
     <span class='ocr_line' id='line_1_35' title="bbox 365 3683 1416 3768; baseline -0.001 -20"><span class='ocrx_word' id='word_1_310' title='bbox 365 3693 511 3763; x_wconf 88' lang='lat' dir='ltr'>derentur,</span> <span class='ocrx_word' id='word_1_311' title='bbox 535 3693 616 3750; x_wconf 89' lang='lat' dir='ltr'>locos</span> <span class='ocrx_word' id='word_1_312' title='bbox 638 3693 770 3768; x_wconf 89' lang='lat' dir='ltr'>repperi:</span> <span class='ocrx_word' id='word_1_313' title='bbox 800 3693 882 3750; x_wconf 88' lang='lat' dir='ltr'>Orat.</span> <span class='ocrx_word' id='word_1_314' title='bbox 897 3693 950 3748; x_wconf 85' lang='lat'>36:</span> <span class='ocrx_word' id='word_1_315' title='bbox 979 3695 1046 3749; x_wconf 85' lang='lat' dir='ltr'>alios</span> <span class='ocrx_word' id='word_1_316' title='bbox 1070 3695 1189 3754; x_wconf 75' lang='lat' dir='ltr'>leocritia.</span> <span class='ocrx_word' id='word_1_317' title='bbox 1214 3683 1416 3763; x_wconf 57' lang='lat' dir='ltr'>irrecusabili</span> 
     </span>
     <span class='ocr_line' id='line_1_36' title="bbox 364 3765 1417 3856; baseline -0.005 -21"><span class='ocrx_word' id='word_1_318' title='bbox 364 3789 388 3835; x_wconf 87' lang='lat' dir='ltr'>et</span> <span class='ocrx_word' id='word_1_319' title='bbox 410 3799 503 3853; x_wconf 84' lang='lat' dir='ltr'>opaca.</span> <span class='ocrx_word' id='word_1_320' title='bbox 527 3789 619 3836; x_wconf 84' lang='lat' dir='ltr'>contra</span> <span class='ocrx_word' id='word_1_321' title='bbox 643 3781 710 3835; x_wconf 80' lang='lat' dir='ltr'>alios</span> <span class='ocrx_word' id='word_1_322' title='bbox 734 3781 818 3835; x_wconf 80' lang='lat' dir='ltr'>nitida</span> <span class='ocrx_word' id='word_1_323' title='bbox 842 3777 1034 3854; x_wconf 82' lang='lat' dir='ltr'>(eontrarium</span> <span class='ocrx_word' id='word_1_324' title='bbox 1053 3789 1098 3835; x_wconf 87' lang='lat' dir='ltr'>est</span> <span class='ocrx_word' id='word_1_325' title='bbox 1109 3777 1261 3856; x_wconf 82' lang='lat' dir='ltr'>horridis),</span> <span class='ocrx_word' id='word_1_326' title='bbox 1287 3783 1352 3836; x_wconf 82' lang='lat' dir='ltr'>laeto</span> <span class='ocrx_word' id='word_1_327' title='bbox 1372 3765 1417 3846; x_wconf 72' lang='grc' dir='ltr'>(ῐῦ’</span> 
     </span>
     <span class='ocr_line' id='line_1_37' title="bbox 363 3855 1417 3942; baseline -0.011 -22"><span class='ocrx_word' id='word_1_328' title='bbox 363 3865 475 3942; x_wconf 84' lang='lat' dir='ltr'>cultis),</span> <span class='ocrx_word' id='word_1_329' title='bbox 499 3868 655 3920; x_wconf 85' lang='lat' dir='ltr'>collustrata</span> <span class='ocrx_word' id='word_1_330' title='bbox 678 3862 809 3941; x_wconf 83' lang='lat' dir='ltr'>(opacis)</span> <span class='ocrx_word' id='word_1_331' title='bbox 832 3866 971 3920; x_wconf 77' lang='lat' dir='ltr'>clelectaut.</span> <span class='ocrx_word' id='word_1_332' title='bbox 1006 3863 1196 3921; x_wconf 82' lang='lat' dir='ltr'>Manifestum</span> <span class='ocrx_word' id='word_1_333' title='bbox 1221 3875 1275 3932; x_wconf 86' lang='lat' dir='ltr'>est,</span> <span class='ocrx_word' id='word_1_334' title='bbox 1299 3861 1381 3921; x_wconf 83' lang='lat' dir='ltr'>abdita</span> <span class='ocrx_word' id='word_1_335' title='bbox 1398 3855 1417 3902; x_wconf 68' lang='lat' dir='ltr'>c*</span> 
     </span>
     <span class='ocr_line' id='line_1_38' title="bbox 363 3945 1415 4027; baseline -0.013 -21"><span class='ocrx_word' id='word_1_336' title='bbox 363 3959 442 4006; x_wconf 89' lang='lat' dir='ltr'>recte</span> <span class='ocrx_word' id='word_1_337' title='bbox 472 3951 567 4006; x_wconf 89' lang='lat' dir='ltr'>omitti</span> <span class='ocrx_word' id='word_1_338' title='bbox 597 3951 627 4004; x_wconf 93' lang='lat' dir='ltr'>iu</span> <span class='ocrx_word' id='word_1_339' title='bbox 656 3951 755 4006; x_wconf 87' lang='lat' dir='ltr'>codice</span> <span class='ocrx_word' id='word_1_340' title='bbox 787 3949 992 4006; x_wconf 84' lang='lat' dir='ltr'>Einsiedlensi.</span> <span class='ocrx_word' id='word_1_341' title='bbox 1037 3950 1167 4027; x_wconf 88' lang='lat' dir='ltr'>Philipp.</span> <span class='ocrx_word' id='word_1_342' title='bbox 1185 3951 1226 4016; x_wconf 87' lang='lat' dir='ltr'>X,</span> <span class='ocrx_word' id='word_1_343' title='bbox 1249 3951 1301 4007; x_wconf 88' lang='lat'>13:</span> <span class='ocrx_word' id='word_1_344' title='bbox 1334 3945 1415 4001; x_wconf 70' lang='lat' dir='ltr'>alatne.</span> 
     </span>
     <span class='ocr_line' id='line_1_39' title="bbox 362 4029 1415 4108; baseline -0.001 -17"><span class='ocrx_word' id='word_1_345' title='bbox 362 4039 495 4108; x_wconf 74' lang='lat' dir='ltr'>pravitate</span> <span class='ocrx_word' id='word_1_346' title='bbox 525 4047 548 4092; x_wconf 87' lang='lat' dir='ltr'>et</span> <span class='ocrx_word' id='word_1_347' title='bbox 573 4039 737 4104; x_wconf 67' lang='lat' dir='ltr'>coristorrb&#39;a3</span> <span class='ocrx_word' id='word_1_348' title='bbox 772 4045 899 4090; x_wconf 79' lang='lat' dir='ltr'>amatum</span> <span class='ocrx_word' id='word_1_349' title='bbox 931 4044 975 4091; x_wconf 89' lang='lat' dir='ltr'>est</span> <span class='ocrx_word' id='word_1_350' title='bbox 1007 4035 1037 4092; x_wconf 95' lang='lat' dir='ltr'>in</span> <span class='ocrx_word' id='word_1_351' title='bbox 1066 4037 1134 4093; x_wconf 88' lang='lat' dir='ltr'>edit.</span> <span class='ocrx_word' id='word_1_352' title='bbox 1158 4035 1279 4106; x_wconf 88' lang='lat' dir='ltr'>Orellii;</span> <span class='ocrx_word' id='word_1_353' title='bbox 1314 4047 1372 4090; x_wconf 76' lang='lat' dir='ltr'>nam</span> <span class='ocrx_word' id='word_1_354' title='bbox 1396 4029 1415 4071; x_wconf 64' lang='lat'>2¹</span> 
     </span>
     <span class='ocr_line' id='line_1_40' title="bbox 366 4109 1417 4194; baseline -0.004 -16"><span class='ocrx_word' id='word_1_355' title='bbox 366 4122 498 4178; x_wconf 86' lang='lat' dir='ltr'>Muretus</span> <span class='ocrx_word' id='word_1_356' title='bbox 521 4129 549 4176; x_wconf 86' lang='lat' dir='ltr'>ct</span> <span class='ocrx_word' id='word_1_357' title='bbox 572 4121 712 4192; x_wconf 71' lang='lat' dir='ltr'>Faernus,</span> <span class='ocrx_word' id='word_1_358' title='bbox 736 4139 809 4194; x_wconf 88' lang='lat' dir='ltr'>quos</span> <span class='ocrx_word' id='word_1_359' title='bbox 832 4120 914 4194; x_wconf 89' lang='lat' dir='ltr'>sequi</span> <span class='ocrx_word' id='word_1_360' title='bbox 933 4121 1005 4189; x_wconf 87' lang='lat' dir='ltr'>vult,</span> <span class='ocrx_word' id='word_1_361' title='bbox 1026 4126 1167 4194; x_wconf 73' lang='lat' dir='ltr'>prata&#39;tatc,</span> <span class='ocrx_word' id='word_1_362' title='bbox 1190 4123 1345 4179; x_wconf 79' lang='lat' dir='ltr'>corastautr&#39;u.</span> <span class='ocrx_word' id='word_1_363' title='bbox 1370 4109 1417 4166; x_wconf 70' lang='lat' dir='ltr'>Pi⁰</span> 
     </span>
     <span class='ocr_line' id='line_1_41' title="bbox 365 4205 1417 4282; baseline 0.004 -20"><span class='ocrx_word' id='word_1_364' title='bbox 365 4207 471 4263; x_wconf 84' lang='lat' dir='ltr'>Flacco</span> <span class='ocrx_word' id='word_1_365' title='bbox 500 4207 533 4262; x_wconf 84' lang='lat'>8:</span> <span class='ocrx_word' id='word_1_366' title='bbox 561 4210 802 4264; x_wconf 73' lang='lat' dir='ltr'>coamantissimnm</span> <span class='ocrx_word' id='word_1_367' title='bbox 824 4217 980 4265; x_wconf 81' lang='lat' dir='ltr'>senatorem.</span> <span class='ocrx_word' id='word_1_368' title='bbox 1003 4209 1175 4264; x_wconf 80' lang='lat' dir='ltr'>iustissimum</span> <span class='ocrx_word' id='word_1_369' title='bbox 1189 4218 1339 4282; x_wconf 81' lang='lat' dir='ltr'>praetorem</span> <span class='ocrx_word' id='word_1_370' title='bbox 1353 4205 1417 4266; x_wconf 68' lang='lat' dir='ltr'>aroc?</span> 
     </span>
     <span class='ocr_line' id='line_1_42' title="bbox 365 4292 1416 4371; baseline 0 -25"><span class='ocrx_word' id='word_1_371' title='bbox 365 4297 574 4348; x_wconf 67' lang='lat' dir='ltr'>obscurissimum</span> <span class='ocrx_word' id='word_1_372' title='bbox 594 4294 762 4366; x_wconf 79' lang='lat' dir='ltr'>reipublicae</span> <span class='ocrx_word' id='word_1_373' title='bbox 773 4294 868 4360; x_wconf 79' lang='lat' dir='ltr'>‹n&#39;nem3</span> <span class='ocrx_word' id='word_1_374' title='bbox 891 4292 941 4348; x_wconf 86' lang='lat' dir='ltr'>alii</span> <span class='ocrx_word' id='word_1_375' title='bbox 960 4293 1075 4348; x_wconf 76' lang='lat' dir='ltr'>codIces</span> <span class='ocrx_word' id='word_1_376' title='bbox 1093 4304 1125 4358; x_wconf 87' lang='lat' dir='ltr'>et,</span> <span class='ocrx_word' id='word_1_377' title='bbox 1145 4293 1195 4350; x_wconf 84' lang='lat' dir='ltr'>alii</span> <span class='ocrx_word' id='word_1_378' title='bbox 1213 4313 1245 4350; x_wconf 83' lang='lat' dir='ltr'>ac</span> <span class='ocrx_word' id='word_1_379' title='bbox 1258 4299 1336 4371; x_wconf 79' lang='lat' dir='ltr'>(ante</span> <span class='ocrx_word' id='word_1_380' title='bbox 1347 4293 1416 4338; x_wconf 58' lang='lat' dir='ltr'><strong>vom·</strong></span> 
     </span>
     <span class='ocr_line' id='line_1_43' title="bbox 365 4370 1417 4452; baseline -0.01 -20"><span class='ocrx_word' id='word_1_381' title='bbox 365 4377 451 4450; x_wconf 81' lang='lat' dir='ltr'>leru];</span> <span class='ocrx_word' id='word_1_382' title='bbox 475 4389 553 4434; x_wconf 89' lang='lat' dir='ltr'>recte</span> <span class='ocrx_word' id='word_1_383' title='bbox 571 4379 702 4434; x_wconf 68' lang='lat' dir='ltr'>Faernus</span> <span class='ocrx_word' id='word_1_384' title='bbox 725 4376 897 4452; x_wconf 87' lang='lat' dir='ltr'>particulam</span> <span class='ocrx_word' id='word_1_385' title='bbox 917 4378 1119 4448; x_wconf 81' lang='lat' dir='ltr'>delerivoluit,</span> <span class='ocrx_word' id='word_1_386' title='bbox 1143 4378 1253 4436; x_wconf 82' lang='lat' dir='ltr'>delerit</span> <span class='ocrx_word' id='word_1_387' title='bbox 1269 4370 1417 4436; x_wconf 80' lang='lat' dir='ltr'>Lambinus</span> 
     </span>
    </p>
   </div>
   <div class='ocr_carea' id='block_1_5' title="bbox 0 0 1504 5044">
    <p class='ocr_par' dir='ltr' id='par_1_7' title="bbox 0 0 1504 5044">
     <span class='ocr_line' id='line_1_44' title="bbox 0 0 1504 5044; baseline 0 0"><span class='ocrx_word' id='word_1_388' title='bbox 0 0 1504 5044; x_wconf 95' lang='lat' dir='ltr'> </span> 
     </span>
    </p>
   </div>
  </div>
 </body>
</html>
