3018 5052
323 401 387 466 482
708 419 752 466 nn
773 419 904 468 siamus
926 419 998 466 sos.

322 587 435 669 inquit3
473 586 532 654 etsi
564 587 644 653 enirn
673 587 748 653 illud
775 594 844 654 erat
867 588 988 670 aptius,
1025 605 1158 670 aequom
1185 589 1293 670 urique
1312 604 1380 652 con·

323 690 441 754 cedere

408 791 448 856 11.
471 793 500 856 3.
532 770 796 874 Existimo'igitur,
818 792 951 874 inquam,
974 792 1059 872 Cato,
1082 799 1204 858 veteres
1225 791 1294 857 illos
1314 790 1382 855 Pla·

323 895 405 959 tonis
421 892 588 974 auditores,
599 893 814 976 Speusippum,
826 895 1031 974 Aristotelem,
1042 895 1257 974 Xenocratem,
1278 893 1384 958 deinde

285 995 307 1061 5
324 1014 439 1075 eorum,
461 995 666 1076 Polemonem,
688 996 950 1078 Theophrastum,
972 995 1048 1060 satis
1076 1003 1108 1061 et
1129 997 1253 1078 copiose
1274 1002 1305 1062 et
1324 995 1383 1060 ele

323 1105 433 1180 genter
454 1097 599 1164 habuisse
620 1098 817 1166 constimtam
838 1099 1040 1179 disciplinam,
1062 1105 1097 1163 ut
1118 1117 1179 1164 non
1195 1105 1281 1163 esset
1295 1114 1384 1164 causa

323 1200 447 1280 Zenoni,
469 1217 537 1266 cum
558 1199 754 1266 Polemonem
775 1201 928 1280 audisset,
962 1218 1018 1265 cur
1046 1205 1077 1265 et
1102 1199 1141 1264 ab
1168 1217 1205 1270 eo
1226 1201 1296 1282 ipso
1317 1206 1384 1264 eta

318 1483 321 1494 ,
393 1443 412 1485 t.
431 1442 491 1487 enim
509 1437 598 1490 omC
633 1441 655 1489 3.
675 1437 745 1503 ι’φιὶιιν
761 1439 850 1490 omo
896 1438 1016 1489 oudam
1034 1437 1186 1490 Platones
1230 1444 1254 1488 5.
1274 1438 1384 1503 Epdorm

324 1506 382 1572 (pro
404 1511 493 1572 comm)
513 1508 530 1556 1,

324 1731 432 1800 codice,
455 1731 485 1788 in
503 1731 547 1788 ed.
559 1730 662 1806 prima,
679 1731 814 1802 Victorii,
839 1731 919 1801 alii13
942 1731 1056 1802 deinde,
1079 1739 1112 1788 ut
1126 1731 1262 1788 Lambini
1278 1731 1385 1788 violen-
1493 1764 1494 1787 t

323 1827 384 1874 tum
406 1825 542 1874 conatum
565 1817 707 1888 omittam,
730 1817 839 1892 duplex
856 1825 968 1874 tentata
989 1825 1034 1874 est
1050 1817 1206 1886 correctio;
1228 1835 1295 1874 nam
1311 1815 1386 1892 apud
1493 1806 1494 1831 ³

324 1902 499 1960 Ascensium
512 1902 619 1977 (1511)
642 1911 672 1959 et
682 1902 847 1960 Manutium
864 1912 894 1959 et
906 1911 1019 1960 ceteros
1034 1911 1102 1960 ante
1115 1899 1222 1962 Guium
1239 1901 1386 1960 scribitur:
1492 1951 1493 1976 ἶ

330 1988 413 2045 dumo
429 1991 479 2044 isto
496 1990 611 2062 quidm,
634 1990 752 2062 sequana
770 1990 833 2058 leco,
856 1991 916 2060 mat
934 2005 1054 2064 prorsus
1075 1995 1177 2045 contra
1199 1987 1386 2053 sententiam

324 2091 418 2148 neque
441 2073 517 2130 enim
540 2073 644 2132 Cicero
667 2091 698 2130 ae
719 2091 770 2143 eo,
794 2091 852 2148 quo
874 2071 948 2132 Cato
971 2073 1110 2144 iusserat,
1133 2073 1198 2131 loco
1224 2072 1299 2130 hanc
1321 2090 1387 2130 con·

323 2159 497 2216 troversiam
519 2167 710 2216 tractaturum
738 2159 793 2230 ait,
827 2177 864 2215 ne
892 2158 962 2233 quid
989 2157 1083 2216 dicam
1111 2158 1147 2216 de
1175 2161 1253 2216 immo
1279 2165 1309 2215 et
1330 2159 1388 2233 qui·

218 2275 220 2278 -
324 2245 398 2314 rtem
426 2242 519 2302 Gaius
546 2253 645 2301 autem
673 2243 779 2302 edidit:
813 2245 896 2301 Imnro
922 2245 997 2302 istud
1025 2247 1145 2319 quidem,
1177 2247 1302 2318 inquam,
1326 2245 1387 2309 loco,

325 2332 376 2386 nisi
398 2329 441 2406 (et
462 2328 504 2386 sic
526 2328 555 2386 in
569 2329 653 2386 eda.
669 2330 748 2387 1480
777 2327 907 2388 Orellius
928 2347 993 2387 ease
1015 2329 1065 2401 ait,
1087 2329 1174 2387 modo
1196 2338 1275 2386 recte
1296 2337 1389 2386 atten-

325 2408 424 2493 derit).
452 2411 502 2473 Sic
513 2433 633 2489 prorsu
655 2433 674 2471 a
694 2414 843 2472 codicibus
855 2414 1014 2472 disceditur
1035 2433 1128 2490 eaque
1150 2415 1293 2485 delentur,
1316 2429 1389 2488 qnae

325 2500 406 2556 nullo
429 2499 514 2556 modo
536 2499 637 2558 addita
663 2519 681 2556 a
707 2500 835 2557 librariis
862 2517 926 2558 esse
953 2509 1084 2576 possunt.
1113 2500 1190 2570 Nec,
1224 2499 1303 2574 quod
1329 2517 1387 2556 rem

325 2595 403 2642 recte
437 2584 608 2642 collocatam
635 2585 788 2643 laudantes
810 2585 908 2643 Latini
938 2587 993 2643 loco
1020 2585 1118 2662 (apto)
1146 2585 1272 2660 positam
1302 2584 1388 2642 inter·

325 2671 394 2728 dum
424 2669 538 2741 dicunt,
566 2671 714 2742 continuo,
747 2689 813 2728 cum
835 2689 888 2728 suo
911 2669 1022 2744 aliquid
1048 2671 1114 2728 loco
1141 2670 1286 2728 reservari
1308 2669 1388 2739 volo,

326 2757 422 2814 dicere
449 2755 532 2812 licet:
566 2757 645 2812 Istud
666 2757 728 2814 loco.
751 2757 786 2814 In
814 2755 907 2814 altera
929 2765 1012 2832 parte
1033 2756 1182 2830 antiquior
1202 2754 1389 2831 interpolatio

326 2849 384 2910 est3
408 2859 474 2898 nam
486 2858 552 2898 cum
564 2841 740 2899 deteriorum
751 2841 883 2899 codicum
895 2842 1036 2918 principis
1048 2841 1185 2899 librarius
1207 2860 1265 2898 non
1277 2840 1390 2898 intelle-

326 2936 421 3004 geret,
455 2927 588 2983 orbitratu
614 2947 670 2984 tneo
697 2945 762 2984 curn
789 2927 936 3003 prioribus
958 2928 1145 2985 coniunctum
1167 2944 1246 2996 esse,
1280 2925 1391 2983 addidit-

326 3013 464 3087 responde,
488 3012 566 3086 quod
577 3013 607 3069 in
619 3011 683 3070 cod.
694 3013 853 3089 archetypo
875 3031 933 3069 non
944 3012 1045 3084 fuisse,
1068 3013 1139 3070 satis
1161 3012 1312 3069 declarant
1323 3007 1391 3092 [A,]

326 3097 402 3168 Ert,
437 3096 514 3173 Spir.
537 3095 606 3176 [B],
643 3117 699 3174 mg.
722 3097 801 3157 Crat
850 3097 916 3155 Hoc
938 3098 1008 3173 quia
1034 3099 1166 3174 ineptum
1199 3107 1261 3155 erat
1283 3093 1391 3178 (neque

328 3183 404 3240 enim
428 3181 531 3242 Cicero
553 3182 695 3242 Catonem
717 3183 893 3259 respondere
916 3184 992 3253 vult,
1026 3183 1077 3241 sed
1104 3183 1168 3258 ipse
1190 3183 1217 3240 ei
1240 3201 1294 3240 suo
1316 3182 1392 3239 arbi·

328 3275 406 3324 tratn
429 3267 629 3344 respondere),
652 3268 792 3326 Davisius
809 3271 967 3344 respondere
982 3268 1071 3326 scribi
1088 3268 1181 3340 iussit,
1205 3285 1293 3342 quarn
1304 3267 1392 3324 inter·

329 3353 486 3427 polationis
513 3354 737 3411 occultationem
766 3363 977 3430 praeceperant
998 3352 1055 3413 Ox.
1077 3372 1094 3429 χ
1121 3361 1151 3410 et
1178 3353 1222 3410 ed.
1250 3372 1277 3409 a
1303 3353 1392 3417 1480,

329 3445 504 3512 secutusque
531 3437 660 3496 Orellius
688 3449 746 3509 est3
785 3440 874 3496 ceteri
908 3439 1034 3496 editores
1067 3440 1197 3514 responde
1228 3447 1393 3496 tenuerunt.

330 3523 393 3580 Nisi
414 3526 532 3597 iniquum
540 3525 647 3598 postrato
658 3524 759 3582 eodem
771 3525 857 3582 modo
869 3525 1073 3600 interponitur,
1096 3543 1169 3598 quo:
1191 3526 1245 3581 atsi
1258 3525 1395 3580 moneam

330 3618 377 3676 eet,
400 3616 430 3664 et
450 3607 566 3664 similia.

354 3715 357 3721 ·
414 3696 464 3750 etei
483 3696 550 3750 enin
571 3695 640 3751 illud
649 3691 718 3772 cet)
740 3694 850 3770 Aptius
866 3693 940 3754 Cato
957 3693 1181 3770 putatfnturum
1198 3691 1299 3764 tuisse,
1317 3691 1395 3768 quod

330 3779 392 3854 ipse
416 3778 478 3834 lieri
501 3779 643 3851 voluerat,
666 3779 717 3836 sed
739 3798 863 3854 aequum
887 3799 950 3838 esse
973 3781 1002 3837 in
1025 3780 1078 3837 tali
1099 3799 1130 3836 re
1141 3782 1236 3854 cuique
1246 3781 1395 3846 cawades

331 3864 360 3921 id
382 3873 435 3928 est,
459 3882 542 3921 suam
565 3864 668 3939 cuique
691 3865 854 3922 libertatern
877 3866 1051 3939 relinquere.
1095 3864 1169 3924 Cum
1190 3863 1220 3920 in
1238 3864 1284 3921 ed.
1300 3863 1396 3940 prima

330 3959 359 4006 et
382 3948 485 4006 deinde
507 3949 585 4025 apud
607 3951 770 4008 Manutium
795 3951 1007 4008 etLarnbinum
1031 3950 1188 4008 excidisset
1209 3953 1276 4006 edm
1303 3947 1395 4026 (quod

331 4033 478 4092 Gruterus
500 4053 536 4090 ex
549 4035 683 4092 onnnibus
695 4036 781 4104 Pell,
804 4035 944 4093 Davisius
956 4055 993 4093 ex
1005 4037 1066 4094 suis
1077 4034 1250 4110 revocavit),
1262 4043 1396 4110 propter-

331 4137 387 4192 que
410 4138 473 4176 eam
496 4137 614 4177 causam
637 4121 787 4178 Manutius
809 4139 923 4195 aequum
945 4122 1143 4180 accusativum
1166 4129 1299 4197 putasset
1326 4116 1397 4200 (et-ot

331 4207 430 4277 aptius,
453 4225 567 4280 coquum
588 4208 682 4281 cuique
692 4201 854 4282 concedere),
877 4207 949 4264 mire
972 4216 1002 4264 et
1022 4207 1048 4264 is
1069 4217 1100 4264 et
1120 4206 1172 4264 alii
1188 4205 1317 4264 editores
1329 4223 1397 4262 con·

329 4288 448 4347 lecturis
470 4291 610 4350 luserunt.
