2920 5012
404 433 449 480 nn
471 433 552 480 man.
568 432 661 480 nnar
683 432 757 481 cnr.
778 433 801 480 ⁷.
1098 413 1139 479 57

87 607 136 669 aut
161 603 216 668 ista
245 602 413 668 didicisset
465 602 509 668 Et
539 603 623 684 quod
656 602 817 684 quaeritur
833 619 957 684 saepe,
990 621 1046 668 cur
1077 608 1143 668 tarn

87 704 163 769 multi
182 705 240 770 sint
259 705 420 787 Epicurei,
443 712 517 770 sunt
536 705 616 770 aliae
637 722 762 787 quoque
783 722 903 784 causae
926 705 983 770 sed
1003 705 1142 770 multitu·

86 807 177 872 dinen
204 807 279 872 haec
310 806 443 872 maxime
474 806 583 886 allicit,
615 807 701 888 quod
726 805 771 872 ita
798 812 911 890 putant
936 807 996 873 dici
1018 805 1141 886 abillo,

85 919 161 974 recta
178 916 207 974 et
225 909 359 975 honesta
379 927 461 991 quae
482 909 553 988 sint,
575 927 613 974 ea
634 907 737 975 facere
757 909 828 990 ipsa
848 927 907 991 per
928 927 963 975 se
983 909 1140 988 laetitiam,

83 1011 112 1075 id
130 1018 181 1090 est,
199 1011 399 1093 voluptatem
443 1011 591 1077 Homines
614 1011 722 1093 optimi
744 1029 806 1076 non
828 1010 1019 1093 intellegunt,
1041 1012 1181 1080 totamb

84 1113 219 1179 rationem
239 1114 348 1194 everti,
371 1115 398 1179 si
419 1115 536 1179 iteres
558 1133 593 1180 se
614 1114 736 1180 habeat
768 1114 850 1179 Nam
867 1113 894 1180 si
910 1114 1141 1194 concederetur,

144 1324 165 1367 ἱ.
181 1318 367 1368 austriaca
392 1317 570 1382 Epr'eun'EGR
595 1324 619 1369 6,
638 1319 680 1369 loc
698 1318 792 1370 maer.
819 1327 889 1386 palat
906 1319 1004 1369 PMCR
1030 1326 1052 1368 4.
1072 1318 1142 1383 bben-

83 1387 136 1435 o'aar
153 1388 173 1436 lt
207 1393 227 1436 6.
245 1404 272 1438 ee
289 1405 329 1439 rea
346 1387 485 1438 Lenaeos

82 1592 183 1672 ddum).
225 1593 328 1674 [Nunc
351 1614 416 1652 cnm
438 1596 559 1654 Baitero
583 1597 755 1665 llletrodorus
777 1595 872 1672 posui.
916 1596 1042 1654 Prorsus
1065 1595 1142 1653 eninr

82 1691 204 1756 apertum
225 1691 283 1750 est,
318 1681 401 1738 inter
417 1682 556 1757 Epicurus
579 1690 609 1738 et
629 1692 677 1738 aut
699 1685 857 1757 quisquam,
891 1685 940 1756 qui
967 1691 1015 1738 out
1037 1691 1143 1757 saperet

81 1767 222 1841 antiquum
243 1767 424 1843 Epicureum
447 1767 630 1825 nominatum
653 1765 742 1845 essa]

156 1871 203 1910 cor
223 1863 278 1910 tam
299 1855 378 1909 maol
397 1849 466 1932 ciart)
501 1852 674 1910 Leviculum
708 1871 837 1909 errorem
866 1852 953 1928 (sont)
981 1851 1142 1910 Lambinus

81 1938 161 1994 tacite
182 1939 323 2008 correxit,
356 1938 461 1995 deinde
483 1938 633 1996 Davisius.
677 1939 800 1996 Rectum
828 1937 932 1994 habuit
953 1937 1041 1994 etiam
1065 1937 1142 2014 Spir.

80 2023 187 2080 Deinde
210 2024 272 2081 boec
294 2027 410 2080 ruostine
431 2017 548 2104 (causa)
565 2023 664 2099 recepi
686 2024 724 2081 ob
748 2023 953 2080 auctoritatem
975 2023 1047 2094 Erl,
1071 2021 1142 2101 [A,]

1 2123 2 2130 ’
81 2107 164 2184 Spin,
187 2107 265 2167 Gud.
289 2111 318 2166 2.
362 2109 417 2167 Est
439 2111 525 2166 etiam
555 2110 585 2166 in
608 2109 665 2168 Ox.
687 2128 714 2186 χ.
757 2109 803 2166 Da
831 2109 898 2184 ipsa
923 2128 955 2166 re
978 2108 1031 2166 cfr·
1053 2110 1142 2166 Tusa.

79 2194 133 2263 lv,
156 2195 188 2266 7,
217 2195 266 2252 ubi
289 2194 395 2254 Cicero
418 2205 496 2252 recte
518 2195 601 2253 addit
622 2193 739 2252 facilem
762 2195 913 2252 doctrinae
935 2194 1053 2252 minime
1076 2194 1143 2252 abs-

1 2291 2 2358 l
79 2287 169 2336 nusae
203 2281 408 2356 cognitionem.
452 2280 656 2340 Conveniebat
675 2279 798 2357 Epicuri
820 2280 976 2356 disciplina
997 2280 1103 2337 animis
1125 2298 1144 2337 a

1 2425 2 2442 ,
77 2365 212 2441 religione
242 2366 355 2424 aversis
389 2377 419 2423 et
447 2367 477 2423 in
504 2366 620 2442 perdita
647 2385 680 2423 re
707 2366 826 2442 publica
848 2375 878 2424 et
899 2366 1029 2424 moribus
1051 2365 1143 2423 otium

78 2451 259 2522 sectantibus,
283 2470 342 2508 non
366 2452 530 2508 veritatem.
687 2491 693 2504 .

154 2540 194 2594 ita
212 2547 309 2614 putant
330 2533 398 2616 dra)
422 2536 472 2596 Sic
494 2534 562 2616 (pro
579 2533 677 2616 putot)
707 2539 784 2594 Dav.
805 2536 837 2593 in
859 2536 906 2594 El.
930 2537 947 2592 2
971 2536 1029 2612 legi
1052 2554 1143 2594 anno·

77 2631 128 2692 tat,
160 2621 253 2681 Gaius
280 2623 312 2680 in
335 2622 415 2681 Gud.
441 2626 455 2680 l
487 2633 518 2679 et
538 2623 607 2680 Bas.
630 2623 706 2696 (Eri.
735 2622 844 2681 oblitus
877 2631 923 2680 est
955 2631 985 2679 et
1016 2620 1143 2679 fortasse

76 2707 156 2764 etiam
180 2703 380 2788 Spirensem);
403 2717 449 2766 est
469 2709 512 2765 ita
534 2709 563 2766 in
587 2708 667 2767 Crat.
690 2708 820 2784 margine
843 2706 889 2785 [et
904 2706 964 2786 A];
987 2708 1066 2765 vict
1079 2708 1143 2764 cod.

73 2797 179 2866 putarit
224 2793 349 2870 Recepit
368 2805 466 2870 patant
487 2793 631 2864 Orellius,
661 2795 755 2852 citans
778 2795 866 2852 Tusc.
888 2794 949 2864 IV,
980 2794 1007 2849 6.
1051 2793 1143 2850 Recte

76 2877 107 2934 de
127 2879 279 2938 (beeronis
302 2898 358 2936 usu
390 2880 542 2956 praecepit
563 2880 717 2956 Zumptius
748 2883 762 2950 ξ
787 2881 857 2936 366.
901 2878 936 2936 In
964 2879 1016 2936 illo
1044 2887 1142 2937 autem

75 2963 303 3022 Tusculanarum
337 2964 403 3022 loco
431 2966 510 3040 quod
531 2965 668 3024 Klotaius
696 2967 859 3023 temtabatur
889 2965 931 3022 sic
964 2973 1077 3035 tuetur,
1111 2974 1145 3022 ut

76 3047 121 3105 sit:
151 3070 180 3108 es
210 3052 302 3108 tour&
323 3053 491 3125 cinpcbrdan,
524 3071 553 3109 ea
576 3053 653 3125 fond
683 3055 739 3108 erbe
766 3052 925 3126 Einadonp
957 3059 1036 3120 stutt,
1069 3049 1144 3108 nihil

75 3153 186 3209 prorsus
210 3136 341 3210 proficit;
364 3137 474 3194 nullius
496 3138 574 3194 enim
601 3137 684 3194 verbi
709 3136 806 3195 [latim
832 3137 952 3213 passiva
972 3135 1068 3194 forma
1090 3137 1144 3192 im·

74 3221 262 3294 personaliter
284 3219 418 3298 ponitur,
442 3222 498 3280 nisi
522 3223 600 3296 quod
622 3231 673 3280 ant
699 3222 915 3280 intransitivum
945 3231 991 3280 est
1016 3230 1068 3278 aut
1089 3241 1144 3297 pro

74 3303 255 3365 intransitive
282 3309 355 3384 poni
381 3317 480 3384 potest
501 3304 549 3389 (ut
575 3328 650 3376 omo,
680 3309 762 3382 otto).
806 3306 857 3386 [In
885 3327 934 3376 eo,
957 3308 1037 3382 quod
1063 3309 1079 3364 Ι
1106 3307 1143 3364 de

75 3389 148 3449 Orat.
180 3394 241 3450 186
277 3393 430 3452 scribitur:
459 3405 637 3469 poatwquom
670 3405 709 3451 ert
735 3396 834 3452 editum
862 3391 958 3471 (nullo
986 3390 1143 3470 subiecto),

72 3475 127 3534 iure
150 3477 328 3538 Schuetziua
349 3479 461 3549 haesit,
489 3497 543 3536 nec
565 3479 759 3537 dubitandum
781 3479 913 3550 videtur,
937 3479 1008 3554 quin
1031 3479 1144 3554 aliquid

74 3564 159 3622 subsit
181 3563 307 3642 mendi]

148 3653 175 3708 ei
195 3654 235 3707 ito
257 3669 302 3707 res
324 3669 353 3707 ae
375 3651 482 3724 babeat)
515 3651 582 3716 Hpc
614 3650 717 3708 ordine
750 3650 838 3707 etiem
870 3647 939 3728 [Α,]
968 3649 1031 3708 cod.
1053 3649 1143 3722 Vict,

73 3732 153 3809 Spin,
177 3734 261 3794 Gud.
287 3737 302 3792 1
332 3735 411 3811 apud
433 3733 550 3794 Gaium.
607 3735 722 3811 Sequor
755 3736 887 3794 codicum
921 3736 1142 3812 praestantiam,

72 3822 197 3897 mgnlam
232 3831 346 3878 certam
379 3839 438 3878 non
466 3821 545 3878 novi.
599 3823 667 3879 Hoc
699 3821 801 3880 ordine
834 3823 867 3880 11
900 3822 936 3878 de
958 3820 1041 3879 Orat.
1065 3823 1142 3894 271,

71 3905 103 3961 N.
114 3907 151 3964 D.
161 3909 207 3976 11,
226 3908 269 3965 23
287 3907 386 3977 etIII,
411 3908 450 3964 89
470 3904 526 3986 (ex
542 3907 661 3983 optimis
673 3907 779 3982 codd),
802 3908 896 3965 Acad.
913 3907 955 3978 Π,
980 3909 1029 3978 54,
1053 3908 1143 3984 Legg.

71 3991 97 4060 l,
123 3993 162 4050 36
192 3991 263 4072 (sed
285 3994 450 4070 postposito
472 3988 542 4074 ric),
576 3994 670 4050 altero
697 3991 822 4051 fortasse
845 3993 934 4050 etiam
956 3992 1088 4068 saepius,
1111 4000 1145 4050 ut

70 4077 152 4136 lide
176 4077 264 4138 Orat.
288 4079 346 4148 23,
375 4078 439 4138 Cat
463 4079 518 4150 65,
547 4080 635 4137 Tusc.
659 4080 702 4149 V,
728 4079 782 4151 63,
810 4079 849 4135 ad
869 4080 934 4136 Att.
957 4080 1004 4150 11,
1035 4079 1090 4150 tn,
1117 4080 1143 4151 1,

70 4163 152 4242 Legg.
176 4166 203 4236 1,
228 4165 281 4221 58.
324 4164 423 4222 Aliter
444 4164 613 4240 implicatur
644 4165 716 4223 ordo
749 4163 955 4222 adverbiorum
983 4164 1144 4240 transposi-

70 4248 156 4322 tione,
180 4250 218 4308 de
242 4267 303 4324 qne
326 4267 400 4324 qnae
423 4249 499 4308 dixit
520 4251 656 4308 Handius
678 4251 766 4308 Tura.
787 4250 851 4321 ΠΙ,
874 4269 903 4326 p.
927 4250 1004 4320 498,
1038 4268 1143 4325 parurn

70 4334 145 4393 lirina
166 4334 366 4412 reperientur,
389 4335 414 4393 si
437 4337 474 4394 ad
496 4337 577 4413 ipsos
598 4336 679 4395 locos
702 4345 807 4393 exacta
828 4334 947 4394 fuerint.
