2944 5040
320 404 382 468 838
738 421 911 470 excursus
928 423 983 470 vu

317 594 534 652 commentariis
558 594 641 668 quasi
664 595 743 652 domi
765 604 893 652 retentos
916 595 1014 653 tradit.
1047 595 1152 669 Itaque
1174 596 1282 652 iniuria
1294 615 1378 672 nuper

318 679 453 739 Stahrius
477 679 614 757 (Aristct.
627 681 659 737 Π
676 701 703 756 p.
723 681 776 758 35)
799 681 932 756 negavit
966 701 985 737 a
1006 699 1154 756 quoquam
1177 691 1276 738 vetere
1298 682 1381 757 scrip·

318 775 380 822 tore
403 773 487 840 apert
488 766 512 821 is
476 766 633 822 tverbis
655 765 746 834 tradi
781 767 859 840 quod
883 765 989 826 Strabo
1013 765 1194 842 significat
1186 787 1214 823 m
1239 767 1381 824 notissime

316 851 485 906 narratione
507 849 646 927 (Xlllp.
662 851 746 948 609)
771 851 961 909 Aristotelem
984 853 1076 909 libros
1097 870 1167 908 suos
1190 853 1309 910 maioris
1331 872 1381 909 mo

317 936 408 993 menti
431 936 585 1011 plerosque
609 926 696 1014 (πλὴν
719 930 823 1012 ὀλίγων
845 926 893 993 καὶ
915 925 1099 1010 μαλιστα
1058 955 1116 993 των
1128 930 1317 1018 εξωτερικων)
1333 956 1381 993 uon

211 1081 217 1096 x
317 1022 413 1097 ipsum
437 1021 571 1078 edidisse.
615 1022 692 1078 Nam
717 1022 795 1096 quod
818 1023 895 1079 idem
907 1023 993 1102 (Hp
1008 1019 1082 1098 243)
1105 1021 1262 1078 Niebuhrii
1279 1024 1383 1098 opinio·

318 1126 383 1163 uem
407 1107 551 1181 quendam
576 1125 700 1182 sequens
723 1108 814 1184 (Hist.
828 1109 910 1165 Rom.
934 1109 949 1164 I
971 1127 999 1182 p.
1014 1107 1052 1162 22
1076 1108 1121 1164 ed.
1135 1105 1211 1186 3)‚·
1202 1125 1232 1164 m
1246 1126 1381 1165 commen-

318 1193 400 1249 tariis
423 1193 541 1250 relictos
563 1211 614 1249 eos
635 1193 727 1250 libros
750 1192 807 1249 diei
831 1202 928 1268 putat,
952 1211 1026 1266 quos
1043 1193 1222 1250 Aristoteles
1245 1204 1273 1250 et
1296 1195 1381 1250 Thec-

317 1279 454 1354 phrastus
477 1297 535 1334 non
558 1278 668 1348 statim,
691 1297 755 1334 cum
769 1279 870 1353 scripti
883 1287 990 1346 essent,
1014 1278 1167 1346 ediderint,
1186 1279 1238 1334 sed
1249 1279 1381 1353 aliquam-

317 1364 367 1420 diu
389 1363 564 1420 retinuerint
575 1373 605 1420 et
616 1363 738 1420 subinde
750 1364 980 1430 emendaverint,
993 1362 1118 1438 primum
1131 1363 1211 1420 illius
1223 1367 1380 1438 aliquandiu

317 1457 347 1506 et
368 1448 505 1506 editionis
528 1459 630 1524 postea
652 1458 826 1506 consecutae
849 1469 885 1506 ue
908 1449 1059 1506 minimum
1088 1449 1206 1548 quidem
1235 1451 1380 1526 vestigium

317 1535 414 1592 estin
437 1535 535 1592 verbis
559 1534 724 1602 Ciceronis3
748 1535 852 1592 deinde
876 1535 1061 1610 perspicuum
1085 1545 1143 1602 est
1179 1534 1203 1591 si
1232 1535 1267 1592 de
1290 1536 1380 1592 huius·

317 1619 395 1676 modi
419 1620 544 1693 quadam
567 1619 738 1677 Aristotelis
766 1629 795 1677 et
822 1620 1020 1713 Theophrasti
1048 1620 1260 1678 consvetudine
1287 1621 1381 1680 Cicero

320 1704 497 1778 loqueretur,
522 1715 555 1761 ut
576 1717 663 1762 antea
685 1705 776 1762 dixit.
800 1690 967 1781 ἐξωτερικόν
989 1707 1177 1780 appellabant
1211 1707 1254 1763 sic
1276 1705 1379 1766 hicdi·

317 1783 440 1846 cendum
463 1788 554 1847 fuisse
578 1788 776 1869 (aliquamdiu)
799 1792 992 1864 relinquebant
1016 1809 1092 1848 nuuc
1114 1790 1380 1867 perfeetotempore

317 1876 484 1950 significari,
508 1895 660 1950 quousque
683 1878 802 1933 omuino
825 1895 979 1952 progressa
1001 1877 1040 1932 sit
1061 1877 1166 1934 horum
1188 1877 1329 1935 librorum
1349 1877 1381 1931 ab

316 1962 485 2018 stratoribus
508 1961 568 2018 suis
591 1980 655 2018 cum
679 1962 745 2018 aliis
775 1962 1009 2019 communicatis.
1059 1962 1203 2034 Quamvis
1230 1963 1319 2040 igitur
1343 1963 1380 2018 iu·

317 2047 456 2103 credibile
479 2047 526 2116 sit,
539 2047 612 2104 nihil
624 2047 718 2122 ipsum
732 2046 924 2104 Aristotelem
937 2047 1032 2118 exiis,
1056 2066 1131 2120 quae
1149 2047 1280 2106 limatius
1292 2048 1380 2122 dispu-

316 2141 416 2200 tasset,
440 2132 477 2188 ad
499 2132 605 2188 iustam
629 2133 695 2190 libri
718 2132 842 2189 formam
867 2132 1032 2189 absolutum
1056 2133 1197 2202 edidisse,
1233 2135 1380 2206 multisque

317 2218 410 2275 modis
433 2215 593 2289 refelletur,
617 2219 652 2275 de
675 2218 820 2276 sententia
842 2227 940 2274 tamen
964 2217 1115 2276 Ciceronis
1143 2229 1274 2289 constat,
1297 2237 1379 2293 quan-

318 2312 380 2359 tum
404 2302 520 2401 quidem
544 2304 641 2360 verbis
670 2321 810 2379 expressa
838 2312 896 2370 est3
930 2321 996 2360 nam
1026 2305 1173 2378 quomodo
1202 2305 1256 2362 hos
1289 2305 1379 2361 libros.

315 2407 389 2463 quos
411 2388 441 2444 in
464 2389 681 2446 commentariis
702 2408 720 2444 a
742 2388 934 2486 scriptoribus
956 2389 1074 2446 relictos
1097 2390 1177 2459 dicit,
1201 2401 1305 2466 postea
1326 2388 1380 2445 rul-

315 2483 400 2548 getos
428 2473 546 2562 putarit
580 2493 638 2531 non
673 2475 758 2542 dicit
792 2473 817 2530 si
846 2475 932 2531 modo
965 2473 1001 2530 de
1030 2493 1065 2531 eo
1093 2476 1213 2531 omniuo
1240 2475 1378 2552 cogitavit

317 2543 524 2632 Ἐξωτιριιιούι·
545 2559 637 2616 libros
649 2559 753 2618 Cicero
766 2558 897 2616 nominat
909 2559 996 2615 ctiam
1010 2560 1047 2616 ad
1058 2561 1151 2617 Attio.
1163 2561 1218 2618 IV
1236 2563 1283 2632 16
1296 2563 1314 2617 2
1336 2577 1380 2615 nec

315 2642 432 2699 dubitat
452 2642 495 2698 ita
517 2645 585 2700 ab
576 2664 641 2720 1ps0
664 2645 826 2702 Aristotele
839 2645 1002 2720 appellatos
1014 2645 1184 2714 seribere'
1175 2646 1270 2720 risque
1287 2663 1380 2722 proce-

317 2729 377 2785 mia
404 2731 574 2803 praeposita
605 2729 696 2788 fuisse
730 2731 809 2788 dicit.
860 2731 1009 2804 Rectaque
1039 2731 1174 2788 Stehrius
1197 2729 1381 2809 (Aristotll

315 2833 344 2890 p.
358 2813 447 2890 247),
469 2813 515 2882 iis,
539 2833 614 2888 quae
637 2816 769 2874 hocloco
781 2816 886 2875 Cicero
898 2815 933 2871 de
946 2816 1029 2873 libris
1051 2816 1088 2872 dc
1106 2836 1136 2872 re
1148 2817 1267 2892 publica
1279 2817 1380 2885 scribit

315 2899 493 2974 comparatis
515 2917 580 2956 cum
603 2901 653 2972 iis,
678 2921 752 2976 quae
775 2902 846 2959 alibi
875 2898 927 2978 (ad
949 2902 1053 2958 Famil.
1076 2902 1101 2972 Ι,
1126 2903 1154 2971 9,
1176 2903 1231 2970 23,
1265 2904 1303 2959 ad
1324 2907 1379 2959 Art

314 2984 405 3055 ΧΙΠ,
422 2986 468 3054 19,
483 2984 515 3062 4)
538 2986 618 3056 dicit,
632 2987 763 3064 dialogos
775 2987 918 3044 librorum
930 2987 966 3043 de
978 2996 1094 3045 oratore
1117 2997 1147 3044 et
1169 2987 1205 3044 de
1222 2988 1327 3045 linibus
1347 2985 1380 3042 ed

316 3069 521 3127 Aristoteliam
545 3071 712 3147 exemplum
735 3072 935 3131 conformatos
964 3091 1043 3130 esse.
1078 3071 1183 3142 efficit,
1218 3073 1381 3132 Ciceronem

315 3156 410 3231 primo
433 3154 484 3212 illo
507 3154 571 3213 loco
593 3155 651 3214 τῶν
664 3151 837 3236 ἐξωτερικῶν
853 3157 971 3214 nomine
984 3158 1110 3215 maxime
1127 3158 1261 3234 dialogos
1273 3160 1380 3216 Aristo·

315 3241 391 3306 telis,
414 3241 464 3314 qui
480 3241 700 3314 interciderunt,
724 3243 912 3320 significasse.
956 3243 995 3299 Et
1017 3243 1150 3319 dialogos
1172 3255 1223 3301 aut
1241 3246 1318 3302 solos
1338 3251 1382 3299 eut

248 3357 250 3364 ·
316 3344 381 3383 cum
404 3326 471 3382 aliis
492 3326 522 3382 iu
545 3329 608 3391 τοῖς
630 3321 809 3404 ἐξωτερικοῖς
831 3341 944 3404 ponunt
966 3329 1053 3386 etiem
1077 3329 1215 3402 ceteri.¹)

402 3410 548 3484 Quoniam
571 3411 669 3487 igitur,
693 3413 764 3487 quid
775 3412 879 3472 Cicero
897 3414 1013 3474 dixerit.
1037 3423 1167 3484 constat,
1191 3413 1381 3489 quaerendum

316 3506 370 3568 est,
392 3497 494 3573 ipsene
523 3495 626 3556 Cicero
653 3497 684 3554 iu
712 3498 837 3556 lectione
870 3509 900 3556 et
926 3500 1100 3556 uectatione
1134 3518 1235 3558 eorum
1263 3499 1381 3556 maxime

315 3582 487 3639 Aristotelis
510 3581 661 3654 librorum,
685 3602 758 3657 quos
780 3584 910 3641 limatius
932 3585 1057 3660 scriptos
1080 3585 1160 3654 dicit,
1184 3597 1212 3642 et
1229 3583 1381 3643 omniuoiu

316 3667 455 3741 antiquae
485 3667 690 3744 philosophiae
717 3670 933 3744 Peripateticae
968 3671 1120 3727 subtiliore
1154 3671 1321 3747 cognitione
1345 3669 1380 3724 iu

317 3764 451 3810 versatus
473 3753 622 3824 videatur,
657 3763 690 3811 ut
717 3756 865 3830 propriam
896 3756 1025 3830 aliquam
1049 3757 1254 3814 auctoritatem
1276 3755 1379 3813 afferat

348 4109 460 4164 'iscius
483 4109 635 4158 Ammonius
659 4109 776 4158 Hermiae
803 4109 819 4158 f
844 4112 877 4158 ad
896 4111 1004 4164 ArIstot
1023 4111 1111 4170 Cetea
1130 4110 1174 4160 lol
1194 4111 1256 4159 ΒΒ
1277 4111 1316 4160 ed.
1326 4109 1377 4157 vm

389 4182 460 4233 1545,
480 4179 596 4240 dialogos
615 4190 639 4227 et
657 4179 707 4226 alis
727 4179 882 4243 Philopcnns
902 4182 933 4228 sd
953 4181 1059 4228 aristot.
1078 4182 1109 4228 de
1122 4181 1207 4228 enims
1220 4179 1264 4230 iol.
1276 4177 1377 4228 esses

384 4245 447 4294 Ven.
464 4251 535 4305 1535,
555 4247 671 4308 dialogos
681 4255 705 4294 et
714 4247 833 4297 historice
843 4249 989 4313 Simplicius
999 4249 1030 4296 ad
1042 4249 1159 4300 Auscult.
1170 4248 1270 4310 Physic.
1288 4247 1333 4298 Iol
1340 4243 1377 4292 2ss

384 4314 423 4362 ed
442 4314 505 4365 Van
530 4320 602 4367 teas,
631 4317 780 4366 Plutarchus
798 4331 897 4380 quoque
915 4317 942 4368 tl
954 4331 1030 4381 supra
1049 4319 1084 4378 c)
1104 4311 1277 4398 &perspersi-g
1296 4311 1377 4366 deule-

384 4400 448 4452 γους
458 4384 578 4432 nominet.
586 4383 684 4433 Gellius
696 4385 765 4446 (XX,
777 4391 801 4438 5)
821 4385 945 4434 rhetorica
955 4398 979 4434 et
988 4386 1114 4450 politica
1108 4401 1134 4434 ιιι
1143 4385 1191 4434 hoc
1205 4399 1297 4447 genere
1311 4383 1377 4450 penit
