2928 5012
359 378 434 443 XVI
807 393 1001 442 amurcam.

360 567 391 630 in
413 565 475 629 Erl.
499 582 568 628 esse
590 565 768 646 perspicue:
804 569 838 628 at
858 562 922 628 clla
937 584 1018 644 pars
1038 564 1200 641 cracaimte,
1234 565 1291 628 sed
1315 571 1433 626 tantur

359 678 394 738 ol
416 671 480 736 alla
501 673 639 753 protulit.
684 672 759 753 (cn.
781 672 806 751 Ι,
824 673 866 738 20
887 675 927 738 de
951 672 1156 756 qemnetriarn,
1190 673 1231 737 34
1253 676 1353 752 atquo
1378 676 1433 732 tur

360 782 489 858 bantur.)
534 783 583 846 Ad
604 782 645 860 Il,
658 783 697 846 13
720 800 788 846 cum
811 781 956 846 Davisius
979 799 1039 846 uon
1062 786 1146 845 recte
1164 780 1362 856 credidisset,
1387 781 1433 842 ad

360 891 495 955 dandum
517 907 586 956 esse
609 877 718 967 ἡδονή
742 896 815 970 post
829 887 952 966 Gracco,
974 888 1163 954 Goerenzius
1185 887 1292 952 qurl
1311 895 1346 952 et
1359 886 1433 967 Spin

360 1000 391 1063 id
413 997 595 1063 vocabvdum
617 997 736 1062 Latinis
757 997 870 1062 litteris
882 997 1030 1079 scriptum
1053 1015 1122 1061 esse
1143 996 1235 1077 plane
1258 996 1433 1060 somniavit

360 1106 475 1170 Eadem
499 1105 707 1186 perversitate
729 1107 822 1184 11,·24
845 1125 914 1184 non,
937 1111 972 1169 ut
989 1105 1144 1170 Gruterus
1166 1113 1198 1168 et
1218 1104 1373 1169 Davisius
1398 1103 1433 1166 fe

361 1221 475 1292 corant,
498 1220 580 1278 tacet
601 1216 640 1279 de
662 1213 796 1295 copac'ta,
827 1215 911 1294 quod
933 1212 1058 1294 postia
1082 1233 1141 1294 qao
1163 1213 1283 1278 codices
1307 1211 1433 1276 addunt

361 1323 417 1386 sed
431 1340 523 1394 „suos
544 1322 576 1388 id
594 1322 757 1404 ignorares
783 1322 897 1386 scribit.
931 1323 996 1385 lam
1008 1321 1084 1386 illud
1105 1321 1196 1402 quale
1218 1321 1329 1398 dicam,
1355 1338 1433 1400 quo(

361 1430 401 1508 Η,
418 1432 467 1509 ll,
490 1449 558 1494 cum
571 1429 726 1494 Gruterus
738 1449 755 1494 e
765 1429 830 1493 Pal.
845 1433 861 1492 1
875 1439 907 1493 et
918 1428 1027 1512 Scalig.
1042 1429 1224 1510 protulisset
1233 1427 1433 1510 profitenda

360 1538 454 1620 idque
476 1538 623 1603 Davisius
638 1538 810 1618 probasset
837 1538 944 1603 addito
965 1538 1047 1602 Ell
1078 1543 1088 1606 l
1092 1538 1117 1602 si
1140 1540 1231 1602 modo
1253 1537 1343 1617 prior
1367 1535 1433 1598 fuit

361 1646 545 1723 testimonio,
557 1645 746 1710 Goerenzius
757 1647 851 1710 audet
863 1646 1006 1724 scribere,
1031 1664 1150 1726 „neque
1162 1645 1334 1708 Gruterum
1346 1642 1433 1723 quid·

362 1753 594 1835 quamdePall
607 1771 734 1818 monere
746 1771 801 1818 nec
812 1771 885 1816 suos
896 1753 1059 1819 illosbiuos
1071 1753 1222 1835 avulgata
1230 1751 1433 1817 discederem

362 1861 402 1925 Et
423 1861 557 1926 habebat
578 1861 718 1926 omnibus
741 1862 852 1926 litteris
873 1861 1080 1942 perscriptum
1102 1862 1133 1925 in
1159 1861 1243 1932 „suis
1259 1860 1321 1925 illis
1333 1858 1433 1923 binis*

356 1968 554 2048 profilotdac.
591 1969 666 2051 (cn.
690 1971 745 2048 Ill,
762 1972 803 2034 53
819 1967 892 2032 ltacc
907 1969 1033 2050 posita.)
1067 1969 1137 2048 Sed,
1160 1988 1199 2033 ne
1220 1965 1375 2034 infinitum
1389 1970 1433 2033 sit

362 2096 456 2141 unum
479 2078 638 2143 socordiae
662 2096 731 2142 cum
749 2077 818 2159 pari
840 2076 970 2141 stultitia
981 2078 1160 2142 coniunctae
1176 2079 1350 2158 exemplum
1380 2079 1433 2142 ad·

362 2186 442 2263 dam,
466 2203 527 2264 quo
550 2185 623 2250 nihil
644 2185 743 2266 magis
766 2185 927 2249 ridiculum
938 2185 1104 2267 excogitari
1116 2191 1228 2266 potest.
1251 2186 1331 2250 Nam
1343 2186 1381 2260 V,
1394 2187 1433 2250 41

362 2293 394 2356 iu
416 2292 551 2357 editione
572 2292 739 2373 Bipontina
761 2311 869 2357 errore
891 2294 1113 2373 scriptumest:
1134 2293 1174 2370 si,
1196 2297 1232 2354 at
1251 2293 1338 2356 initio
1360 2292 1433 2368 dimi,

364 2435 404 2446 -
426 2401 452 2464 si
475 2401 546 2481 (pro
568 2400 612 2482 sc)
634 2401 760 2482 quisquc
776 2405 964 2483 coquoscerat.
1009 2401 1088 2464 Eum
1110 2419 1247 2465 errorem
1270 2419 1339 2466 cum
1351 2400 1433 2464 Goe-

363 2509 483 2574 renzius
513 2509 691 2590 repetisset,
725 2509 814 2590 quasi
843 2509 931 2574 oculo
958 2509 1055 2572 altero
1085 2508 1271 2589 semiaperto
1299 2508 1376 2572 vidit
1403 2509 1433 2574 in

363 2615 467 2680 codice
490 2616 552 2680 Erl.
575 2635 643 2681 csse
664 2635 706 2694 sc,
730 2635 785 2681 nec
807 2625 909 2680 tamen
933 2615 1101 2697 evigilavit,
1129 2623 1163 2681 ut
1185 2617 1217 2680 id
1238 2617 1269 2680 in
1292 2617 1433 2684 omuibus

363 2723 519 2788 codicibus
542 2730 573 2788 et
595 2724 808 2804 superioribus
830 2723 1013 2788 editionibus
1036 2743 1105 2788 esse
1127 2743 1183 2789 nec
1205 2725 1271 2788 sine
1292 2725 1433 2790 coullarn

364 2849 434 2894 csse
457 2832 639 2896 senteutiam
662 2832 935 2908 aniuradverterct,
959 2832 1030 2908 sed,
1059 2831 1164 2913 qualia
1186 2833 1339 2912 permulta
1359 2852 1433 2912 gra-

363 2937 487 3002 vissime
511 2939 566 3003 Dei
589 2939 694 3003 Somni
716 2939 841 3004 oracvda
863 2939 934 3011 edit,
957 2947 1066 3002 narrat
1086 2945 1169 3004 recte
1191 2941 1289 3019 repeti
1311 2940 1336 3002 si
1357 2941 1433 3007 {sisi

363 3063 502 3127 coqoosco
523 3065 581 3127 pro
603 3048 629 3110 si
650 3067 696 3109 orto
718 3054 878 3128 caparosso),
901 3045 958 3110 hoc
975 3046 1164 3110 conlauderis
1177 3065 1245 3110 cum
1257 3048 1433 3112 condicione

363 3153 511 3233 propiore
533 3155 670 3218 subiecta
693 3155 863 3220 condicioni
876 3154 1059 3234 generaliori
1072 3154 1146 3226 (vid.
1154 3155 1194 3218 ad
1206 3155 1246 3232 ΙΙ,
1260 3155 1341 3229 112).
1363 3155 1431 3219 lam

363 3279 453 3341 quem
478 3263 521 3327 sic
543 3263 574 3328 in
596 3261 779 3344 Erlangensi
802 3263 905 3327 codice
926 3279 1034 3325 errare
1045 3261 1192 3336 videmus,
1215 3279 1305 3342 quem
1322 3262 1429 3342 ipsein

363 3368 504 3433 manibus
526 3369 667 3447 habebat,
690 3371 765 3451 quid
786 3371 856 3434 hnic
878 3369 1026 3433 accidisse
1048 3372 1193 3449 putamus
1216 3370 1247 3433 in
1270 3370 1429 3450 scripmris

363 3477 477 3540 codicis
500 3477 655 3558 Spirensis
678 3488 709 3541 ct
730 3477 926 3554 Basileensis,
949 3475 1060 3557 quibus
1083 3485 1251 3557 antequam
1262 3477 1305 3540 uti
1316 3489 1430 3558 posset.

364 3585 442 3649 ratio
464 3583 606 3649 habenda
628 3583 722 3648 fuerit
743 3591 904 3648 contentus
916 3583 1097 3662 Manutiani,
1120 3602 1252 3664 quocum
1272 3584 1313 3648 illi
1329 3585 1429 3650 collati

363 3694 489 3755 essent?
512 3692 591 3755 Dlud
614 3711 709 3754 unum
732 3699 895 3772 praeterea
906 3692 1108 3755 animadverti
1127 3691 1225 3768 velim,
1249 3709 1339 3772 saepe
1350 3711 1429 3774 eum,

364 3817 433 3862 cum
461 3817 534 3863 vere
562 3799 748 3880 scripturam
781 3798 914 3880 aliquam
942 3817 979 3862 en
1006 3817 1068 3861 uno
1096 3799 1255 3864 duobusve
1278 3799 1429 3867 codicibus

364 3905 504 3985 prolerre
527 3914 643 3988 posset,
665 3905 743 3970 falso
766 3926 867 3968 oratores
882 3925 960 3982 srvos,
981 3903 1091 3969 orobos
1111 3906 1295 3986 appellasse,
1316 3917 1428 3974 utcum

363 4013 507 4092 proprias
529 4013 663 4077 melioris
687 4012 820 4077 familiae
842 4013 1013 4092 scripturas
1040 4021 1271 4091 commemorat,
1298 4032 1371 4095 quac
1395 4018 1427 4082 in

363 4119 426 4184 Erl.
450 4130 481 4184 et
503 4121 592 4202 Spir,
610 4120 765 4184 interdum
787 4119 817 4182 in
840 4138 902 4182 uno
924 4125 1086 4199 praeterea
1104 4127 1201 4184 erant.
1244 4121 1345 4201 Neque
1366 4140 1427 4203 ego

363 4227 395 4292 in
418 4227 557 4291 omuibus
580 4227 755 4292 huiusmodi
777 4227 851 4291 locis
874 4221 1045 4290 cautionem
1068 4227 1212 4308 ascripsi,
1235 4245 1302 4290 cum
1321 4229 1425 4297 edroi
