3000 5044
324 360 387 426 526
714 377 758 424 un
781 377 911 425 eramus
933 378 1004 424 nor.

323 547 409 613 ineat
428 546 575 629 gratiam3
597 563 667 624 nec,
695 545 722 611 si
744 545 821 630 [ille]
851 545 975 627 sapiens
1002 547 1042 612 ad
1065 548 1192 612 tortoris
1214 547 1361 613 eculeum
1384 567 1403 612 a

323 655 455 732 tyranno
476 649 522 714 ire
544 654 681 730 cogatur,
703 648 832 714 similem
853 649 966 714 habeat
986 649 1104 714 minim
1125 655 1158 714 ct
1179 650 1205 714 si
1226 649 1403 730 ampullam

323 751 523 832 perdidisset,
558 752 613 836 sed
640 757 674 816 ut
706 769 851 832 magnum
878 757 910 816 et
941 749 1064 817 difficile
1096 757 1251 817 certamen
1282 752 1404 832 iniens,

325 871 394 918 cum
415 853 471 918 sibi
493 871 562 918 cum
584 853 707 936 capitali
729 853 924 932 adversario,
946 853 1062 933 dolore,
1084 855 1331 936 depugnandmn
1354 853 1403 918 n·-

286 955 426 1034 5deret,
460 955 607 1020 excitaret
633 973 741 1021 omnes
774 955 910 1022 rationes
936 954 1124 1021 fortitudinis
1152 975 1189 1021 ac
1215 956 1403 1038 patientiae,

326 1076 456 1139 quarum
478 1058 634 1140 pracsidio
655 1058 748 1123 iniret
769 1055 893 1123 difficile
913 1057 1002 1137 illud,
1031 1065 1065 1122 ut
1086 1058 1163 1138 dixi,
1185 1077 1403 1141 magnumque

323 1159 482 1240 proelium.
505 1159 624 1224 Deinde
634 1177 696 1224 non
708 1158 894 1242 quaerimus,
906 1159 980 1242 quid
991 1159 1175 1226 obscuretur
1185 1167 1240 1225 aut
1250 1160 1403 1240 intereat,

396 1369 415 1411 1.
435 1381 463 1414 ne
480 1364 543 1414 riE
612 1363 650 1414 ille
674 1380 721 1414 om.
743 1363 778 1424 Ε,
797 1364 851 1414 sine
869 1365 940 1414 uncis
959 1363 1002 1414 Or.
1073 1369 1094 1414 2,
1114 1363 1200 1414 cabum
1219 1382 1249 1416 ac
1265 1365 1291 1414 ri
1305 1365 1402 1416 Lcor.

326 1436 347 1484 6.
368 1431 427 1482 iilud
442 1431 540 1497 difficile
558 1431 691 1484 LPCROr.
730 1435 751 1482 l.
771 1449 909 1497 quaeremur
927 1431 1060 1484 napcor.

325 1605 387 1664 eius
410 1615 439 1664 et
461 1607 592 1663 membra
613 1616 683 1683 apta
705 1616 734 1664 et
745 1607 860 1682 integra
876 1624 930 1663 nec
941 1607 1095 1664 imminuta
1106 1616 1136 1663 et
1147 1607 1261 1664 detorta
1272 1606 1332 1684 (11,
1348 1609 1401 1669 33.

323 1693 362 1761 V,
379 1693 426 1763 18,
448 1691 585 1768 111,17),
608 1693 650 1749 sic
671 1693 702 1749 in
724 1691 878 1750 contrariis
900 1691 1091 1750 incommodis
1102 1693 1175 1748 baec
1185 1691 1251 1768 ipsa
1261 1694 1402 1768 pravitas

325 1786 354 1834 et
375 1777 510 1834 distortio
532 1787 562 1834 et
584 1777 754 1836 deformitas
775 1777 909 1854 ponitur,
935 1785 969 1834 ut
990 1778 1049 1847 ΠΙ,
1072 1779 1107 1834 17
1132 1787 1162 1834 ct
1172 1779 1211 1849 V,
1224 1779 1274 1835 46.
1319 1779 1399 1846 Nec,

324 1863 403 1937 quod
419 1867 546 1939 protritae
568 1865 653 1932 levari
662 1864 757 1922 minus
775 1863 926 1921 commode
938 1862 1054 1934 dicitur,
1077 1863 1143 1920 ideo
1166 1881 1225 1920 nou
1245 1871 1329 1920 recte
1354 1865 1401 1920 ‹li-

324 1948 497 2006 citurlcoare
513 1951 628 2023 aliquem
640 1953 759 2007 creaiota
781 1951 833 2006 dol.
856 1967 889 2005 ac
906 1952 1044 2024 pram'tate
1066 1949 1248 2006 numeroram.
1272 1947 1399 2026 [itaquo

323 2052 415 2105 nunc,
442 2043 475 2092 nt
496 2035 643 2106 Baiterus,
661 2039 796 2110 prointala
817 2032 927 2111 posui]

408 2121 451 2177 ille
472 2118 592 2198 somene)
613 2121 728 2178 Aberat
749 2139 909 2196 pronomen
932 2137 950 2175 a
974 2120 1088 2190 ,biuis“
1113 2117 1182 2178 Gaii
1194 2115 1257 2200 [B]
1289 2119 1399 2176 Potest

324 2213 421 2262 tamen
444 2204 602 2283 significari
625 2206 789 2263 celebratus
811 2205 861 2262 ille
884 2205 1011 2262 maxime
1038 2205 1067 2262 in
1092 2204 1256 2264 Stoicorum
1284 2205 1400 2263 scholis

322 2289 463 2364 librisque
486 2300 516 2348 et
537 2291 690 2367 magnifice
705 2292 815 2366 pictus;
838 2309 892 2348 nec
913 2291 1009 2362 video,
1033 2291 1079 2348 cui
1101 2291 1208 2348 addere
1231 2309 1398 2366 pronomen

323 2375 353 2431 in
377 2386 502 2432 mentem
514 2377 636 2434 venerit.
670 2375 757 2450 Quod
768 2376 861 2436 Gzins
872 2375 994 2450 Epicuri
1007 2377 1167 2452 sapientem
1180 2376 1228 2434 hio
1239 2385 1268 2433 et
1280 2377 1341 2448 III,
1355 2377 1396 2432 42

324 2459 576 2536 significaripntat
599 2462 642 2539 (et
663 2462 841 2530 transcribit,
864 2471 897 2518 ut
918 2462 1026 2532 omnia,
1050 2459 1145 2539 Otto),
1168 2462 1263 2518 simile
1280 2471 1326 2519 est
1350 2481 1399 2518 re-

323 2545 404 2620 liquo
426 2546 489 2603 cius
511 2548 638 2622 stupori,
672 2548 857 2624 apertissima
883 2565 1031 2622 quaeque,
1065 2547 1134 2603 dum
1161 2547 1273 2620 aliquid
1294 2548 1397 2604 diacre

323 2639 454 2703 conatur,
477 2632 681 2707 pervertentis.
709 2632 787 2706 Quid
809 2633 886 2690 enim
908 2633 945 2690 ad
968 2631 1111 2691 Catonem
1127 2631 1313 2696 refutandum
1326 2653 1398 2709 per-

323 2716 405 2786 tinet,
428 2717 498 2791 quid
521 2717 637 2792 sapiens
659 2717 821 2793 Epicureus
843 2717 974 2776 facturus
986 2715 1043 2776 sit?
1065 2717 1101 2774 Id
1111 2718 1271 2792 quaeritur,
1293 2726 1394 2776 utrum

324 2801 449 2876 sapiens,
483 2802 512 2859 in
536 2803 619 2860 cuius
640 2823 768 2879 persona
789 2813 868 2861 recte
890 2803 996 2880 agendi
1018 2802 1149 2880 regulam
1173 2822 1274 2860 omnes
1295 2803 1395 2879 pbilo-

324 2887 407 2962 sophi
430 2888 652 2958 adumbrabant,
675 2889 718 2946 sic
739 2889 920 2946 iudicaturus
944 2889 991 2960 sit,
1015 2898 1046 2946 ut
1070 2887 1236 2948 Stoicorum
1259 2889 1336 2946 ratio
1350 2890 1394 2946 vi·

323 2972 425 3029 deatur
436 2973 595 3049 postulare,
608 2993 644 3030 an
653 2983 823 3032 utveterum
830 2974 1095 3050 Peripateticorum
1101 2987 1131 3030 et
1137 2974 1395 3031 Academicorum.

322 3059 399 3116 Turn
410 3069 434 3116 et
444 3063 470 3116 oi
474 3059 633 3131 Victorius,
646 3061 795 3131 Davisius,
808 3059 900 3118 Gaius
912 3078 929 3117 e
941 3060 1024 3117 codd.
1036 3059 1270 3136 (Pall.quinque,
1283 3059 1394 3128 Mead,

322 3144 377 3214 El,
395 3143 481 3216 000,
498 3145 553 3220 Ur,
572 3144 640 3204 Gaii
657 3147 800 3216 omuibuS,
820 3141 905 3225 [B]);
924 3145 1015 3202 ceteri
1036 3164 1068 3202 ac
1084 3148 1122 3214 εἰς
1145 3144 1204 3201 vid.
1226 3145 1263 3201 ad
1280 3145 1321 3215 II,
1343 3145 1393 3202 21.

322 3229 455 3288 Duorum
477 3231 627 3289 nominum
650 3250 703 3306 per
714 3241 738 3288 et
749 3230 995 3302 coniunctionem,
1018 3249 1077 3288 nou
1089 3230 1300 3288 sententiarum
1312 3247 1394 3287 com·

243 3337 249 3348 ·
321 3315 513 3390 parationem,
534 3316 624 3373 habet
645 3317 733 3374 otiam
755 3317 780 3374 is
803 3317 894 3388 locus,
917 3316 967 3390 qui
990 3335 1005 3372 e
1028 3317 1116 3373 'Ibrsc
1128 3316 1166 3386 V,
1192 3317 1209 3372 9
1233 3314 1393 3391 profertur.
1491 3385 1492 3400 ἵ

321 3401 522 3458 Memorabilis
544 3411 589 3459 est
609 3411 709 3460 autem
729 3421 850 3477 prorsus
870 3402 901 3458 in
923 3401 979 3458 hoo
1000 3401 1065 3459 loco
1088 3400 1230 3458 orationis
1252 3401 1393 3458 transitus
1427 3413 1432 3424 ·
1491 3471 1492 3474 Ἴ

321 3503 339 3540 a
360 3487 413 3556 rei,
436 3505 512 3560 quoe
533 3505 610 3544 nunc
631 3487 694 3544 fieri
716 3487 852 3564 fingatur.
875 3487 1087 3563 significatione
1110 3495 1139 3543 et
1157 3486 1305 3561 praesenti
1316 3495 1392 3542 tem·
1491 3561 1492 3566 ἵ

320 3589 391 3646 pore
413 3571 451 3627 ad
473 3572 535 3628 eius
558 3572 814 3648 significationem,
849 3573 928 3647 qnod
955 3581 1035 3628 certa
1061 3571 1232 3629 condicione
1259 3569 1391 3628 futurum
1491 3589 1492 3594 ¹

321 3665 407 3728 esset,
430 3657 460 3712 in
483 3657 528 3714 his
550 3658 665 3715 verbis:
687 3679 733 3716 aec
755 3662 781 3715 ei
801 3691 841 3700 -—
864 3668 983 3732 copulor,
1007 3691 1047 3699 —
1071 3658 1175 3730 babeat,
1198 3659 1254 3718 scd,
1276 3677 1391 3714 crtm—
1491 3691 1492 3694 =

321 3743 429 3813 oidmet,
452 3746 579 3800 accitaret
601 3752 665 3812 cet,
688 3764 704 3800 e
727 3763 785 3819 qua
807 3743 1000 3820 neglegentia,
1024 3761 1111 3818 quam
1128 3742 1390 3810 vicinahaecsint,

321 3827 432 3885 discere
455 3836 592 3903 poterunt
614 3829 798 3906 grammatici
821 3829 947 3905 quidam.
981 3827 1064 3906 [Non
1081 3835 1391 3903 tamaperteutraque
1491 3863 1492 3874 κ

320 3911 416 3970 forma
438 3913 576 3972 miscetur
592 3915 647 3986 IV,
662 3915 717 3972 61:
744 3913 818 3984 Quid
829 3917 854 3972 si
863 3917 1021 3972 reviviscant
1037 3947 1077 3955 -
1089 3917 1242 3988 loquantur,
1265 3922 1294 3969 et
1317 3909 1390 3981 tum,

321 3998 420 4056 multis
447 3999 621 4058 interiectis:
644 4021 675 4057 ea
702 4020 761 4058 cum
783 4003 927 4070 dicarent,
951 4002 1018 4074 quid
1042 4031 1076 4040 -
1103 4000 1293 4074 respmtderesl
1329 3997 1390 4056 cb.
1491 3995 1492 4002 '

320 4085 335 4140 1
348 4084 383 4141 de
396 4083 478 4143 Orat.
492 4085 685 4164 tto-212]
711 4086 807 4144 Paulo
818 4095 886 4161 post
907 4087 1016 4160 difficile
1037 4087 1105 4142 illud
1126 4084 1213 4142 etiam
1228 4083 1304 4160 Spir-
1319 4081 1390 4161 [B];

321 4170 385 4226 edd.
406 4170 531 4228 inverse.

406 4256 512 4314 Deinde
533 4276 583 4313 noa
606 4257 773 4332 qoaem'ozas)
808 4255 932 4317 Secutus
960 4275 1024 4314 sum
1045 4254 1171 4313 Manutii
1200 4263 1230 4311 et
1251 4253 1389 4312 Lambini

321 4342 540 4414 correctionem,
552 4343 582 4400 in
595 4343 640 4399 ed.
651 4343 735 4400 Ronr.
747 4354 932 4418 praeceptam
943 4362 950 4412 ;
962 4342 1051 4399 ceteri
1064 4337 1118 4421 [B]
1130 4359 1295 4416 quaeremus.
1318 4339 1388 4397 Nun
