3034 5030
332 376 396 440 320
726 393 770 438 nu
791 390 922 439 mnmus
945 391 1017 438 seu.

332 581 393 644 quo
426 562 477 626 ille
503 579 559 625 ren
586 561 695 642 Syriae
722 560 886 642 glorietur,
920 578 954 624 se
982 577 1090 624 omnes
1117 577 1222 624 seusun
1244 559 1414 624 abstulisse

331 664 493 729 libidinum
515 662 700 744 voluptates.
746 663 837 740 Quod
858 662 937 728 enirn
960 681 999 726 ne
1020 661 1110 727 vivus
1132 661 1271 742 quidem,
1301 661 1415 742 inquit,

333 765 449 830 diutius
477 765 591 830 sentire
618 771 752 846 poterat,
780 766 970 846 quemdum
992 763 1167 842 urebatur,
1200 765 1358 844 quomedo
1380 765 1414 829 id

333 873 455 932 mortuo
483 866 584 948 putuit
615 868 822 947 permanere?
862 866 945 931 Fluit
973 865 1068 947 igitur
1095 865 1241 947 voluptas
1268 865 1414 948 eorporis

294 972 366 1034 bet
388 969 490 1049 prima
512 986 654 1049 quaeque
675 969 788 1048 avolat,
812 969 1001 1049 saepiusque
1022 966 1171 1048 relinquit
1191 985 1318 1032 eausam
1335 985 1414 1048 pae-

333 1071 452 1135 nitendi
485 1089 578 1150 quam
608 1072 802 1135 reeordandi.
859 1071 969 1152 Itaque
1001 1069 1121 1135 beatior
1148 1067 1314 1134 Africanus
1343 1087 1415 1134 euni

333 1173 437 1254 patria
458 1172 509 1237 illo
532 1173 623 1236 n10d0
644 1171 788 1253 loquens:

376 1274 533 1353 Desine,
557 1275 686 1352 Roma,
708 1281 795 1338 tues
823 1274 954 1338 hostes
979 1309 1015 1320 -

406 1500 425 1543 l.
446 1494 602 1560 Assyriaec
653 1513 680 1544 ee
702 1511 750 1545 om.
780 1492 850 1562 [Alb
921 1493 1049 1544 abstulisse
1072 1506 1168 1560 urunep.
1196 1504 1254 1560 post
1277 1493 1417 1559 uoluptates

335 1561 548 1630 [buencum.
602 1568 625 1612 2.
646 1563 758 1628 [„Verba
776 1563 851 1627 eliquit
870 1561 957 1612 dinetus
974 1571 1033 1612 sent.
1053 1571 1101 1626 pot.
1123 1563 1149 1612 in
1173 1567 1191 1611 A
1213 1563 1258 1612 vix
1282 1562 1333 1625 legi
1352 1578 1415 1626 pos-

333 1631 427 1698 sunl.“]
498 1637 521 1680 ³.
538 1631 650 1696 putuilE
717 1639 812 1697 poterat
829 1631 884 1681 dum
901 1635 952 1680 uita
965 1631 1097 1698 furebatur
1114 1629 1234 1681 LPMCR
1294 1637 1318 1682 4.
1335 1632 1416 1695 poturi

332 1709 423 1750 morteto
448 1699 665 1767 [A]LPMCROr.
722 1699 793 1768 [fluit
819 1715 867 1750 om.
891 1698 940 1767 Eh]
1014 1704 1036 1751 5.
1060 1717 1141 1764 mona
1158 1715 1265 1764 quaeque
1283 1699 1311 1748 M
1330 1699 1418 1748 auolat

334 1769 419 1830 (LMC
437 1768 544 1827 aduolat)
566 1777 590 1818 ul
613 1768 692 1819 aiebat
715 1769 813 1820 LMCR
837 1777 863 1818 ut
880 1767 971 1829 aiebat,
995 1783 1045 1821 om.
1069 1767 1163 1828 avulsi,
1187 1767 1259 1830 Pu)
1321 1785 1416 1818 causae

333 1837 402 1888 PCR
456 1837 587 1905 [penuendu'
602 1835 637 1904 A]

334 2034 387 2099 suu
409 2035 496 2120 ἔρωτι
519 2053 549 2100 et
560 2036 723 2124 λέλυνται),
746 2061 820 2118 quos
843 2042 947 2102 Cicero
964 2044 996 2101 in
1007 2041 1185 2100 Tusculanis
1196 2043 1319 2101 Latinos
1331 2042 1414 2101 fecit.

334 2128 506 2186 Aristotelis
528 2128 669 2186 iudicium
693 2129 723 2184 in
746 2147 804 2202 quo
826 2128 903 2185 libro
926 2128 1094 2204 expositum
1116 2126 1215 2198 fuerit,
1237 2128 1403 2204 ignoratur.

421 2233 469 2270 reu
492 2211 603 2292 Syriae)
627 2215 758 2288 Assyriae
780 2232 817 2270 ex
842 2212 867 2272 0
888 2221 1011 2272 venerat
1031 2213 1279 2271 inManutiunam
1302 2223 1333 2270 et
1344 2233 1414 2290 pro-

336 2309 474 2375 psgatum
499 2308 559 2368 est,
588 2299 681 2356 donec
704 2299 846 2356 Davisius
869 2317 907 2355 ex
930 2299 1024 2356 tribus
1046 2298 1129 2355 codd.
1153 2299 1250 2374 Syriae
1271 2299 1413 2361 restituit.

334 2385 413 2457 quod
436 2383 515 2442 Oxx.
544 2404 580 2440 ex
609 2384 680 2460 Εχψ
708 2393 866 2454 annotant,
902 2383 1010 2442 Gziuni
1037 2402 1138 2441 omnes
1165 2383 1323 2441 habebant
1373 2385 1415 2442 Et

335 2469 468 2528 Graecos
491 2479 520 2525 et
541 2469 664 2526 Latinos
687 2469 857 2545 saepissime
871 2469 974 2545 Syriae
996 2469 1114 2526 nomine
1137 2468 1173 2525 de
1194 2469 1322 2546 Assyria
1344 2488 1417 2528 usos

335 2573 408 2626 esse,
432 2555 623 2612 ostenderunt
644 2555 786 2612 Davisius
809 2563 839 2610 et
849 2554 995 2612 Buberius
1017 2555 1055 2610 ad
1067 2555 1156 2612 Tuse.
1166 2554 1187 2611 1.
1205 2572 1240 2626 e,
1263 2553 1416 2614 Graevius

335 2649 365 2696 et
387 2639 614 2714 Oudendorpius
636 2639 674 2695 ad
697 2639 777 2698 Svet.
801 2640 857 2697 Iul.
882 2640 931 2696 22.

420 2745 502 2799 qucum
524 2726 588 2781 derue
604 2723 764 2803 fruebatur)
798 2725 848 2784 sic
869 2725 1022 2782 Manutius
1044 2733 1074 2781 et
1095 2723 1257 2781 Lambinus
1280 2734 1310 2781 et
1332 2724 1417 2782 dein·

335 2828 404 2884 ceps
427 2828 528 2866 omnes
550 2810 648 2879 tacite,
672 2811 728 2866 nisi
752 2811 831 2884 quod
853 2809 933 2868 Oxx.
955 2823 999 2886 χψ
1022 2828 1183 2884 omquum,
1206 2803 1280 2878 EU}
1301 2809 1418 2867 addunt

336 2899 398 2951 vitu.
434 2896 545 2952 Verum
563 2913 629 2951 eum
641 2893 728 2972 [AB]
747 2894 808 2951 Erl.
832 2895 985 2951 confirmat
1007 2895 1070 2952 cod.
1093 2895 1170 2952 Mor.
1214 2895 1249 2951 ln
1271 2896 1418 2953 abstulisse

336 2989 366 3037 et-
387 2989 489 3036 mortuo
507 2983 596 3054 potetis
617 2999 718 3037 omnes
741 2981 829 3037 tacite
852 2988 885 3036 ut
908 2980 964 3036 mei
987 2981 1156 3037 deteriores.
1179 2977 1220 3057 [ss
1243 2987 1275 3036 ut
1297 2978 1377 3058 Ere]

417 3068 510 3140 prima
532 3085 653 3139 qutueque
674 3063 777 3143 auolat)
801 3065 879 3138 Quid
901 3065 958 3122 hoe
980 3065 1028 3136 sit,
1052 3065 1232 3141 explicatum
1254 3073 1308 3122 est.
1353 3064 1418 3124 Ge·

336 3150 430 3207 nerali
452 3150 658 3226 significationi
671 3149 832 3226 voluptatis
843 3151 961 3208 fluentis
978 3159 1008 3207 et
1023 3150 1170 3207 instabilis
1184 3150 1298 3207 addidit
1308 3149 1418 3210 Cicero

336 3235 494 3312 imaginem
517 3236 730 3310 specialiorem.
758 3237 853 3292 Prona
875 3255 929 3310 pro
946 3235 1139 3310 primatiam
1156 3235 1202 3292 El.
1226 3243 1351 3310 uterque
1363 3233 1418 3314 (Ρ),

336 3322 405 3379 Par.
419 3321 447 3392 2,
461 3319 536 3379 000
550 3315 602 3396 (ξ),
625 3317 898 3399 ntead.,13a11.(u),
916 3320 974 3379 Ox.
985 3339 1011 3396 χ,
1024 3319 1167 3380 trestii
1179 3320 1365 3397 (deteriores,
1384 3333 1420 3380 ut

337 3405 484 3482 apparet),
508 3406 698 3480 edideratque
722 3406 791 3463 olim
803 3405 966 3476 Victorius,
988 3425 1083 3482 nuper
1094 3405 1188 3465 Gzius
1210 3403 1275 3485 (qui
1300 3406 1419 3476 „editos

337 3501 452 3548 veteres
484 3491 641 3566 plerosque
671 3497 791 3548 omnes“
821 3491 863 3548 sie
896 3491 1006 3548 bebere
1038 3500 1140 3548 narrat
1166 3509 1220 3548 sus
1248 3491 1302 3548 illa
1331 3491 1419 3567 fide);

337 3595 472 3651 quumque
494 3576 610 3633 videtur
633 3583 736 3651 putare
759 3595 824 3634 esse
846 3595 960 3646 omnum
994 3577 1065 3651 quid
1093 3585 1178 3652 putet
1210 3595 1273 3634 essa
1297 3596 1419 3653 pronum

337 3664 453 3731 evolare,
477 3661 585 3718 neseio.
620 3661 719 3718 Aliter
741 3662 890 3719 aberravit
910 3661 1062 3719 Davisius.
1095 3662 1211 3720 Deinde
1232 3661 1419 3721 additamen-

337 3756 399 3804 tum
422 3746 495 3802 illud
518 3756 546 3802 ut
568 3747 655 3802 aiebat
678 3741 805 3826 (ortum,
830 3755 862 3804 ut
884 3747 1013 3818 videtur,
1038 3766 1075 3804 ax
1092 3747 1158 3823 ipso
1179 3743 1283 3827 ueulut)
1305 3747 1420 3806 habent

338 3832 402 3888 edd.
431 3839 498 3888 ante
522 3831 708 3902 Lambinurn,
737 3831 820 3888 codd.
843 3832 919 3888 Pell.
942 3836 1089 3908 praeteri
1104 3833 1174 3902 et3,
1197 3833 1305 3905 Meam,
1335 3832 1418 3892 Oxx.

338 3935 449 3988 omnes,
468 3916 526 3973 duo
543 3915 660 3974 Gziani.
694 3915 813 3975 Omittit
836 3935 901 3974 eum
919 3918 1025 3982 ceteris
1047 3917 1133 3976 bouis
1150 3917 1333 3976 Morelisnns
1351 3917 1419 3997 [B].

339 4001 471 4080 (Aduolat
494 4001 573 4060 Oxx.
596 3999 722 4080 omnes.)
1490 3993 1491 4008 ¹

423 4107 534 4143 eausam
543 4085 711 4164 paenitendi)
735 4087 784 4146 Sic
804 4087 892 4144 etism
904 4087 968 4144 Pal.
985 4092 997 4143 l
1013 4097 1042 4144 et
1055 4087 1091 4163 [B
1104 4087 1143 4164 et]
1156 4087 1219 4145 eod·
1231 4087 1318 4158 Mor„
1348 4087 1419 4148 Gaii

339 4189 454 4242 omnes,
488 4171 545 4229 nisi
567 4173 646 4246 quod
669 4171 748 4231 Gud.
773 4173 790 4228 2
814 4182 869 4229 tam
890 4170 921 4250 (e
943 4173 1118 4248 compendio
1140 4169 1225 4250 cum).
1258 4171 1360 4230 Ceteri
1390 4183 1421 4230 et

339 4257 404 4312 edd.
426 4265 494 4313 anta
517 4257 672 4314 Davisium
695 4277 802 4315 euersas.

426 4343 534 4413 Desine,
559 4343 656 4414 Runa,
680 4352 738 4399 tuos
761 4340 863 4419 hostes)
885 4342 969 4400 Haeo
991 4361 1094 4402 versus
1116 4361 1185 4419 pars
1207 4342 1418 4400 citaturetiam
