2956 5028
403 390 446 435 nr
470 389 550 436 nnn.
568 391 631 436 nra.
647 389 672 436 11
694 389 767 436 cnr.
780 394 822 437 ao.
1083 369 1144 436 δίη

83 575 161 638 erge
181 576 235 622 me
258 565 295 622 et
315 555 601 639 philosophiam
623 558 827 622 voluntate
849 558 894 621 ab
922 558 1147 624 adulescen-

82 659 152 723 tulo
178 667 376 739 suscepta,
409 658 482 738 iac,
516 668 556 724 ut
582 660 795 725 Metrodori
824 665 963 724 tueare
989 659 1147 724 liberos.

83 762 124 824 97.
144 761 212 832 Non
234 781 292 842 ego
313 762 376 825 iarn
387 762 630 841 Epaminondae,
653 761 886 827 nonLeonidae
908 768 1040 826 mortem
1056 761 1148 826 buius

84 863 163 926 morti
184 871 357 944 antep0n03
391 882 524 944 quorum
546 864 625 928 alter
646 883 716 929 curn
738 865 864 928 vicisset
884 863 1148 928 Lacedaemonios

83 965 157 1044 apud
177 964 367 1030 Mantineam
389 972 484 1046 atque
504 966 573 1046 ipse
595 966 683 1048 gravi
705 966 832 1030 vulnere
854 965 1023 1030 exanimari
1045 984 1079 1030 se
1101 965 1148 1029 vi-
1166 967 1187 1032 5

83 1067 167 1146 deret
188 1074 223 1132 ut
244 1067 381 1148 primum
402 1067 545 1148 dispexit,
568 1068 730 1150 quaesivit,
753 1068 899 1132 salvusne
921 1068 1005 1132 esaet
1021 1067 1147 1148 clipeus.

84 1167 150 1233 Cum
171 1171 291 1234 salvum
313 1187 382 1234 esse
398 1168 507 1234 flentes
524 1169 572 1234 sui
584 1171 827 1250 respondissent,
850 1169 981 1250 rogavit,
1004 1174 1148 1235 essentne

84 1270 134 1335 iusi
155 1271 269 1336 hostes.
315 1271 390 1340 Cum
414 1272 446 1335 id
468 1290 600 1354 quoque,
624 1278 660 1336 ut
681 1271 834 1353 cupiebat,
856 1271 1036 1348 audivisset,
1059 1269 1149 1334 evelli
1231 1348 1234 1354 ,

84 1373 163 1437 iussit
182 1365 259 1452 eam,
281 1391 345 1454 qua
367 1379 436 1438 erat
453 1372 632 1449 transfixus,
655 1374 785 1437 hastam
818 1375 868 1438 Ita
884 1372 981 1437 multo
998 1373 1148 1453 sangvine

85 1473 209 1554 prouisa,
231 1475 263 1538 in
285 1474 403 1538 laetitia
426 1482 457 1540 et
473 1475 602 1539 motoria
619 1481 829 1540 estmortuus.
863 1475 1018 1539 Leonidas
1035 1479 1148 1552 eutem,
1168 1478 1210 1542 10

85 1593 130 1638 rer
149 1577 473 1654 Lacedaemoniorum,
496 1596 530 1642 se
551 1577 584 1641 in
607 1575 823 1658 Thermopylis
845 1583 1064 1657 trecentosque
1086 1595 1149 1654 eos,

85 1695 153 1756 quos
174 1679 325 1742 eduxerat
346 1679 468 1760 Sparta,
491 1698 561 1743 oum
584 1685 669 1744 esset
689 1679 854 1760 proposita
875 1686 931 1742 aut
951 1678 1025 1759 suga
1046 1677 1150 1758 turpis

85 1785 132 1842 aut
150 1779 285 1860 gloriosa
312 1799 412 1858 mors,
446 1781 593 1862 opposuit
619 1779 770 1844 hostibus.
819 1779 1005 1844 Praeclarae
1031 1785 1149 1842 mortes

87 1887 150 1944 sunt
159 1881 387 1960 imperatoriae,
410 1880 586 1962 philosophi
598 1893 702 1946 eutem
713 1882 745 1946 in
757 1882 823 1945 suis
834 1881 955 1946 lectulis
967 1880 1151 1961 plerumque

86 1981 254 2046 moriuntur.
299 1981 406 2047 Refert
434 1991 552 2062 tannen,
586 1982 749 2066 quomodo.
794 1981 914 2046 Beatus
941 1981 999 2046 sibi
1027 1981 1151 2045 videtur
1170 1989 1211 2051 15

148 2191 166 2236 1.
184 2203 220 2235 me
235 2185 319 2250 plurios.
341 2187 416 2236 Eure
433 2195 455 2236 et
473 2203 530 2254 erpa
546 2186 605 2252 phot
630 2187 794 2238 LPMCROr.
853 2185 1001 2236 adolescente
1025 2185 1044 2236 C
1067 2185 1151 2236 adole·

86 2254 207 2303 scarae
259 2259 282 2302 2.
302 2263 326 2302 at
344 2271 391 2305 om.
413 2255 433 2302 L
483 2261 508 2309 8.
526 2273 572 2305 noa
590 2255 712 2306 Leonidae
732 2285 760 2292 -
780 2254 960 2322 apudtrensp.
979 2254 1153 2304 intercideret

87 2331 107 2368 et
121 2331 144 2370 nt
158 2322 258 2387 prbrum
277 2324 409 2388 (scriptum
428 2341 453 2372 ec
471 2333 496 2373 at
510 2324 623 2388 primum)
643 2325 717 2373 PMR
770 2329 794 2377 5,
819 2323 889 2373 simul
905 2333 977 2387 atque
995 2327 1051 2388 (pro
1070 2325 1152 2388 atque)

87 2389 152 2440 MCR
167 2390 282 2454 simulque
305 2389 347 2454 (Pr
379 2390 522 2458 [adamati
541 2391 589 2460 uh]
626 2391 766 2444 viderieec
803 2397 825 2442 6.
849 2392 956 2457 duperia
969 2407 1056 2440 omne
1069 2390 1152 2458 [prae-

86 2466 118 2504 ter
137 2457 169 2526 Α]
207 2464 229 2508 8.
248 2475 346 2522 caraque
365 2459 392 2508 id
409 2461 504 2510 Putea
535 2467 570 2510 10.
589 2462 717 2526 pedanei:
754 2461 935 2510 εἱίηυίοτονία
952 2459 1072 2510 Porsen.
1112 2465 1151 2508 lb.

86 2525 142 2586 prod
157 2543 213 2592 ipro
231 2527 354 2591 memorio)
374 2528 538 2583 LPMCROr.
591 2530 687 2580 Beatus
706 2546 755 2578 om.
775 2545 869 2588 omncs,
889 2529 933 2582 Or.
969 2527 1134 2579 uidebaturE

155 2720 220 2791 sar,
248 2729 278 2775 ut
300 2719 452 2776 Metrodori
477 2729 567 2776 tueare
589 2720 698 2797 liberos)
730 2719 858 2777 Eosdem
881 2719 1028 2795 Epicurus
1050 2719 1153 2777 amicis

85 2803 292 2860 oommendavit
314 2810 491 2863 testamento
514 2802 617 2883 (Diog.
639 2806 738 2862 Laert.
755 2806 796 2874 X,
813 2805 860 2876 19,
875 2802 939 2879 21).
962 2803 1152 2882 [Pauloante

84 2906 120 2940 are
139 2899 161 2944 et
177 2889 246 2964 pbri.
269 2905 335 2944 enm
359 2888 479 2947 Baitero
502 2909 540 2946 ex
562 2891 591 2946 A
614 2890 744 2961 restitui,
778 2890 855 2946 idem
885 2890 1068 2966 significante
1090 2890 1153 2947 Erl.

84 2971 107 3027 B
121 2983 151 3029 ut
161 2971 275 3051 ceteri]
302 2974 346 3029 Ab
364 2977 545 3032 edulcecentia
556 2974 614 3032 fuit
624 2974 686 3032 fere
698 2975 727 3031 in
740 2976 805 3032 edd.
817 2985 888 3032 vett.
900 2985 968 3032 ante
981 2975 1153 3046 Gruterum,

83 3067 198 3133 excepto
220 3059 365 3116 Victorio.
410 3059 572 3135 Mg.Cret.,
597 3060 660 3117 cod.
683 3061 770 3130 Mor,
793 3061 869 3118 Pell.
893 3079 994 3118 omues
1016 3071 1104 3118 recte.

164 3143 212 3200 97.
244 3153 326 3218 atque
348 3141 418 3222 ipse)
449 3144 499 3204 Sic
521 3145 551 3201 in
574 3154 715 3219 quattuor
742 3145 803 3202 suis
826 3145 920 3204 Gzius
948 3164 1012 3204 esse
1040 3145 1152 3216 scribit,

83 3227 174 3285 nescio
196 3229 306 3286 satisne
329 3229 469 3286 fideliter:
493 3230 529 3287 de
554 3229 654 3300 „Cret
677 3239 708 3287 et
723 3231 858 3306 pluribus
869 3231 1019 3288 veteribus
1031 3232 1154 3306 impres-

83 3311 137 3368 εἰν*
160 3323 251 3384 errat;
275 3313 327 3371 sed
349 3313 459 3371 suffieit
480 3315 542 3372 Erl.
566 3314 647 3393 [cnm
670 3319 698 3372 A
712 3325 741 3372 et
752 3313 803 3393 B].
825 3317 886 3373 Pro
903 3318 984 3372 amul
1005 3317 1154 3394 atque(sic

83 3397 163 3454 etiam
186 3397 297 3472 On),
327 3400 405 3473 quod
434 3409 463 3457 et
491 3401 653 3458 sententiae
676 3409 706 3457 et
727 3401 936 3476 grammaticae
959 3399 1086 3480 (vr'deret)
1108 3420 1154 3459 re-

83 3484 234 3558 pugnabat,
257 3485 409 3542 Manutius
432 3486 521 3542 tacite
543 3486 626 3542 dedit
636 3488 776 3560 minuique,
799 3487 1032 3560 quodusquead
1045 3486 1153 3545 Gzium

81 3581 268 3645 propagatum
292 3579 346 3626 est.
390 3571 597 3646 Transpositio
619 3571 737 3641 eadem,
767 3589 842 3646 quae
865 3573 894 3628 in
918 3572 1013 3630 tribua
1035 3573 1152 3644 nostris,

81 3655 189 3710 eratin
212 3653 271 3712 Ox.
282 3672 309 3729 χ.
344 3655 472 3730 Disperii
495 3654 568 3734 (non
590 3655 725 3734 desperit)
750 3669 808 3714 tres
832 3656 900 3715 Gzii
920 3651 978 3738 (?);
1007 3677 1077 3715 mox
1093 3677 1154 3714 cum

82 3739 109 3794 id
128 3759 231 3814 piraque
253 3739 347 3798 Gzius
370 3759 408 3796 ex
430 3742 491 3798 suis
523 3741 659 3800 omnibus
686 3752 805 3817 praeter
827 3740 906 3800 Gud.
932 3744 959 3798 2.
1003 3742 1155 3799 Edebatur

81 3825 177 3881 tacite:
205 3844 319 3899 cumque
341 3827 371 3882 id
391 3845 505 3901 qaoque.
557 3827 674 3884 Deinde
701 3837 726 3884 ct
752 3830 863 3884 victorio
896 3824 967 3906 (om.
995 3826 1036 3905 in)
1064 3828 1153 3884 etiarn

80 3907 152 3982 Spir.
175 3907 240 3987 [B].

159 3995 255 4068 Refert
278 4005 374 4066 tamen,
397 3997 537 4069 quomodo.
583 3997 687 4053 Beatus
710 4030 751 4037 —
774 3999 880 4070 Mapna
908 3993 997 4074 leue.)
1032 3997 1153 4054 Editum

79 4087 121 4135 est
140 4081 178 4136 ab
200 4079 347 4150 omnibus,
371 4080 515 4138 Lambino
538 4091 677 4157 excepto:
701 4083 796 4156 Refert
824 4092 920 4153 mazer,
948 4085 1023 4156 qaod
1043 4083 1095 4139 eibi
1115 4086 1153 4138 oi-

79 4165 153 4221 detur
174 4185 231 4222 esse
252 4168 374 4222 mamerti
393 4186 494 4240 meque
515 4169 584 4224 ioue.
631 4165 714 4240 Quae
737 4167 829 4223 verbe
856 4167 982 4243 primum
1006 4168 1153 4241 quomodo

79 4267 140 4308 cum
162 4250 366 4327 superioribus
388 4251 590 4322 cohaererent,
614 4267 700 4309 nemo
724 4252 861 4322 ostendit,
886 4271 980 4326 neque
1004 4253 1075 4326 quid
1098 4252 1154 4310 sibi

77 4335 164 4393 vellet
185 4335 238 4393 illa
260 4335 442 4412 comparatio
464 4335 720 4413 imperatoriarum
744 4337 881 4395 mortium
911 4347 941 4393 et
962 4337 1154 4413 pbilosopho-

894 4453 944 4507 20*
