2920 5012
328 383 371 448 30
719 401 763 446 nn
786 401 916 448 rnrmns
937 401 1009 448 non.

328 570 404 652 quid
425 569 457 634 in
481 570 563 634 omni
585 587 714 636 munere
735 570 818 636 vitae
840 571 989 652 optimum
1012 577 1044 636 et
1064 569 1259 634 verissimum
1274 569 1326 648 sit,
1348 587 1400 634 en·

327 671 471 754 quirerel
517 673 564 736 lt.
588 675 650 750 An,
671 679 782 753 partus
814 673 943 738 ancillae
975 671 1055 738 sitne
1086 672 1117 736 in
1150 669 1251 738 finem
1282 671 1400 736 baben-

328 775 402 854 dus,
440 773 610 840 disseretur
648 775 730 840 inter
767 774 924 857 principes
962 773 1109 854 civitatis,
1153 773 1187 838 P.
1221 773 1401 839 Scaevolam

327 876 431 958 M'qne
453 875 626 954 Manilium,
659 875 699 940 ob
731 877 831 958 deque
859 877 900 942 M.
922 876 1040 942 Brutus
1061 875 1223 941 dissentiet
1249 877 1349 958 (quod
1371 883 1399 940 et

289 982 450 1046 bacutnm
482 997 580 1060 genus
613 985 663 1042 est
689 985 721 1044 et
747 980 788 1044 ad
811 998 886 1045 usus
908 979 1019 1044 civium
1041 997 1103 1044 non
1124 977 1246 1058 inutile,
1280 996 1401 1060 noeque

227 1097 231 1134 :
326 1097 364 1144 ea
397 1079 514 1162 scripta
545 1079 726 1162 reliquaque
753 1080 891 1148 eiusdem
919 1079 1042 1164 generis
1064 1087 1096 1146 et
1116 1079 1246 1161 legimus
1267 1079 1400 1144 libenter

326 1189 358 1248 et
378 1181 543 1264 legemus),
565 1181 650 1260 baec,
672 1201 753 1264 quae
774 1182 868 1248 vitam
890 1201 1010 1248 omnem
1032 1182 1205 1260 continent,
1233 1181 1398 1264 neglegen-

325 1284 397 1348 tur?
439 1284 534 1363 Nam,
562 1293 597 1348 ut
618 1283 680 1350 sint
706 1283 759 1350 illa
781 1285 996 1364 vendibilium,
1029 1285 1106 1350 haec
1138 1283 1282 1349 uberiora
1316 1291 1401 1350 certe
1458 1289 1459 1292 ’

325 1392 407 1452 sunt
451 1386 645 1468 Quamquam
666 1387 699 1451 id
721 1386 846 1470 quidem
867 1387 970 1452 licebit
985 1387 1023 1452 iis
1035 1386 1219 1466 existimare,
1241 1386 1293 1468 qui
1315 1386 1399 1468 lege·

269 1497 310 1564 10
326 1488 397 1553 rint.
441 1487 507 1553 Nos
534 1496 638 1554 autem
664 1488 745 1554 banc
771 1507 893 1554 omnem
914 1489 1127 1570 quaestionem
1148 1489 1188 1553 de
1208 1485 1323 1554 limbus
1345 1488 1400 1552 bo·

328 1709 362 1760 ar.
384 1647 422 1760 „¹51
435 1641 655 1760 immiserat.
676 1641 971 1760 {cimitini
983 1637 1399 1778 niinuliuqieiripnnligirgis

327 1781 347 1828 t.
368 1777 484 1828 continent
510 1795 597 1828 omnem
625 1778 809 1831 armenor-
832 1778 981 1844 neplepontur
1007 1777 1051 1846 [A]
1081 1778 1199 1842 tumes
1225 1780 1311 1842 (etiem
1341 1778 1400 1840 Eb.)

326 1852 340 1896 8
371 1846 434 1915 [sard
452 1845 486 1915 A]
525 1852 548 1896 9,
584 1847 648 1912 qaod
664 1847 787 1898 lt'cebatE
821 1847 858 1898 lte
876 1847 921 1898 CR
959 1851 996 1899 to.
1019 1846 1071 1915 [doe
1089 1845 1134 1914 Al]
1456 1879 1459 1886 ·

325 2023 377 2080 quc
399 2005 489 2060 tettmt
511 2003 620 2062 dictum
643 2023 697 2080 pro
719 2023 769 2076 eo,
803 2003 881 2079 quod
903 2014 1057 2061 esternaco
1079 2005 1209 2071 mouent,
1236 2013 1270 2060 ut
1292 2003 1398 2064 Cicero

326 2099 434 2147 certem
457 2090 603 2163 quandam
626 2090 798 2166 dignitatem
821 2089 878 2147 sibi
900 2091 937 2146 ab
960 2089 1095 2147 omnibus
1113 2089 1202 2147 tribui
1214 2089 1302 2161 dieat,
1327 2089 1399 2146 setis

325 2184 504 2251 arroganter.
549 2175 608 2236 Sed
629 2194 787 2250 numquam
810 2175 852 2234 sic
874 2174 946 2232 illud
967 2193 1128 2251 pronomen
1151 2175 1284 2251 ponitur,
1319 2173 1397 2248 quod
1456 2193 1459 2218 1

325 2279 440 2336 semper
462 2279 526 2320 cunr
549 2260 649 2335 aliqua
671 2261 876 2319 distributione
904 2260 1035 2337 singulos
1062 2260 1219 2334 separatim
1243 2259 1398 2335 significat.
1451 2313 1454 2316 .

324 2345 455 2422 Vulgata
476 2355 578 2404 contra
599 2357 678 2404 reete
701 2347 756 2404 boc
778 2346 937 2423 significat:
959 2346 1022 2403 eius
1041 2345 1202 2422 dignitatis,
1225 2365 1313 2420 quarn
1326 2345 1397 2402 mibi
1451 2353 1455 2358 “

325 2450 379 2507 pro
402 2450 433 2488 ee
455 2432 578 2507 quisque
601 2432 663 2490 sive
686 2450 820 2508 magnam
838 2432 900 2488 sive
917 2449 1037 2508 parvam
1051 2431 1161 2488 tribuit.
1195 2429 1286 2509 [Turn
1299 2441 1397 2488 entem

326 2517 471 2574 sententia
491 2518 616 2574 relativa
638 2537 697 2575 non
718 2535 772 2592 per
783 2535 814 2574 se
825 2516 941 2587 dicitur,
965 2517 1015 2574 sed
1028 2517 1071 2574 sio
1087 2535 1152 2575 cum
1172 2516 1312 2592 primaria
1329 2535 1397 2574 cen·
1450 2543 1459 2590 .‡

325 2601 466 2671 nectitur,
488 2613 522 2660 nt
542 2621 635 2678 paene
652 2603 833 2660 necessarius
850 2602 889 2659 sit
910 2603 1113 2660 coniunctivae
1126 2602 1237 2669 modus,
1260 2621 1349 2676 quem
1361 2621 1396 2658 ex

324 2691 368 2745 A*
387 2689 519 2758 restitui;
536 2687 588 2746 cfr.
600 2687 658 2748 Off.
669 2689 695 2758 1,
708 2687 772 2765 ta]
795 2689 822 2746 N
826 2707 863 2746 on
875 2707 943 2745 raro
954 2689 984 2745 in
1001 2687 1057 2746 boc
1068 2687 1212 2745 vocabulo
1228 2689 1397 2752 aberratum
1458 2717 1459 2722 ι

325 2771 377 2830 cfr.
389 2773 444 2844 IV,
469 2775 518 2832 76.
561 2775 664 2848 Itaque
682 2774 717 2830 de
734 2774 835 2831 Divin.
858 2775 904 2844 11,
931 2775 988 2830 124
1017 2773 1152 2850 imperite
1174 2773 1224 2830 alii
1247 2773 1396 2830 coniciunt
1458 2805 1459 2812 .

325 2858 524 2929 scribendum,
548 2859 599 2918 alii
621 2860 760 2934 probant:
795 2861 845 2916 aed
872 2861 936 2916 laec
963 2863 1057 2934 cuique
1079 2863 1105 2914 in
1124 2869 1265 2934 promptu,
1293 2867 1328 2916 ut
1350 2857 1396 2916 sit.

324 2945 456 3008 comibus,
479 2947 570 3002 cuium.
615 2945 679 3002 Nec
701 2944 779 3020 apud
801 2945 970 3002 Lucretium
993 2945 1024 3016 Ι,
1060 2945 1121 3000 243
1143 2947 1183 3002 ms
1206 2963 1330 3018 quaeque
1353 2953 1394 3000 ast

324 3033 416 3098 monio,
438 3030 487 3086 vel
509 3030 638 3099 minima,
662 3031 722 3098 sed,
745 3039 778 3086 ut
799 3029 941 3089 Germani
964 3030 1132 3104 loquuntur,
1156 3032 1199 3088 die
1211 3031 1395 3102 jedeomub'pe.

415 3117 462 3173 12.
484 3117 539 3186 Aa,
559 3119 782 3192 portuoanodlae
796 3111 866 3198 etc.)
888 3115 1190 3184 Notacontroversia,
1213 3125 1311 3173 utrum
1324 3115 1395 3176 eius.
1457 3141 1458 3148 ι

324 3201 375 3275 qui
397 3200 610 3259 usumfructum
634 3219 736 3258 servae
759 3201 895 3270 baberet,
928 3209 1030 3276 partus
1052 3201 1150 3272 fieret,
1173 3219 1211 3257 an
1233 3199 1312 3266 eins,
1348 3199 1395 3274 qui
1457 3221 1458 3230 ¹

324 3285 459 3344 dominus
497 3295 582 3345 esset
637 3287 714 3344 Nam
753 3303 819 3344 cunr
852 3287 1010 3360 aliquando
1043 3286 1132 3343 etiam
1172 3285 1207 3343 de
1240 3287 1396 3362 pecoribus
1456 3317 1457 3320 =

322 3371 487 3430 dubitatum
510 3381 595 3442 esset,
619 3382 773 3448 postquam
796 3371 832 3429 de
855 3372 891 3430 iis
914 3372 1055 3442 constitit,
1078 3372 1108 3428 in
1131 3389 1217 3430 serva
1232 3371 1291 3428 alio
1309 3371 1395 3428 duee·
1456 3391 1457 3420 1

322 3457 373 3514 bat
405 3458 448 3516 rei
470 3458 569 3527 notio,
602 3458 662 3516 alio
684 3457 819 3516 hominis.
863 3457 983 3533 Ulpiau.
1006 3457 1036 3514 in
1060 3457 1173 3533 Digest
1198 3457 1267 3526 VH,
1290 3456 1316 3526 Ι,
1343 3456 1395 3512 68:
1456 3491 1457 3502 .

329 3543 408 3599 Vettio
424 3546 482 3618 suit
503 3547 631 3618 qrmeobb,
654 3563 690 3600 un
709 3553 808 3618 portua
824 3545 864 3601 ad
878 3546 1061 3618 fructuariam
1071 3545 1231 3618 petionem,-
1253 3543 1302 3599 aed
1313 3543 1397 3598 Bruti
1456 3563 1457 3597 1

322 3632 449 3685 scatentia
472 3629 596 3692 obducit,
623 3631 807 3702 smmtuorr'nru
829 3633 856 3686 in
878 3649 908 3686 eo
930 3631 1014 3686 locum
1036 3629 1212 3684 mordebere.
1257 3625 1320 3686 Cfr.
1344 3626 1395 3686 Ul·

322 3713 400 3790 pien.
423 3714 452 3770 in
476 3714 544 3791 Dig.
556 3715 595 3784 V,
620 3715 648 3784 3,
673 3715 723 3786 27,
746 3713 814 3773 Gai.
827 3715 932 3784 XXII,
960 3717 985 3784 1,
1010 3713 1059 3783 28,
1082 3713 1263 3771 lastinianus
1285 3713 1395 3770 Institt.

323 3800 364 3869 ΙΙ,
391 3803 417 3870 1,
443 3799 492 3857 37.
1455 3855 1456 3858 ,

408 3887 440 3942 P.
466 3885 620 3942 Scaevolam
644 3885 741 3958 M’qne
763 3879 920 3962 illumilium)
943 3883 1008 3962 [Sic
1036 3903 1073 3942 ex
1095 3886 1126 3941 A
1155 3884 1305 3952 Baiterus3
1342 3884 1394 3940 Μ’.
1455 3929 1456 3936 ,

322 3989 376 4045 pro
404 3971 444 4027 M.
469 3971 534 4044 qnis
567 3969 743 4037 restituerit,
779 3968 902 4047 nescia]
937 3969 988 4028 Μ’.
1011 3969 1152 4028 Manilius
1187 3968 1268 4046 (nam
1302 3968 1341 4026 de
1363 3969 1394 4024 P.
1443 4019 1446 4024 .

323 4054 466 4114 Scaevola
489 4066 568 4132 pont.
582 4073 673 4123 maro,
692 4056 742 4130 qui
765 4056 876 4130 primns
893 4056 965 4112 iuris
987 4055 1172 4131 prudentiam
1194 4055 1225 4112 in
1247 4053 1329 4110 illam
1353 4053 1394 4112 la·

322 4140 431 4196 miliam
444 4141 553 4212 intulit,
566 4141 665 4198 omnia
675 4151 747 4199 nota
757 4141 848 4216 sunt),
862 4141 1002 4198 Manilius
1015 4141 1114 4217 igitur,
1129 4159 1188 4198 cos.
1199 4159 1225 4198 a.
1241 4140 1310 4208 149,
1331 4157 1393 4196 cnm
1454 4207 1455 4212 η

322 4225 394 4283 iuris
405 4227 578 4302 prudentiae
589 4226 675 4284 laude
688 4235 932 4285 commemoratur
944 4227 1030 4284 etiam
1049 4227 1079 4284 in
1091 4225 1173 4284 libris
1185 4226 1221 4282 de
1238 4235 1357 4283 oratore
1368 4233 1394 4279 et
1454 4273 1455 4288 ,

322 4310 357 4368 de
369 4331 401 4368 re
413 4313 502 4388 publ,
514 4313 758 4387 nominanturqne
770 4313 833 4371 eius
845 4312 979 4370 treslibri
989 4312 1025 4369 de
1036 4312 1099 4369 inre
1109 4311 1189 4368 civili
1197 4309 1395 4386 oPomponio.
1448 4361 1452 4368 .

322 4395 405 4476 (Vid.
422 4397 495 4456 Maii
512 4417 683 4474 prosopogr.
699 4398 771 4456 libb.
789 4398 877 4456 dell.
895 4399 939 4470 P,
962 4398 1118 4456 Hauricbe.
1136 4397 1173 4454 ad
1185 4396 1247 4456 Cic.
1259 4396 1294 4453 de
1313 4395 1394 4456 Orat.
1445 4463 1448 4470 .
