2948 5024
401 426 445 470 ar
468 423 548 471 usn.
571 425 633 471 tna
657 424 768 472 vose.
794 429 832 472 ιι.
1091 407 1155 474 675

88 603 198 658 namna
220 591 308 672 ierat,
331 611 368 658 eo
390 593 513 676 possint
533 594 594 674 ire;
616 603 652 659 ut
666 595 754 678 ipsae
776 594 864 674 vitos,
886 593 1014 676 oiloqui
1024 594 1155 676 possint,

86 697 129 760 ita
152 713 187 761 se
208 697 387 761 mandas
408 697 602 778 tuendasque
623 712 694 764 esse
715 696 880 762 fateantur.
923 695 964 762 Et
985 714 1066 762 nunc
1087 697 1155 778 qui·

86 799 166 877 dem,
188 799 271 880 quod
293 817 360 864 eam
382 805 501 878 tuetur,
528 809 564 862 ut
585 801 625 864 de
645 799 709 864 vite
730 799 925 882 potissimum
945 797 1071 880 loquer,
1107 807 1156 864 est

84 901 116 964 id
139 900 347 980 extrinsecum
369 901 400 965 in
418 901 703 984 ipsaenimparum
713 920 827 983 magne
843 901 990 980 visincst,
1012 910 1155 982 utquam

85 1003 201 1084 optime
224 1020 258 1070 se
278 1003 394 1068 babere
416 1003 524 1084 possit,
547 1003 574 1068 si
585 1003 670 1068 nulla
681 1003 803 1068 cultura
813 1003 1005 1068 adhibeatur.
1039 1003 1090 1068 40.
1114 1005 1193 1073 Act

85 1123 160 1170 vero
182 1105 209 1169 si
229 1105 270 1170 ad
292 1105 385 1188 vitem
407 1123 517 1170 sensus
539 1105 720 1186 accesserit,
746 1114 783 1170 nt
803 1105 976 1188 appetitum
1001 1105 1155 1186 quendam

84 1207 200 1271 babeat
220 1215 251 1271 et
272 1226 331 1288 per
352 1226 386 1272 se
407 1207 477 1289 ipsa
498 1214 668 1288 moveatur,
690 1208 765 1290 quid
786 1207 937 1273 facturam
957 1207 1073 1288 putas?
1105 1209 1155 1271 An

84 1328 135 1386 ea,
159 1327 240 1390 quae
261 1327 319 1390 per
341 1309 501 1375 vinitorem
529 1317 623 1375 antea
650 1309 909 1390 consequebatur,
940 1327 999 1391 per
1025 1327 1059 1374 se
1085 1308 1156 1390 ipsa

82 1411 226 1475 curabit?
254 1411 315 1476 Sed
337 1413 463 1477 videsne
474 1429 668 1477 accessuram
680 1412 708 1476 ei
719 1429 834 1491 curam,
855 1417 891 1477 nt
907 1429 1017 1476 sensus
1032 1429 1156 1492 quoqne

83 1531 158 1578 snos
176 1531 346 1595 eorumque
361 1532 481 1578 omnem
498 1514 680 1596 appetitum,
697 1523 729 1579 et
746 1513 773 1578 si
789 1532 852 1596 qua
868 1513 931 1578 sint
955 1513 1101 1578 adiuncta
1128 1513 1155 1578 ci
1175 1522 1216 1586 10

149 1707 170 1750 1.
185 1701 263 1765 porra
279 1715 366 1768 omnes
400 1708 425 1750 ot
443 1701 533 1753 onae
564 1709 661 1766 possent
679 1715 764 1751 omnes
800 1705 824 1753 8.
846 1689 1155 1768 [debotainma'rgdooite

82 1767 134 1836 Et]
180 1775 202 1817 4.
223 1769 248 1817 id
265 1770 354 1818 omE
411 1767 512 1836 [partim
531 1769 580 1837 Eh]
635 1778 670 1820 aar
688 1775 744 1834 (pro
763 1769 832 1834 ineat)
849 1769 985 1822 trusos.
1039 1774 1060 1817 t.
1078 1769 1155 1836 ι’ρεαηι

80 1853 179 1898 omnes,
198 1837 242 1888 Or.
291 1835 430 1904 [quodlib]
477 1844 499 1890 rt.
518 1839 613 1888 oateE
665 1848 687 1888 et
702 1855 747 1904 per
762 1855 788 1888 aa
805 1838 849 1886 LP
903 1838 979 1903 ι’ρεαηι
997 1853 1091 1900 omnes,
1110 1837 1153 1890 Or.

80 1905 166 2026 {hbet
183 1923 267 1958 ammos
285 1905 334 1973 nt]
375 1911 411 1956 10.
431 1907 531 1956 omnium
551 1907 679 1958 tPcROr.
724 1915 779 1956 suat
796 1906 840 1958 LO
883 1906 1025 1958 cimcmbro
1041 1906 1155 1957 αάιὶιιιεία

150 1974 194 2025 Or.
213 1973 326 2024 odiuncio
344 1990 393 2026 om.
411 1977 435 2026 R

78 2185 136 2243 pro
159 2166 315 2223 arboribus
327 2165 482 2237 diceretur,
499 2166 578 2241 quod
589 2165 685 2242 ipsum
708 2166 764 2224 hoc
786 2166 851 2224 loco
862 2165 1046 2224 incommode
1062 2165 1154 2236 fieret,

76 2251 249 2310 necessario
272 2251 456 2308 scribendum
480 2261 543 2308 erat
558 2254 676 2326 fautor.
709 2252 772 2329 (Ad
794 2261 878 2310 ortem
899 2253 1079 2326 apncotonm
1099 2252 1155 2309 hoc

77 2337 198 2394 rettulit
220 2336 329 2407 Gzins3
351 2337 394 2394 ita
415 2355 463 2394 ars
486 2337 541 2415 sibi
564 2337 763 2410 adminiculat,
785 2346 820 2394 nt
840 2357 889 2396 ars
910 2337 1005 2414 possit
1020 2337 1073 2409 ire,
1096 2355 1154 2412 qno

76 2433 190 2480 natura
212 2441 276 2479 eom
298 2420 398 2502 ferat.)
441 2423 536 2479 Paulo
558 2431 626 2498 post
642 2433 753 2498 possent
770 2441 823 2498 pro
835 2427 950 2499 possint,
973 2433 1155 2500 repugnante

70 2515 231 2583 struantur,
245 2505 311 2586 [It]
329 2507 445 2564 Davisii
458 2507 574 2565 codices
591 2507 793 2584 seditionesque
809 2517 923 2566 veteres
937 2507 1041 2584 (Crat,
1053 2508 1155 2578 viee).

76 2593 223 2654 Correxit
233 2593 330 2650 Altius
352 2593 518 2664 Manutius3
552 2592 645 2652 Gaius
667 2594 698 2651 in
720 2603 859 2670 quattuor
880 2595 940 2652 suis
963 2597 1070 2670 potato
1091 2611 1155 2652 esse

75 2689 224 2748 testatum
247 2697 302 2736 neo
324 2698 361 2736 ex
374 2677 452 2738 Oxx.
475 2679 512 2736 ad
530 2682 636 2754 possint
657 2679 816 2755 quidquam
839 2689 966 2737 notatur.
1000 2680 1155 2736 Postremo

74 2769 150 2824 inest
172 2783 210 2821 ex
233 2783 292 2822 uno
313 2763 376 2822 Eri.
398 2762 442 2846 [et
462 2761 503 2845 B]
525 2764 620 2840 posui.
653 2763 705 2843 [Id
725 2785 782 2823 orn.
804 2765 893 2822 etiam
915 2763 965 2843 B.]

169 2851 220 2908 40.
243 2860 267 2907 et
285 2869 337 2926 per
358 2869 386 2908 se
412 2853 474 2926 ipsc
501 2849 649 2925 moveatur)
672 2851 712 2908 Et
728 2851 776 2908 hic
798 2859 828 2907 et
844 2850 933 2926 paulo
949 2859 1017 2927 post
1039 2849 1107 2928 (per
1128 2869 1156 2906 se

74 2941 144 3012 apsa
165 2933 284 3014 curabit)
307 2934 372 3013 [ubi
389 2944 476 2992 antea
495 2935 556 2993 Eri.
568 2939 629 3011 apsa
639 2935 748 2993 habere
760 2931 908 3015 putaram]
931 2936 961 2993 in
974 2935 1037 2993 cod.
1054 2935 1156 2992 arche·

73 3033 155 3098 typo
177 3029 300 3097 propter
321 3041 350 3078 ae
371 3021 512 3096 scriptum
535 3030 599 3078 erat
619 3024 715 3097 aprum,
738 3021 869 3079 hocloco
881 3020 1053 3092 eofacilius,
1077 3021 1156 3095 quod

75 3107 265 3181 sequebatur
286 3127 321 3163 m.
354 3107 489 3182 Utroque
501 3106 565 3164 loco
577 3115 656 3164 recte
668 3105 846 3178 Cratander,
870 3125 956 3180 quem
974 3106 1073 3182 priore
1089 3106 1155 3163 loco

71 3211 185 3250 ornnes
213 3191 305 3249 secuti
333 3202 414 3262 sunt,
443 3192 536 3249 donec
563 3190 656 3250 Gzins
683 3194 770 3268 ipsam
795 3191 929 3254 reduxit.
960 3192 1053 3248 altero
1075 3191 1155 3248 solus

72 3279 155 3336 Ern.
200 3277 271 3353 ipsa
291 3277 361 3334 vitis
383 3277 512 3335 sentiens
534 3296 588 3354 per
609 3296 640 3334 se
664 3287 805 3338 movetur.
849 3277 1045 3354 Interrogatio
1068 3277 1155 3332 haec:

71 3369 127 3420 Aa
146 3395 188 3405 -
200 3363 323 3420 curabit?
344 3362 386 3420 sic
409 3362 552 3420 subicitur
575 3362 729 3439 superiori,
753 3371 785 3420 nt
796 3362 867 3419 Piso
882 3362 1058 3438 suspicando
1070 3379 1154 3438 prae·

70 3448 175 3524 cipiet
198 3448 236 3518 id,
260 3448 339 3522 quod
360 3447 532 3524 responderi
554 3465 673 3506 necesse
692 3448 739 3519 sit,
762 3457 793 3505 et
808 3447 944 3520 affirmet,
967 3448 1002 3505 de
1025 3465 1083 3522 qno
1105 3465 1155 3524 ge·

68 3553 152 3593 nere
175 3534 238 3591 dixi
259 3534 290 3590 in
312 3533 408 3609 Epist.
431 3534 468 3591 od
491 3533 582 3592 Orell.
604 3553 633 3608 p.
652 3536 669 3591 7
674 3535 691 3590 7
715 3543 745 3591 et
762 3533 871 3610 Opnsc.
888 3534 982 3591 Acad.
1002 3534 1035 3591 11
1051 3553 1080 3609 p.
1094 3533 1154 3590 230

69 3631 107 3678 et
123 3619 203 3689 2313
225 3637 321 3694 neque
343 3618 420 3676 enim
443 3619 578 3676 Handius
601 3617 702 3696 (Ture.
719 3621 735 3677 I
751 3639 780 3696 p.
800 3620 860 3677 345
883 3629 914 3676 et
937 3619 1012 3695 353)
1035 3637 1155 3696 prorsus

68 3705 155 3764 mihi
177 3703 330 3762 satisfacit.
363 3701 475 3784 [Etiam
498 3705 523 3762 B
545 3700 629 3784 octa]

168 3809 311 3865 eorumque
331 3809 431 3847 omnen
453 3789 612 3868 appetitum)
635 3789 685 3848 Sic
707 3789 795 3848 etiarn
819 3787 972 3870 Spir.[B],
995 3809 1052 3867 mg.
1065 3789 1154 3860 crat,

67 3877 146 3936 cod.
158 3877 236 3934 Mor.
259 3895 313 3951 pro
335 3878 458 3932 monitam.
488 3876 564 3932 Τιιιιι
582 3878 710 3933 adiuncto
726 3879 751 3933 a·
760 3877 877 3934 membra
889 3876 977 3933 etiam
990 3875 1067 3952 Spir.
1090 3872 1155 3954 [B].

64 3962 236 4022 Editiones
258 3961 419 4020 deteriores
441 3961 556 4019 codices
579 3970 750 4035 sequuntur,
773 3961 829 4018 nisi
852 3961 930 4036 quod
951 3961 1053 4032 Gaius,
1077 3961 1154 4035 quod

66 4051 103 4108 in
136 4046 246 4106 (invii
271 4055 301 4104 et
323 4047 391 4104 Bas.
404 4055 482 4104 aratz
505 4049 529 4104 ei
549 4048 667 4104 meamea
684 4049 884 4118 aintoda'oncto,
908 4046 1154 4117 delevitmembra,

63 4142 204 4214 propter
224 4132 392 4190 instabilem
414 4131 513 4189 sedern
536 4141 717 4208 suspectum,
745 4151 804 4189 non
826 4132 1010 4208 improbante
1033 4131 1155 4192 Orellio.

65 4222 110 4280 Id
140 4237 234 4296 genus
256 4218 421 4294 argumenti
443 4218 530 4294 quale
553 4218 592 4276 sit
612 4218 643 4274 in
666 4217 833 4275 huiusmodi
855 4217 943 4289 locis,
977 4217 1028 4275 ubi
1049 4218 1155 4276 verbo-

60 4324 148 4368 rum
171 4313 201 4362 et
222 4304 442 4380 participiorum
465 4304 579 4380 positus
601 4303 706 4361 leviter
728 4312 866 4376 mutatur,
888 4303 963 4361 scire
986 4303 1081 4374 debet,
1104 4303 1155 4379 qni

62 4411 134 4472 per
159 4390 260 4448 decem
281 4390 380 4466 capita
400 4389 542 4447 librorum
565 4389 724 4464 scripturas
746 4389 949 4464 perlustravit,
977 4407 1155 4465 quamquam

898 4505 949 4560 43*
