2956 5028
404 386 447 432 ur
471 385 551 432 unu
571 385 634 432 nnn.
652 385 675 430 11
698 385 771 431 cnr.
786 389 826 431 ne.
1086 367 1149 430 233

85 553 199 632 nccdtc,
221 556 289 619 sine
312 560 402 631 teste
424 553 491 618 sine
513 553 577 618 ullo
600 553 724 618 conscio
746 551 841 618 tellau
885 553 936 618 54.
970 554 1019 617 An
1042 559 1078 618 tu
1099 572 1149 618 me

86 657 118 719 de
136 655 169 718 L.
190 656 311 721 Tubulo
333 662 428 736 putes
450 655 575 720 dicere?
605 654 672 735 qui,
695 673 765 718 curn
787 661 915 735 praetor
936 653 1148 735 quaestionem

85 757 154 821 inter
173 757 300 822 sicarios
322 756 528 836 exercuisset,
550 757 595 820 ita
613 762 726 837 epcrtc
748 755 831 836 cepit
851 755 999 836 pecunias
1021 755 1060 819 ob
1083 775 1149 821 rem

143 931 162 974 2
181 925 266 991 {Lucro
288 925 382 976 Tubulo
401 926 434 991 A]
454 925 554 975 Lucullo
572 925 593 976 O
612 925 647 978 B.
662 923 755 974 Tubulo
774 925 797 974 tt
842 925 903 974 inter
918 923 993 978 secar.
1011 935 1101 990 quaest.
1123 928 1140 974 Ι,

87 1097 131 1154 bns
150 1097 248 1156 Ovidii
281 1097 355 1156 locis
383 1100 436 1173 (Α.
458 1099 498 1156 Α.
520 1099 551 1170 I,
587 1099 647 1156 285
682 1109 713 1156 et
741 1096 832 1173 745),
866 1116 990 1172 quorum
1023 1109 1149 1172 utroque

87 1183 256 1240 scribendum
280 1191 326 1240 est
348 1203 413 1258 quc.

159 1269 206 1325 54.
249 1270 284 1325 de
306 1269 343 1325 L.
371 1269 486 1342 Tubulo)
521 1269 568 1324 De
597 1268 653 1324 hoc
681 1267 799 1324 homine
822 1266 1063 1337 sceleratissimo,
1098 1267 1149 1341 qui

87 1363 191 1426 praecor
211 1371 239 1410 a
265 1354 324 1409 142
347 1370 375 1409 e.
398 1352 452 1412 Ch.
476 1351 548 1424 fnit,
582 1371 658 1426 quae
686 1352 765 1428 apud
786 1351 960 1410 Ciceronem
983 1351 1149 1420 traduntur,
1240 1344 1243 1350 ’

87 1437 195 1494 collecte
210 1447 279 1494 sunt
295 1439 326 1494 in
341 1437 438 1494 indice
451 1436 604 1496 Orellieno
615 1439 656 1512 (v.
670 1438 706 1493 L.
721 1433 876 1513 Hostilius).
904 1436 987 1494 Idem
998 1438 1054 1507 IV,
1068 1438 1107 1494 77
1120 1445 1151 1493 et

80 1513 118 1590 Ὺ,
135 1523 170 1578 62
193 1523 371 1579 nominatum.
415 1522 449 1579 P.
465 1521 609 1581 Scaevola
630 1530 717 1596 peter
738 1531 792 1590 est,
816 1521 867 1595 qui
889 1531 994 1596 postea
1014 1520 1150 1597 pontifex

88 1607 217 1664 maximus
228 1607 294 1664 tuit.
318 1607 507 1666 Ordineriem
520 1607 556 1664 de
569 1606 683 1664 sicariis
695 1606 897 1681 quaestionem
908 1607 968 1663 iem
979 1615 1041 1663 tum
1058 1605 1149 1664 fuisse

87 1701 207 1748 etenum
230 1704 397 1768 praetorem
420 1692 574 1766 babuisse,
597 1691 716 1748 aliunde
738 1710 797 1748 non
820 1700 944 1749 constet.
988 1691 1075 1765 Quod
1098 1691 1150 1748 tri·

87 1775 168 1834 hunus
199 1775 258 1834 lert
289 1777 328 1833 ad
358 1776 490 1852 plebem,
523 1785 558 1834 ut
578 1787 664 1833 extre
691 1776 824 1833 ordinem
847 1785 1022 1850 quaeretur,
1056 1794 1150 1850 eaque

87 1861 175 1932 quaeri
196 1861 278 1918 iubet
299 1861 474 1935 senatuique
495 1861 654 1937 permittit,
688 1870 721 1918 ut
748 1861 774 1918 is
796 1861 824 1917 ei
852 1861 1017 1935 quaestioni
1044 1861 1150 1937 praefl-

87 1945 145 2014 cist,
165 1965 249 2020 quem
272 1946 361 2014 velit,
391 1965 427 2003 ee
448 1947 527 2004 illius
550 1947 656 2004 aetatis
684 1946 816 2023 legitIme
838 1946 1018 2004 consuetudo
1040 1944 1098 2003 fuit
1119 1945 1150 2002 in

88 2029 119 2084 iis
137 2031 235 2102 rebus,
270 2050 395 2105 querum
429 2041 481 2088 ent
512 2031 692 2088 ordinarium
715 2031 855 2088 iudicium
879 2031 991 2088 nullum
1014 2041 1079 2088 eret
1099 2039 1151 2088 eut

88 2112 112 2169 id
130 2133 228 2190 perum
252 2115 388 2173 sufficere
410 2117 585 2192 putabatur,
619 2116 676 2174 nisi
704 2115 783 2190 quod
810 2116 900 2173 etiem
923 2135 940 2172 e
963 2115 1083 2172 consule
1105 2135 1150 2172 se·

87 2209 162 2257 nstns
182 2201 358 2258 anctoritate
380 2201 452 2258 ferri
474 2202 512 2258 ed
534 2202 675 2277 populum
694 2200 837 2258 eiusmodi
855 2201 904 2257 lex
921 2209 1047 2275 poteret
1080 2200 1150 2258 Vid.

89 2281 144 2340 niv.
163 2285 217 2356 IV,
242 2288 283 2342 50
306 2295 337 2342 et
359 2287 410 2356 51,
432 2287 619 2357 XXXVIII,
643 2287 693 2356 54,
716 2287 816 2356 XLII,
841 2287 890 2342 21.
924 2287 1024 2359 Atque
1046 2286 1150 2343 eodem

88 2369 163 2426 modo
182 2389 244 2428 rem
267 2380 365 2428 actem
387 2389 461 2442 esse,
484 2371 621 2445 quotiens
643 2371 748 2428 Livius
767 2379 884 2429 tentum
907 2370 1108 2444 quaestionem
1132 2389 1150 2427 e

88 2463 177 2512 senatu
209 2457 357 2512 decretam
391 2456 480 2514 elicui
508 2465 622 2527 nerret,
651 2457 792 2532 populum
821 2455 974 2531 plebemve
997 2464 1082 2512 extra
1103 2450 1151 2514 or'-

89 2536 172 2596 dinem
194 2541 297 2615 quaeri
320 2540 440 2598 iussisse
463 2561 520 2599 non
544 2542 640 2612 addit,
665 2541 849 2599 ostenderem
873 2549 976 2598 contre
997 2539 1150 2597 Dukerum

89 2623 131 2694 (ed
141 2624 201 2681 Liv.
213 2625 370 2696 XXXIX,
392 2629 437 2684 14.
457 2627 490 2702 6)
513 2635 543 2683 et
564 2625 754 2684 Dirkseninm
788 2623 930 2704 (Civttise
952 2625 1102 2683 Abhandl.
1124 2625 1150 2696 I,

89 2725 111 2761 n.
132 2709 174 2783 l).
206 2712 231 2767 si
254 2711 398 2768 eiusmodi
422 2711 614 2787 disputationi
636 2711 685 2768 hic
706 2711 789 2768 locus
811 2719 898 2767 esset.
943 2710 1030 2783 Quod
1052 2721 1151 2767 eutem

89 2803 160 2850 extre
181 2797 313 2852 ordinem
342 2797 507 2870 quaesitum
534 2807 594 2868 est,
628 2814 694 2853 cum
727 2797 782 2852 sub
810 2796 1038 2870 repetundarum
1062 2813 1151 2869 quee-

89 2876 214 2953 stioneun,
239 2899 317 2955 qnae
339 2881 396 2938 iem
420 2891 482 2938 tum
506 2891 584 2952 eret,
618 2881 674 2938 hoc
695 2899 788 2958 genus
812 2891 915 2956 ceptae
937 2881 1079 2955 pecuniae
1103 2898 1151 2937 ce-

89 2960 143 3034 det,
168 2965 309 3023 chnzins
337 2965 489 3043 (Prolegg.
512 2967 549 3023 ed
580 2967 636 3042 leg.
660 2966 766 3025 Servii.
789 2985 817 3041 p.
840 2965 935 3039 XIII)
969 2985 1033 3022 earn
1067 2975 1152 3040 putet

89 3063 193 3105 mnsam
214 3069 293 3111 esse,
324 3051 402 3125 qnod
424 3051 534 3108 iniuria
554 3051 635 3109 fecte
655 3050 747 3109 fuerit
769 3051 897 3120 civibus,
922 3049 1150 3126 repetundarum

89 3141 172 3190 eutem
187 3136 337 3193 accusatio
355 3145 467 3193 tentum
486 3136 516 3192 in
528 3156 579 3194 eos
595 3136 709 3194 institui
732 3137 870 3211 potuerit,
894 3136 944 3210 qui
962 3135 1058 3192 socios
1080 3154 1152 3192 vex·

89 3230 182 3276 essem
224 3222 343 3296 Inque
366 3221 455 3298 peulo
478 3222 559 3297 plus,
588 3241 677 3296 quem
700 3221 815 3292 debuit,
850 3221 896 3278 vir
918 3220 1152 3278 consultissimus

89 3320 102 3357 e
129 3303 196 3362 locis
228 3306 405 3380 quibusdam
428 3307 580 3366 Ciceronis
614 3306 731 3364 efficere
763 3306 889 3363 videtur.
944 3305 983 3362 Et
1015 3313 1154 3380 poterent

89 3387 153 3446 nbee
184 3409 247 3448 esse
281 3409 403 3462 censes,
438 3409 491 3450 cnr
513 3393 610 3468 prime
631 3391 681 3449 lex
704 3391 740 3448 de
762 3391 933 3467 repetundis
955 3409 1059 3466 perum
1082 3401 1152 3466 epte

89 3485 155 3532 esset
184 3476 221 3532 ed
253 3487 315 3533 tem
348 3477 436 3535 foede
468 3477 581 3535 scelere
612 3477 643 3534 in
677 3478 742 3552 ipse
774 3477 847 3533 urbe
875 3476 1031 3534 commisse
1053 3493 1151 3552 perse-

88 3562 197 3630 quende

161 3666 219 3705 cum
236 3657 352 3723 praetor
363 3681 404 3690 —-
417 3651 586 3715 obuenisset,
599 3679 640 3690 --
652 3645 735 3724 cepit)
756 3645 861 3718 immo,
879 3665 939 3703 cnm
950 3656 1096 3716 exerceret,
1119 3656 1153 3702 ut

88 3740 156 3787 recte
182 3733 392 3790 animadvertit
424 3733 594 3804 Ernestius,
627 3733 658 3790 in
691 3741 824 3808 tempore
855 3731 995 3802 haerens,
1030 3749 1088 3788 non
1121 3731 1152 3787 in

89 3815 163 3874 nodo
183 3817 282 3888 verbi3
307 3819 358 3892 qui
380 3825 499 3894 poteret
520 3816 618 3875 enim?
663 3817 723 3876 Sed
744 3817 849 3876 Cicero
873 3816 1059 3892 neglegentia
1081 3835 1153 3891 qua-

89 3897 159 3972 darn,
196 3921 262 3960 cnm
302 3903 446 3979 cogitaret
478 3903 514 3960 de
547 3903 685 3979 proximo
718 3920 795 3960 enno
829 3911 859 3959 et
892 3901 1054 3960 Scaevolae
1087 3901 1152 3977 lege

89 3979 174 4058 (qnasi
195 3989 252 4046 hoc
274 3988 436 4046 diceretur:
458 4007 518 4046 cum
540 3991 701 4047 ecercuisset
722 3999 808 4045 et-
832 3991 953 4062 cepe'scet,
976 3989 1057 4060 lepcm
1069 3986 1152 4044 Scae·

89 4072 139 4126 toln
169 4071 255 4151 tulit),
289 4073 611 4149 plusquamperfectum
647 4073 753 4150 posuit.
809 4072 922 4133 Similis
944 4072 1020 4129 ratio
1049 4079 1094 4128 est
1121 4071 1153 4128 in

90 4150 144 4212 Cet.
166 4161 219 4216 41:
264 4160 341 4216 Haec
363 4178 423 4216 cum
449 4160 479 4217 C.
502 4160 599 4216 Poeno
621 4192 661 4201 —
685 4162 800 4216 ἰοσιιειιηι
821 4159 986 4233 Archytam,
1008 4156 1153 4225 Nearchus

95 4237 240 4301 Tarentnas
262 4263 291 4301 se
312 4264 331 4300 a
352 4246 498 4302 mucoribus
519 4255 585 4300 netu
606 4248 741 4320 acceptsse
762 4245 879 4303 dicebat.
914 4261 974 4300 cum
1001 4244 1108 4316 quidem
1130 4245 1155 4298 ei

90 4332 191 4386 sermoni
209 4333 375 4404 bete-smeeet
397 4331 487 4387 Plato.
531 4329 655 4387 Rectum
679 4339 758 4386 eret:
781 4332 925 4399 iuter-esset,
949 4328 1000 4385 sed
1022 4327 1060 4384 ed
1082 4328 1153 4384 dice·
