2948 5024
346 445 387 490 ur
411 443 491 490 uno.
511 443 574 490 nne.
591 445 613 490 v
636 443 709 489 oar.
723 445 763 490 rr.
1028 424 1089 488 747

112 612 186 694 legere
201 631 256 690 eun,
272 613 325 694 qnid
343 613 400 678 sibi
422 612 586 679 dicendum
608 612 662 691 sit,
685 631 754 678 erun
777 611 914 677 dolorem
936 629 1090 676 summurn

107 715 191 780 nalum
207 734 256 780 eso
271 715 365 780 duenit
408 716 526 781 Eadem
549 734 630 779 nune
652 733 721 781 mee
743 716 910 780 adversum
937 719 968 778 te
990 716 1090 778 oratio

104 825 145 881 est
178 817 239 882 Dicis
256 819 334 884 oden
356 819 458 883 omnia
485 829 518 884 et
537 818 619 883 bona
648 823 680 882 et
705 818 801 896 mola,
835 833 916 898 quse
937 815 1090 900 [nunidem]

99 919 180 983 dicunt
195 919 217 996 ii
234 921 273 1003 qui
290 939 439 1002 numquam
461 921 679 1003 philosophum
701 921 826 1001 pictum,
849 927 883 983 ut
900 918 1022 998 dieitur,
1044 919 1090 982 vi·

95 1023 188 1100 denint,
206 1021 377 1100 valetudinem,
399 1023 497 1100 vires,
520 1027 685 1100 stauuam,
707 1021 852 1100 formam,
879 1022 1130 1104 integritatemi)

92 1123 271 1204 ungnentorum
288 1125 407 1190 omnium
430 1125 518 1204 imre,
540 1124 783 1204 deformitatem,
805 1124 961 1202 morbum,
984 1123 1090 1189 debili-

88 1233 162 1290 tutem
180 1226 249 1291 nala
284 1227 323 1292 81.
346 1229 411 1292 Iam
438 1227 491 1292 illu
519 1235 648 1292 exterus
677 1245 772 1308 perce
799 1234 835 1291 tu
862 1226 1000 1308 quidem;
1034 1227 1092 1292 sed

131 1435 147 1481 1,
163 1429 333 1482 dumont
366 1435 390 1480 2.
407 1435 494 1482 malum
513 1431 574 1481 da'n't
591 1433 652 1496 (om.
671 1441 732 1496 esre)
751 1432 773 1480 E
818 1436 843 1484 8.
861 1430 941 1481 dueum
958 1430 1051 1496 quadem
1070 1430 1090 1480 P

80 1499 236 1550 lineoucisOr.
259 1501 279 1553 l.
294 1499 365 1552 dom.
386 1500 497 1551 PCBOr.
516 1499 542 1550 u·
558 1501 579 1550 1,
616 1505 639 1553 6.
650 1502 712 1550 Mau
730 1516 778 1550 om.
789 1515 884 1558 omnes,
896 1500 950 1559 Or..
969 1501 1010 1550 hle
1028 1508 1091 1550 uoto

80 1569 143 1617 uendi
156 1571 224 1634 posite
269 1572 288 1622 l.
303 1578 324 1618 tc
339 1568 395 1634 quid
413 1571 431 1619 E

80 1763 121 1816 uu
140 1761 162 1815 tn
181 1755 335 1841 suquatur)
356 1759 431 1838 [Sed
453 1761 496 1818 sie
518 1779 635 1836 quoque
657 1769 780 1818 neturus
802 1760 912 1817 mentio
933 1760 1092 1834 ineptaest

80 1853 157 1902 atotn
176 1845 351 1922 interrogatio,
374 1847 512 1921 quoniam
535 1846 565 1904 in
587 1846 739 1922 voluptate
761 1846 871 1902 bonum
893 1865 957 1903 esse
970 1845 1092 1921 Epicuri

80 1931 197 1988 instabat
226 1931 428 2007 Disputationis
450 1950 553 1990 cursus
574 1932 651 1988 hanc
668 1931 792 2006 requirit
808 1931 998 1988 sententiam:
1021 1930 1091 1989 Non

80 2035 183 2088 ueram,
204 2035 357 2091 quemvera
379 2017 418 2074 sit
433 2019 504 2094 ipse
525 2017 648 2093 Epicuri
670 2018 706 2074 de
728 2017 978 2087 bonosententia;
1001 2035 1091 2090 quee-

80 2121 114 2172 u,
147 2119 225 2176 qoem
250 2102 303 2160 sibi
329 2112 451 2161 constet
495 2103 540 2161 Eu
562 2101 690 2160 efficitur
711 2102 844 2159 detracta
865 2102 896 2158 iu
918 2121 977 2159 uuo
999 2102 1091 2160 verbo

80 2188 219 2244 ›irationer
249 2207 294 2246 cur
313 2198 415 2246 tontum
436 2190 514 2246 abeat
541 2185 616 2268 (tam
639 2188 726 2264 longe
748 2207 767 2245 u
787 2187 873 2244 nobis
895 2185 1040 2264 discedet)
1063 2191 1091 2244 r'n
1197 2200 1202 2212 ·

81 2293 130 2328 uro
144 2273 213 2343 boni3
233 2275 298 2330 illud
307 2293 439 2348 urpvoam.
467 2275 533 2332 Hoc
545 2292 622 2332 nune
633 2274 755 2331 invento
778 2283 808 2330 et
823 2273 963 2349 reposito,
987 2273 1091 2330 omitto

80 2359 168 2428 silere,
190 2377 261 2434 quae
283 2358 442 2431 Graserus,
476 2360 663 2418 incommodo
690 2360 756 2416 loeo
778 2359 946 2417 Phalaridis
974 2368 1092 2416 taurum

80 2463 180 2515 essens,
203 2453 232 2501 et
251 2445 367 2520 Ieepius
389 2446 419 2502 in
442 2445 552 2504 Annal.
574 2444 682 2502 Philol.
709 2445 849 2504 LXXIII
871 2464 899 2520 p.
914 2445 973 2502 297
998 2453 1092 2502 tenta·

80 2543 92 2586 τ.
130 2529 210 2604 Quae
233 2531 302 2588 olim
323 2540 543 2602 annotaveram,
567 2531 689 2606 reliqui,
712 2539 746 2588 ut
772 2539 938 2608 appareret,
968 2530 1092 2588 circum·

81 2616 148 2672 :isse
171 2625 202 2671 et
222 2616 297 2674 alios
320 2625 351 2674 et
373 2637 428 2686 rue,
451 2617 557 2692 ecquid
580 2634 617 2674 ex
641 2617 737 2672 labem
758 2616 810 2674 illo
834 2615 911 2674 effici
934 2613 1058 2693 posset]

94 2721 167 2775 quoe
188 2703 297 2776 quidem
318 2705 411 2760 dicunt
432 2707 460 2773 ii,
483 2701 545 2780 qur)
568 2702 695 2760 RestItui
718 2721 754 2758 ex
774 2702 836 2759 Erl.
859 2701 904 2780 [et
915 2699 956 2780 B]
969 2711 998 2758 et
1009 2701 1092 2758 Leid.

81 2805 184 2856 omen,
220 2789 301 2862 quod
323 2788 354 2844 in
377 2789 432 2845 hoc
455 2788 674 2864 comparatione
697 2806 790 2864 poene
813 2788 1010 2858 necessarium
1033 2795 1091 2857 est3

81 2873 121 2928 od
144 2873 186 2935 Π,
202 2875 253 2930 48.
300 2873 381 2946 Quid
403 2873 549 2950 particulo
571 2875 678 2948 quidem
700 2874 730 2930 in
752 2873 808 2930 hoe
832 2871 928 2931 forme
949 2872 1093 2930 orationis

81 2980 112 3029 nr,
138 2977 214 3033 quae
235 2957 366 3038 quidem)
390 2969 467 3036 egat,
491 2960 599 3017 nescio.
639 2958 679 3037 [B
702 2979 753 3034 que
775 2970 827 3034 quc
845 2961 953 3028 diction
973 2957 1094 3017 sustulit

81 3063 135 3100 rus
159 3044 359 3120 particulam,
382 3063 457 3120 quae
479 3044 655 3122 geminando
677 3053 743 3102 orta
764 3042 905 3121 videtur]

81 3131 276 3198 raletudiuem,
302 3133 375 3188 utres
398 3129 467 3206 eet.)
507 3130 582 3189 Cum
605 3129 709 3188 Cicero
732 3129 774 3186 sic
802 3128 966 3205 posuisset:
999 3129 1092 3186 codem

97 3226 125 3270 er
150 3216 225 3272 bona
250 3225 279 3273 et
302 3219 388 3278 malo,
412 3217 550 3292 exempla
571 3215 723 3289 utriusque
735 3215 851 3291 generis
863 3223 916 3271 out
926 3213 1091 3284 coniuncta,

91 3319 133 3357 ne
159 3301 443 3376 permiscerentur,
466 3303 575 3359 addere
602 3309 733 3376 poterat,
768 3319 946 3375 quemquam
969 3298 1091 3374 aliquid,

82 3385 239 3458 offendat,
266 3387 368 3444 hebet
390 3387 556 3446 huiusmodi
579 3387 776 3444 enumeratio:
808 3387 999 3456 valetudinem,
1023 3387 1093 3442 vires

82 3476 239 3546 rgrn'tatem
266 3475 480 3547 unqoieulorum
490 3477 614 3542 omniurn,
638 3474 843 3546 deformitatem,
867 3481 938 3542 cet,
967 3481 1019 3528 aut
1041 3471 1092 3528 bo-

97 3567 134 3614 et
160 3559 334 3616 malorum
360 3559 497 3634 exempla
519 3559 627 3616 additis
649 3559 695 3615 his
717 3558 885 3615 nominibus
898 3557 1092 3633 distinguere3

82 3644 117 3700 io
146 3644 289 3702 codices
319 3645 402 3702 huno
423 3645 519 3702 locum
543 3644 684 3719 seriptum
712 3644 836 3716 hebent,
871 3643 976 3703 Cicero
999 3660 1094 3717 neque

82 3730 238 3786 scribere
266 3739 400 3806 poteret
422 3749 516 3805 neque
545 3730 574 3786 in
598 3740 657 3788 torn
681 3739 783 3805 operta
811 3737 841 3786 et
863 3729 945 3786 brevi
968 3728 1094 3803 duplicis

96 3835 222 3872 rerum
252 3816 495 3873 enumeratione
518 3816 704 3893 neglegentis
726 3814 756 3871 in
775 3815 806 3872 id
824 3815 961 3872 incidere.
997 3813 1094 3872 Multo

83 3901 308 3958 ›robebilius
324 3911 383 3970 est,
407 3902 475 3958 borco
496 3902 526 3958 in
544 3901 644 3958 codice
661 3901 821 3977 archetypo
834 3900 987 3970 excidisse,
1010 3899 1094 3956 cuius

87 3987 217 4043 mendi
240 3987 359 4044 multa
371 3986 509 4062 exempla
520 3987 657 4055 vidimus,
681 4005 767 4061 quam
786 3989 858 4042 molo
870 3986 1001 4042 additum
1014 4003 1094 4055 esse;

83 4073 85 4083 ¹
116 4073 265 4134 addere
303 4072 428 4147 aliquid
449 4073 551 4140 vellet,
586 4081 742 4146 utrumque
770 4071 939 4128 addidisset.
988 4072 1094 4144 Itaque

105 4158 383 4230 coniecturam,
407 4176 494 4233 quem
512 4159 601 4216 etiam
612 4157 768 4216 Ernestius
780 4168 897 4214 secutus
914 4167 986 4229 erat,
1009 4175 1094 4233 prae·

86 4287 96 4311 ,
132 4245 205 4318 qui
238 4247 340 4301 mala
366 4245 458 4302 deleri
481 4245 608 4302 volebat.

98 4331 184 4386 Iam
218 4333 286 4387 illa
319 4325 452 4407 eumne)
486 4330 608 4388 Transit
629 4328 666 4386 ad
688 4329 807 4387 tertium
835 4345 927 4406 genus
951 4329 1094 4386 bonorum

83 4435 168 4488 um,
221 4433 333 4491 quae
359 4427 447 4474 extre
468 4417 597 4473 animum
621 4424 651 4472 et
673 4431 780 4490 eorpus
802 4423 902 4484 eront;
936 4414 988 4471 sed
1010 4413 1094 4472 initio
