3018 5052
391 413 433 458 ur
456 413 538 458 nau.
554 412 617 459 nra.
635 413 670 458 ur
692 412 764 460 oar.
784 417 824 459 21.
1079 393 1139 459 467

73 601 128 648 neo
150 583 268 648 iustitia
295 601 351 648 nec
378 581 512 647 amicitia
540 600 609 646 esse
636 582 758 646 ommno
781 587 942 662 poterunt,
976 581 1035 646 uisi
1055 582 1143 662 ipsae

144 759 163 802 l.
187 751 303 820 [iustitiae
322 769 363 802 aaa
381 753 486 802 amicicie
506 751 539 819 Α]
561 752 663 802 institiae
682 769 722 801 aar
740 752 860 800 amicitiae
879 751 997 802 ELPMR
1035 761 1143 816 potentat

72 840 122 872 asse
141 823 233 872 omnmo
252 823 273 870 li
290 831 414 886 polaemon
433 823 453 871 (¹

72 961 220 1038 Reisigius
243 962 272 1020 in
296 962 404 1019 scholis
427 961 463 1018 de
475 961 608 1019 Gramm.
620 961 685 1018 Lat.
698 981 725 1036 p.
741 961 802 1018 443
825 961 943 1038 scripsit
965 960 1000 1018 de
1023 972 1142 1037 autpro·

72 1050 140 1120 dam,
164 1058 306 1122 quantum
329 1047 457 1104 habeant
480 1065 618 1116 errorent,
641 1048 797 1122 apparebit
818 1047 865 1104 vel
888 1067 926 1105 ex
949 1045 1057 1122 Opuse.
1072 1049 1143 1105 meis

71 1133 166 1191 Acad.
189 1135 206 1191 I
227 1154 255 1209 p.
280 1133 351 1204 456,
375 1131 429 1190 Gr.
453 1133 485 1190 L.
509 1133 599 1190 4580
621 1129 737 1212 not2.]

157 1237 204 1277 nec
225 1221 326 1276 iasn'tia
348 1238 393 1276 acc
415 1217 545 1292 amicitia)
581 1219 617 1275 In
645 1217 745 1276 codice
767 1219 927 1294 archetypo
950 1227 1013 1274 erat
1035 1237 1081 1276 nec
1102 1223 1142 1275 ia-

36 1322 46 1338 ·
71 1308 160 1362 antiae
182 1325 229 1362 aee
250 1307 389 1375 amicitiae,
413 1305 491 1379 quod
508 1304 837 1370 tenueruntViotorins,
860 1303 1015 1372 Gruterus,
1040 1302 1142 1376 Gaius,

70 1389 229 1448 defendere
259 1399 380 1448 conatus
408 1399 453 1446 est
479 1389 615 1447 Bromius
637 1385 718 1470 (narn
741 1387 849 1448 Gaium
872 1387 1005 1464 ornitt0);
1041 1409 1142 1448 verum

70 1485 103 1533 ut
113 1476 269 1552 fingamus.
293 1475 350 1532 dici
362 1475 494 1550 potuisse
515 1477 642 1544 iustitias,
664 1478 819 1550 sapientias,
843 1479 1040 1552 temperantias,
1064 1477 1143 1550 quod

70 1560 163 1620 semel
186 1561 289 1621 Cicero
305 1562 481 1636 sortiatdines
503 1560 538 1617 de
560 1559 643 1618 vario
655 1579 761 1636 genere
773 1559 954 1618 fortitudinis
965 1561 1143 1636 promendae

71 1647 163 1716 dixit,
186 1646 260 1704 nihil
282 1645 312 1703 id
334 1646 454 1704 omnino
476 1645 613 1703 adhunc
641 1645 738 1703 locum
760 1647 902 1722 pertinet,
936 1647 987 1704 ubi
1015 1646 1050 1704 de
1078 1648 1143 1722 ipsa

71 1743 178 1790 natura
205 1740 235 1789 et
262 1732 381 1789 notione
408 1731 538 1789 iustitiae
572 1741 601 1788 at
629 1731 776 1788 amicitiae
803 1733 909 1808 agitur.
958 1733 1061 1807 Itaque
1084 1751 1143 1789 non

72 1818 166 1895 magis
189 1816 341 1875 ferendum
364 1827 417 1887 est,
441 1816 520 1892 quod
541 1815 682 1874 Davisius
705 1836 742 1874 ex
765 1817 841 1878 CCC
864 1816 957 1894 (Gad.
982 1815 1014 1892 2)
1037 1817 1142 1877 edidit:

72 1923 117 1962 nec
139 1905 242 1960 institia
263 1905 461 1960 aaoamicitioe.
489 1901 582 1980 (ΟΠ.
595 1911 707 1958 tanturn
732 1904 760 1959 in
784 1916 809 1971 ψ
833 1906 1033 1975 iasa'aaeesse,
1051 1903 1080 1960 in
1099 1899 1141 1972 ξψ

71 1992 204 2046 amicitiae
227 1986 353 2067 potant.)
375 1989 423 2045 Ex
434 1990 551 2045 amicitia
562 2007 618 2044 asse
629 1986 739 2044 facturn
752 1999 796 2046 ast
807 1992 938 2046 ‹anicitiae
949 2009 1013 2060 csse,
1038 1989 1142 2046 deinde

72 2073 151 2132 adid
164 2073 415 2131 accommodatum
433 2077 558 2130 institiae.
586 2073 757 2130 Notandum
774 2082 871 2132 autern
889 2075 1010 2131 verbum
1029 2074 1142 2150 plurale

73 2160 241 2217 nominibus
260 2159 457 2236 singularibus
479 2178 532 2234 per
548 2177 632 2233 nequa
643 2194 683 2202 —-
696 2179 780 2234 neque
797 2161 959 2218 conianctis
979 2160 1140 2217 subiectum

74 2245 146 2320 (vid.
170 2246 287 2321 Zumpt.
310 2245 400 2315 §374
424 2243 565 2322 [Madv.§
581 2245 673 2302 2131)
696 2255 755 2302 not.
770 2243 830 2322 1]);
853 2264 907 2302 nec
929 2243 1141 2321 potuitCioaro

73 2331 159 2388 aliter
182 2330 293 2402 dicere,
323 2329 393 2404 quia
415 2330 580 2388 necessario
603 2330 804 2388 subiciendum
827 2341 890 2388 erat
911 2342 1083 2406 aspernatam
1118 2332 1142 2388 si

74 2427 215 2491 captantur
236 2415 390 2486 diceretur,
415 2416 450 2472 de
473 2434 532 2472 una
553 2416 672 2474 notione
694 2417 911 2492 agivideretur.
940 2416 1027 2490 Quod
1038 2417 1068 2473 in
1081 2417 1141 2474 Erl.

74 2501 181 2578 legitur
197 2499 248 2580 [et
269 2503 341 2572 AB,
370 2511 403 2558 ut
429 2501 459 2557 in
487 2502 647 2578 archetypo
675 2501 765 2559 fuisse
782 2500 945 2579 videatur],
974 2513 1142 2578 expetuntur,

75 2597 186 2644 rectum
209 2605 273 2644 csse
296 2605 354 2645 non
377 2587 502 2644 videtur.
546 2588 581 2644 In
605 2588 660 2644 hac
682 2587 759 2644 enim
783 2587 1005 2644 coniunctione:
1028 2589 1145 2660 locfiem'

76 2691 125 2728 arou
144 2683 241 2748 potest,
264 2675 316 2728 nisi
337 2705 387 2743 —-,
410 2670 472 2729 fere
495 2691 611 2747 semper
633 2673 835 2730 coniunctivae
852 2673 995 2730 subicitur
1006 2691 1143 2749 praesen-

76 2757 127 2825 tis;
150 2757 241 2815 staturi
253 2756 298 2836 [et
309 2755 447 2835 perfecti]
459 2757 635 2815 indicativus
647 2758 774 2833 ponitur.
808 2757 912 2833 Neque
930 2757 1006 2816 enirn
1018 2759 1143 2834 simplex

76 2843 208 2900 condicio
231 2853 276 2901 est
298 2844 460 2918 praesentis
482 2844 632 2919 temporis,
655 2853 697 2914 ut,
721 2843 777 2900 nisi
799 2861 876 2900 nunc
899 2843 999 2910 itasit,
1022 2855 1145 2921 negetur

76 2929 186 3002 aliquid
214 2947 295 3000 esse,
329 2929 381 2987 sad
408 2929 516 2986 iudicio
544 2929 674 3006 generali
697 2929 866 3005 adiungitur
887 2930 1034 3002 condicio,
1069 2949 1143 3004 quae

77 3012 223 3090 implenda
245 3023 298 3072 est
342 3015 388 3071 De
412 3015 445 3072 R.
457 3015 492 3072 P.
505 3016 528 3086 Ι,
543 3013 597 3078 60:
620 3016 825 3090 quodquidam,
849 3018 902 3072 nisi
921 3035 1002 3072 antam
1019 3018 1063 3084 sit,
1087 3035 1144 3072 assa

77 3101 177 3156 attaliam
197 3110 297 3176 potest,
321 3098 378 3159 Off.
390 3101 448 3166 III,
465 3102 540 3158 118:
562 3120 646 3174 nepae
668 3104 735 3158 enim
758 3101 860 3157 bonitas
882 3119 928 3158 nac
940 3101 1086 3158 liberalitas
1099 3121 1144 3158 trac

76 3189 185 3242 comitas
207 3206 263 3243 esse
282 3196 378 3261 potest,
401 3190 426 3243 si
447 3187 511 3244 laec
534 3196 866 3261 rtonper·seetpctaatar;
890 3204 979 3261 supra
990 3186 1041 3243 lib.
1054 3186 1079 3256 I,
1089 3187 1143 3243 54:

80 3289 111 3326 ne
130 3275 248 3345 ipsarum
271 3273 378 3347 quidem
400 3275 525 3328 uirtutum
549 3273 608 3329 latis
631 3275 746 3348 reperire
763 3281 852 3347 potest
874 3275 986 3338 tritam,
1010 3275 1063 3328 nisi
1077 3274 1143 3330 diri-

76 3365 157 3427 potor
177 3359 215 3414 ad
237 3360 410 3432 complutam
443 3357 503 3414 ibd.
528 3357 581 3414 67:
616 3377 699 3434 nepae
721 3377 782 3414 vero
803 3361 890 3432 ipsam
912 3361 1055 3414 amicitiam
1077 3361 1146 3414 tueri

78 3459 230 3514 pessumas,
254 3446 307 3500 nisi
326 3462 410 3518 acque
431 3447 530 3500 amicos
553 3453 577 3500 et
599 3453 697 3500 nosmet
720 3447 792 3518 ipsos
814 3444 971 3516 dilipamas3
1001 3442 1085 3502 Caes.
1107 3444 1142 3501 Β.

80 3525 143 3584 Cir.
164 3528 221 3596 III,
235 3531 289 3586 44:
312 3547 396 3602 aeque
418 3532 573 3586 attritiones
583 3529 709 3586 Caesaris
716 3529 859 3602 prolibare
865 3539 981 3604 poterat,
1005 3533 1144 3605 nisiproc-

81 3611 116 3664 lio
136 3615 269 3670 decertare
290 3615 380 3684 vellen
409 3633 502 3689 paene
525 3615 672 3672 solocoum
695 3613 826 3670 futurum
850 3623 927 3672 erat:
954 3617 1007 3672 nisi
1027 3616 1143 3686 colebat3

81 3693 134 3752 cir.
155 3697 214 3758 cie.
242 3718 296 3775 pro
319 3699 392 3756 Rab.
404 3700 487 3757 Post.
515 3701 569 3770 28,
592 3700 657 3756 Liv.
680 3701 835 3766 XXXIII,
855 3702 882 3768 8,
904 3703 951 3758 ll.
1001 3701 1144 3758 Futurum

82 3779 185 3856 legitur
204 3784 252 3842 hic
274 3786 299 3855 Ι,
314 3787 353 3841 64
376 3794 405 3842 et
427 3785 468 3852 II,
482 3786 521 3842 78
544 3794 574 3841 et
595 3786 650 3855 IV,
664 3788 718 3842 41:
741 3789 865 3842 corastitai
885 3790 969 3844 uirtus
986 3788 1145 3843 nullomodo

78 3875 170 3940 potat,
192 3873 244 3927 nisi
254 3905 296 3913 -
307 3872 408 3940 tenebit,
432 3871 470 3928 ad
492 3889 577 3944 quarn
600 3870 725 3928 iorrnam
749 3876 763 3941 ξ
788 3873 827 3928 40
850 3891 888 3928 ex
900 3873 961 3929 Erl.
978 3873 1145 3930 restituam:

83 3953 210 4012 introduci
229 3959 297 4013 eninr
319 3962 404 4014 virtus
427 3959 498 4013 arella
522 3959 597 4013 arando
615 3967 713 4032 potest,
737 3960 789 4014 rusi
809 3962 896 4013 orrrra'a
923 3991 956 4000 -
983 3979 1063 4014 artam
1076 3960 1144 4032 resa·

83 4047 171 4095 ranan
191 4043 229 4098 ad
249 4063 388 4099 stammam.
432 4041 535 4120 [Tusa.
548 4043 586 4113 V,
600 4043 659 4098 42:
686 4045 735 4117 qai
754 4053 842 4100 autam
860 4047 960 4118 poterit
982 4063 1039 4100 esse
1060 4045 1146 4101 cedrus

84 4131 110 4176 et
125 4136 219 4183 enecata
230 4161 281 4197 -—,
294 4131 347 4184 nisi
367 4131 453 4184 omnia
476 4129 528 4184 sibi
548 4131 574 4184 in
586 4148 613 4184 sc
621 4131 712 4203 posita·
723 4130 854 4186 censebit?
876 4129 911 4185 de
925 4127 1007 4187 Orat.
1019 4130 1060 4192 ΙΙ,
1076 4131 1145 4200 189,

86 4207 172 4266 Acad.
185 4213 224 4282 Π,
241 4214 309 4282 140,
324 4211 380 4270 Off.
394 4215 434 4274 ΙΙ,
451 4215 499 4270 84.
528 4211 658 4271 Perfecti
670 4214 847 4272 indicativus
860 4223 905 4271 est
917 4215 953 4272 de
965 4213 1095 4286 Oratll,
1106 4217 1144 4271 29

86 4290 150 4364 (niti
167 4301 275 4355 macarii
296 4319 335 4370 aa,
359 4301 457 4356 nullam
475 4309 565 4374 potest
587 4301 656 4374 csse)
680 4309 709 4356 et
721 4301 808 4358 Tusa.
833 4300 888 4370 IV,
903 4301 943 4357 48
966 4301 1033 4376 (nisi
1049 4312 1145 4358 storna-

86 4377 159 4436 cltori
177 4383 280 4462 coepit).
315 4385 382 4442 Duo
410 4385 440 4441 in
468 4386 616 4462 praesenti
639 4395 771 4462 ternpore
793 4386 989 4444 animadverti
1000 4387 1148 4444 contraria

898 4502 943 4557 30·
