<?xml version="1.0" encoding="UTF-8"?>
<!DOCTYPE html PUBLIC "-//W3C//DTD XHTML 1.0 Transitional//EN"
    "http://www.w3.org/TR/xhtml1/DTD/xhtml1-transitional.dtd">
<html xmlns="http://www.w3.org/1999/xhtml" xml:lang="en" lang="en">
 <head>
  <title>
</title>
<meta http-equiv="Content-Type" content="text/html;charset=utf-8" />
  <meta name='ocr-system' content='tesseract 3.04.00' />
  <meta name='ocr-capabilities' content='ocr_page ocr_carea ocr_par ocr_line ocrx_word'/>
</head>
<body>
  <div class='ocr_page' id='page_1' title='image "./definibusbonoru04cicegoog_0291.png"; bbox 0 0 2938 5020; ppageno 0'>
   <div class='ocr_carea' id='block_1_1' title="bbox 416 389 1165 458">
    <p class='ocr_par' dir='ltr' id='par_1_1' title="bbox 416 389 1165 458">
     <span class='ocr_line' id='line_1_1' title="bbox 416 389 1165 458; baseline -0.005 0"><span class='ocrx_word' id='word_1_1' title='bbox 416 413 459 458; x_wconf 84' lang='lat' dir='ltr'>ar</span> <span class='ocrx_word' id='word_1_2' title='bbox 483 411 564 457; x_wconf 73' lang='lat' dir='ltr'>nar..</span> <span class='ocrx_word' id='word_1_3' title='bbox 582 411 643 456; x_wconf 79' lang='lat' dir='ltr'>ara.</span> <span class='ocrx_word' id='word_1_4' title='bbox 661 410 685 456; x_wconf 91' lang='lat' dir='ltr'>n</span> <span class='ocrx_word' id='word_1_5' title='bbox 707 410 780 456; x_wconf 78' lang='lat' dir='ltr'>cnr.</span> <span class='ocrx_word' id='word_1_6' title='bbox 800 412 840 456; x_wconf 81' lang='lat' dir='ltr'>ra.</span> <span class='ocrx_word' id='word_1_7' title='bbox 1102 389 1165 454; x_wconf 83' lang='lat'>213</span> 
     </span>
    </p>
   </div>
   <div class='ocr_carea' id='block_1_2' title="bbox 109 577 1204 1272">
    <p class='ocr_par' dir='ltr' id='par_1_2' title="bbox 109 577 1204 1272">
     <span class='ocr_line' id='line_1_2' title="bbox 110 577 1166 661; baseline -0.005 -16"><span class='ocrx_word' id='word_1_8' title='bbox 110 591 235 661; x_wconf 69' lang='lat' dir='ltr'>moveret</span> <span class='ocrx_word' id='word_1_9' title='bbox 257 600 410 645; x_wconf 90' lang='lat' dir='ltr'>summum</span> <span class='ocrx_word' id='word_1_10' title='bbox 432 581 544 644; x_wconf 89' lang='lat' dir='ltr'>bonum</span> <span class='ocrx_word' id='word_1_11' title='bbox 567 597 692 660; x_wconf 78' lang='lat' dir='ltr'>ponere,</span> <span class='ocrx_word' id='word_1_12' title='bbox 716 583 947 643; x_wconf 88' lang='lat' dir='ltr'>contemnentes</span> <span class='ocrx_word' id='word_1_13' title='bbox 957 577 1050 642; x_wconf 85' lang='lat' dir='ltr'>istam</span> <span class='ocrx_word' id='word_1_14' title='bbox 1062 577 1166 641; x_wconf 88' lang='lat' dir='ltr'>vacui-</span> 
     </span>
     <span class='ocr_line' id='line_1_3' title="bbox 110 664 1167 760; baseline -0.005 -13"><span class='ocrx_word' id='word_1_15' title='bbox 110 692 189 747; x_wconf 84' lang='lat' dir='ltr'>tatem</span> <span class='ocrx_word' id='word_1_16' title='bbox 208 683 331 747; x_wconf 80' lang='lat' dir='ltr'>doloris</span> <span class='ocrx_word' id='word_1_17' title='bbox 374 685 426 746; x_wconf 84' lang='lat'>40.</span> <span class='ocrx_word' id='word_1_18' title='bbox 449 683 490 746; x_wconf 87' lang='lat' dir='ltr'>lli</span> <span class='ocrx_word' id='word_1_19' title='bbox 512 701 573 744; x_wconf 88' lang='lat' dir='ltr'>non</span> <span class='ocrx_word' id='word_1_20' title='bbox 597 681 754 759; x_wconf 73' lang='lat' dir='ltr'>viderim,</span> <span class='ocrx_word' id='word_1_21' title='bbox 777 689 813 744; x_wconf 89' lang='lat' dir='ltr'>ut</span> <span class='ocrx_word' id='word_1_22' title='bbox 834 681 874 744; x_wconf 91' lang='lat' dir='ltr'>ad</span> <span class='ocrx_word' id='word_1_23' title='bbox 896 664 1021 744; x_wconf 79' lang='lat' dir='ltr'>cursum</span> <span class='ocrx_word' id='word_1_24' title='bbox 1043 697 1167 760; x_wconf 84' lang='lat' dir='ltr'>equum,</span> 
     </span>
     <span class='ocr_line' id='line_1_4' title="bbox 110 779 1167 864; baseline -0.005 -16"><span class='ocrx_word' id='word_1_25' title='bbox 110 787 142 848; x_wconf 91' lang='lat' dir='ltr'>ad</span> <span class='ocrx_word' id='word_1_26' title='bbox 160 786 304 849; x_wconf 89' lang='lat' dir='ltr'>arandum</span> <span class='ocrx_word' id='word_1_27' title='bbox 326 785 450 861; x_wconf 84' lang='lat' dir='ltr'>bovem,</span> <span class='ocrx_word' id='word_1_28' title='bbox 484 785 524 848; x_wconf 86' lang='lat' dir='ltr'>ad</span> <span class='ocrx_word' id='word_1_29' title='bbox 546 783 756 864; x_wconf 84' lang='lat' dir='ltr'>indagandum</span> <span class='ocrx_word' id='word_1_30' title='bbox 783 801 907 860; x_wconf 81' lang='lat' dir='ltr'>canem,</span> <span class='ocrx_word' id='word_1_31' title='bbox 942 782 986 846; x_wconf 89' lang='lat' dir='ltr'>sio</span> <span class='ocrx_word' id='word_1_32' title='bbox 1013 779 1167 844; x_wconf 91' lang='lat' dir='ltr'>hominem</span> 
     </span>
     <span class='ocr_line' id='line_1_5' title="bbox 110 881 1168 965; baseline -0.004 -15"><span class='ocrx_word' id='word_1_33' title='bbox 110 888 142 950; x_wconf 89' lang='lat' dir='ltr'>ad</span> <span class='ocrx_word' id='word_1_34' title='bbox 160 888 231 950; x_wconf 86' lang='lat' dir='ltr'>duas</span> <span class='ocrx_word' id='word_1_35' title='bbox 250 905 309 964; x_wconf 87' lang='lat' dir='ltr'>res,</span> <span class='ocrx_word' id='word_1_36' title='bbox 333 898 368 950; x_wconf 87' lang='lat' dir='ltr'>ut</span> <span class='ocrx_word' id='word_1_37' title='bbox 389 885 434 949; x_wconf 84' lang='lat' dir='ltr'>ait</span> <span class='ocrx_word' id='word_1_38' title='bbox 455 886 647 964; x_wconf 83' lang='lat' dir='ltr'>Aristoteles,</span> <span class='ocrx_word' id='word_1_39' title='bbox 669 883 1004 965; x_wconf 85' lang='lat' dir='ltr'>adintellegendumet</span> <span class='ocrx_word' id='word_1_40' title='bbox 1020 881 1168 964; x_wconf 80' lang='lat' dir='ltr'>artagen-</span> 
     </span>
     <span class='ocr_line' id='line_1_6' title="bbox 111 985 1204 1068; baseline -0.002 -18"><span class='ocrx_word' id='word_1_41' title='bbox 111 989 171 1052; x_wconf 92' lang='lat' dir='ltr'>dum</span> <span class='ocrx_word' id='word_1_42' title='bbox 190 995 385 1066; x_wconf 80' lang='lat' dir='ltr'>essenaturn</span> <span class='ocrx_word' id='word_1_43' title='bbox 408 987 497 1068; x_wconf 86' lang='lat' dir='ltr'>quasi</span> <span class='ocrx_word' id='word_1_44' title='bbox 509 988 671 1051; x_wconf 88' lang='lat' dir='ltr'>mortalem</span> <span class='ocrx_word' id='word_1_45' title='bbox 682 988 784 1064; x_wconf 85' lang='lat' dir='ltr'>deum,</span> <span class='ocrx_word' id='word_1_46' title='bbox 807 992 976 1066; x_wconf 83' lang='lat' dir='ltr'>contraque</span> <span class='ocrx_word' id='word_1_47' title='bbox 998 993 1034 1049; x_wconf 86' lang='lat' dir='ltr'>ut</span> <span class='ocrx_word' id='word_1_48' title='bbox 1043 985 1166 1049; x_wconf 88' lang='lat' dir='ltr'>tardam</span> <span class='ocrx_word' id='word_1_49' title='bbox 1186 989 1204 1048; x_wconf 87' lang='lat'>5</span> 
     </span>
     <span class='ocr_line' id='line_1_7' title="bbox 109 1087 1170 1171; baseline -0.002 -19"><span class='ocrx_word' id='word_1_50' title='bbox 109 1089 225 1171; x_wconf 82' lang='lat' dir='ltr'>aliquam</span> <span class='ocrx_word' id='word_1_51' title='bbox 246 1098 277 1154; x_wconf 88' lang='lat' dir='ltr'>et</span> <span class='ocrx_word' id='word_1_52' title='bbox 298 1090 474 1170; x_wconf 80' lang='lat' dir='ltr'>languidam</span> <span class='ocrx_word' id='word_1_53' title='bbox 497 1091 646 1169; x_wconf 81' lang='lat' dir='ltr'>pecudem</span> <span class='ocrx_word' id='word_1_54' title='bbox 669 1090 710 1153; x_wconf 87' lang='lat' dir='ltr'>ad</span> <span class='ocrx_word' id='word_1_55' title='bbox 731 1095 857 1169; x_wconf 89' lang='lat' dir='ltr'>pastum</span> <span class='ocrx_word' id='word_1_56' title='bbox 879 1095 910 1151; x_wconf 87' lang='lat' dir='ltr'>et</span> <span class='ocrx_word' id='word_1_57' title='bbox 926 1088 967 1151; x_wconf 89' lang='lat' dir='ltr'>ad</span> <span class='ocrx_word' id='word_1_58' title='bbox 983 1087 1170 1168; x_wconf 88' lang='lat' dir='ltr'>procreandi</span> 
     </span>
     <span class='ocr_line' id='line_1_8' title="bbox 110 1189 1170 1272; baseline -0.002 -18"><span class='ocrx_word' id='word_1_59' title='bbox 110 1191 279 1272; x_wconf 76' lang='lat' dir='ltr'>uoluptatem</span> <span class='ocrx_word' id='word_1_60' title='bbox 302 1192 362 1255; x_wconf 89' lang='lat' dir='ltr'>hoc</span> <span class='ocrx_word' id='word_1_61' title='bbox 383 1191 522 1254; x_wconf 78' lang='lat' dir='ltr'>diuinum</span> <span class='ocrx_word' id='word_1_62' title='bbox 544 1190 657 1254; x_wconf 86' lang='lat' dir='ltr'>animal</span> <span class='ocrx_word' id='word_1_63' title='bbox 680 1199 783 1254; x_wconf 89' lang='lat' dir='ltr'>ortum</span> <span class='ocrx_word' id='word_1_64' title='bbox 806 1207 875 1254; x_wconf 87' lang='lat' dir='ltr'>esse</span> <span class='ocrx_word' id='word_1_65' title='bbox 896 1189 1074 1267; x_wconf 84' lang='lat' dir='ltr'>voluenmt,</span> <span class='ocrx_word' id='word_1_66' title='bbox 1107 1207 1170 1270; x_wconf 92' lang='lat' dir='ltr'>quo</span> 
     </span>
    </p>
   </div>
   <div class='ocr_carea' id='block_1_3' title="bbox 112 1337 1206 1510">
    <p class='ocr_par' dir='ltr' id='par_1_3' title="bbox 112 1337 1206 1510">
     <span class='ocr_line' id='line_1_9' title="bbox 167 1337 1206 1444; baseline 0 -18"><span class='ocrx_word' id='word_1_67' title='bbox 167 1377 285 1426; x_wconf 67' lang='lat' dir='ltr'>alim</span> <span class='ocrx_word' id='word_1_68' title='bbox 327 1376 554 1427; x_wconf 79' lang='lat' dir='ltr'>⁴.adnnteduos</span> <span class='ocrx_word' id='word_1_69' title='bbox 572 1378 652 1429; x_wconf 81' lang='lat' dir='ltr'>om.E</span> <span class='ocrx_word' id='word_1_70' title='bbox 688 1376 784 1427; x_wconf 82' lang='lat' dir='ltr'>adom</span> <span class='ocrx_word' id='word_1_71' title='bbox 808 1376 875 1444; x_wconf 81' lang='lat' dir='ltr'>[ante</span> <span class='ocrx_word' id='word_1_72' title='bbox 886 1377 1000 1443; x_wconf 76' lang='lat' dir='ltr'>aqeaclrm</span> <span class='ocrx_word' id='word_1_73' title='bbox 1012 1376 1092 1443; x_wconf 69' lang='lat' dir='ltr'>esu]</span> <span class='ocrx_word' id='word_1_74' title='bbox 1113 1385 1172 1426; x_wconf 84' lang='lat' dir='ltr'>ante</span> <span class='ocrx_word' id='word_1_75' title='bbox 1204 1337 1206 1342; x_wconf 28' lang='grc' dir='ltr'>Ι</span> 
     </span>
     <span class='ocr_line' id='line_1_10' title="bbox 112 1444 789 1510; baseline 0.004 -19"><span class='ocrx_word' id='word_1_76' title='bbox 112 1444 169 1493; x_wconf 71' lang='lat' dir='ltr'>intell.</span> <span class='ocrx_word' id='word_1_77' title='bbox 185 1447 212 1506; x_wconf 89' lang='lat' dir='ltr'>C,</span> <span class='ocrx_word' id='word_1_78' title='bbox 228 1448 361 1510; x_wconf 78' lang='lat' dir='ltr'>utrobique</span> <span class='ocrx_word' id='word_1_79' title='bbox 378 1445 477 1495; x_wconf 81' lang='lat' dir='ltr'>LPMR</span> <span class='ocrx_word' id='word_1_80' title='bbox 530 1449 552 1495; x_wconf 83' lang='grc'>6.</span> <span class='ocrx_word' id='word_1_81' title='bbox 569 1446 744 1510; x_wconf 81' lang='lat' dir='ltr'>procreandum</span> <span class='ocrx_word' id='word_1_82' title='bbox 762 1447 789 1494; x_wconf 86' lang='lat' dir='ltr'>M</span> 
     </span>
    </p>
   </div>
   <div class='ocr_carea' id='block_1_4' title="bbox 111 1635 1176 3697">
    <p class='ocr_par' dir='ltr' id='par_1_4' title="bbox 112 1635 1173 1968">
     <span class='ocr_line' id='line_1_11' title="bbox 182 1635 1171 1712; baseline -0.001 -20"><span class='ocrx_word' id='word_1_83' title='bbox 182 1657 244 1710; x_wconf 78' lang='lat' dir='ltr'>quoe</span> <span class='ocrx_word' id='word_1_84' title='bbox 265 1657 316 1693; x_wconf 84' lang='lat' dir='ltr'>nou</span> <span class='ocrx_word' id='word_1_85' title='bbox 338 1647 378 1693; x_wconf 81' lang='lat' dir='ltr'>eal</span> <span class='ocrx_word' id='word_1_86' title='bbox 399 1641 522 1709; x_wconf 76' lang='lat' dir='ltr'>veritum)</span> <span class='ocrx_word' id='word_1_87' title='bbox 544 1638 697 1694; x_wconf 80' lang='lat' dir='ltr'>Rariorem</span> <span class='ocrx_word' id='word_1_88' title='bbox 721 1647 751 1694; x_wconf 90' lang='lat' dir='ltr'>et</span> <span class='ocrx_word' id='word_1_89' title='bbox 772 1637 923 1712; x_wconf 86' lang='lat' dir='ltr'>antiquam</span> <span class='ocrx_word' id='word_1_90' title='bbox 946 1637 1070 1694; x_wconf 82' lang='lat' dir='ltr'>formam</span> <span class='ocrx_word' id='word_1_91' title='bbox 1088 1635 1171 1692; x_wconf 84' lang='lat' dir='ltr'>verbi</span> 
     </span>
     <span class='ocr_line' id='line_1_12' title="bbox 112 1719 1171 1798; baseline 0.004 -24"><span class='ocrx_word' id='word_1_92' title='bbox 112 1719 296 1796; x_wconf 85' lang='lat' dir='ltr'>impersonalis</span> <span class='ocrx_word' id='word_1_93' title='bbox 318 1722 431 1797; x_wconf 87' lang='lat' dir='ltr'>passivi</span> <span class='ocrx_word' id='word_1_94' title='bbox 454 1741 491 1779; x_wconf 89' lang='lat' dir='ltr'>ex</span> <span class='ocrx_word' id='word_1_95' title='bbox 515 1723 616 1779; x_wconf 87' lang='lat' dir='ltr'>eodem</span> <span class='ocrx_word' id='word_1_96' title='bbox 640 1741 761 1798; x_wconf 68' lang='lat' dir='ltr'>genere,</span> <span class='ocrx_word' id='word_1_97' title='bbox 791 1741 850 1796; x_wconf 93' lang='lat' dir='ltr'>quo</span> <span class='ocrx_word' id='word_1_98' title='bbox 868 1725 995 1797; x_wconf 82' lang='lat' dir='ltr'>puditum</span> <span class='ocrx_word' id='word_1_99' title='bbox 1017 1733 1069 1784; x_wconf 78' lang='lat' dir='ltr'>est.</span> <span class='ocrx_word' id='word_1_100' title='bbox 1099 1723 1171 1796; x_wconf 75' lang='lat' dir='ltr'>pipi-</span> 
     </span>
     <span class='ocr_line' id='line_1_13' title="bbox 113 1806 1173 1883; baseline 0.005 -24"><span class='ocrx_word' id='word_1_101' title='bbox 113 1815 165 1868; x_wconf 75' lang='lat' dir='ltr'>tom.</span> <span class='ocrx_word' id='word_1_102' title='bbox 185 1811 325 1866; x_wconf 60' lang='lat' dir='ltr'>maceretur.</span> <span class='ocrx_word' id='word_1_103' title='bbox 342 1807 496 1865; x_wconf 75' lang='lat' dir='ltr'>annotavit</span> <span class='ocrx_word' id='word_1_104' title='bbox 507 1806 633 1866; x_wconf 76' lang='lat' dir='ltr'>Gellius.</span> <span class='ocrx_word' id='word_1_105' title='bbox 661 1810 802 1865; x_wconf 83' lang='lat' dir='ltr'>Veterum</span> <span class='ocrx_word' id='word_1_106' title='bbox 816 1815 968 1883; x_wconf 77' lang='lat' dir='ltr'>poetarum</span> <span class='ocrx_word' id='word_1_107' title='bbox 987 1817 1016 1864; x_wconf 90' lang='lat' dir='ltr'>et</span> <span class='ocrx_word' id='word_1_108' title='bbox 1027 1806 1173 1865; x_wconf 80' lang='lat' dir='ltr'>Varronis</span> 
     </span>
     <span class='ocr_line' id='line_1_14' title="bbox 113 1892 625 1968; baseline 0.006 -23"><span class='ocrx_word' id='word_1_109' title='bbox 113 1892 231 1966; x_wconf 85' lang='lat' dir='ltr'>exempla</span> <span class='ocrx_word' id='word_1_110' title='bbox 251 1893 368 1950; x_wconf 89' lang='lat' dir='ltr'>Nonius</span> <span class='ocrx_word' id='word_1_111' title='bbox 391 1893 480 1948; x_wconf 86' lang='lat' dir='ltr'>hebet</span> <span class='ocrx_word' id='word_1_112' title='bbox 502 1913 530 1968; x_wconf 89' lang='lat' dir='ltr'>p.</span> <span class='ocrx_word' id='word_1_113' title='bbox 554 1893 625 1949; x_wconf 79' lang='lat'>496.</span> 
     </span>
    </p>

    <p class='ocr_par' dir='ltr' id='par_1_5' title="bbox 184 1973 1017 2053">
     <span class='ocr_line' id='line_1_15' title="bbox 184 1973 1017 2053; baseline -0.001 -20"><span class='ocrx_word' id='word_1_114' title='bbox 184 1978 229 2033; x_wconf 81' lang='lat' dir='ltr'>to.</span> <span class='ocrx_word' id='word_1_115' title='bbox 261 1979 300 2034; x_wconf 81' lang='lat' dir='ltr'>ad</span> <span class='ocrx_word' id='word_1_116' title='bbox 321 1978 444 2053; x_wconf 81' lang='lat' dir='ltr'>cursum)</span> <span class='ocrx_word' id='word_1_117' title='bbox 466 1973 517 2048; x_wconf 71' lang='grc' dir='ltr'>Εξ,</span> <span class='ocrx_word' id='word_1_118' title='bbox 541 1977 619 2036; x_wconf 92' lang='lat' dir='ltr'>Gud.</span> <span class='ocrx_word' id='word_1_119' title='bbox 647 1983 672 2048; x_wconf 83' lang='lat' dir='ltr'>l,</span> <span class='ocrx_word' id='word_1_120' title='bbox 696 1978 765 2034; x_wconf 88' lang='lat' dir='ltr'>Bes.</span> <span class='ocrx_word' id='word_1_121' title='bbox 788 1979 826 2033; x_wconf 82' lang='lat' dir='ltr'>rui</span> <span class='ocrx_word' id='word_1_122' title='bbox 847 1979 1017 2035; x_wconf 75' lang='lat' dir='ltr'>currendam.</span> 
     </span>
    </p>

    <p class='ocr_par' dir='ltr' id='par_1_6' title="bbox 111 2059 1176 3674">
     <span class='ocr_line' id='line_1_16' title="bbox 147 2059 1173 2141; baseline -0.004 -21"><span class='ocrx_word' id='word_1_123' title='bbox 147 2109 152 2120; x_wconf 95' lang='lat'>.</span> <span class='ocrx_word' id='word_1_124' title='bbox 182 2064 218 2118; x_wconf 79' lang='lat' dir='ltr'>od</span> <span class='ocrx_word' id='word_1_125' title='bbox 237 2065 436 2135; x_wconf 77' lang='lat' dir='ltr'>intelteqenclum</span> <span class='ocrx_word' id='word_1_126' title='bbox 459 2073 483 2120; x_wconf 82' lang='lat' dir='ltr'>et</span> <span class='ocrx_word' id='word_1_127' title='bbox 509 2065 548 2119; x_wconf 76' lang='lat' dir='ltr'>(ul</span> <span class='ocrx_word' id='word_1_128' title='bbox 569 2059 715 2141; x_wconf 70' lang='lat' dir='ltr'>uqenllum)</span> <span class='ocrx_word' id='word_1_129' title='bbox 759 2063 839 2119; x_wconf 78' lang='lat' dir='ltr'>Ante</span> <span class='ocrx_word' id='word_1_130' title='bbox 866 2063 1035 2120; x_wconf 88' lang='lat' dir='ltr'>Ernestium</span> <span class='ocrx_word' id='word_1_131' title='bbox 1066 2061 1173 2118; x_wconf 89' lang='lat' dir='ltr'>edeba-</span> 
     </span>
     <span class='ocr_line' id='line_1_17' title="bbox 112 2145 1173 2221; baseline 0.004 -22"><span class='ocrx_word' id='word_1_132' title='bbox 112 2157 164 2216; x_wconf 74' lang='lat' dir='ltr'>tur,</span> <span class='ocrx_word' id='word_1_133' title='bbox 194 2145 319 2205; x_wconf 87' lang='lat' dir='ltr'>Grutero</span> <span class='ocrx_word' id='word_1_134' title='bbox 348 2157 478 2216; x_wconf 74' lang='lat' dir='ltr'>tacente,</span> <span class='ocrx_word' id='word_1_135' title='bbox 513 2149 711 2221; x_wconf 78' lang='lat' dir='ltr'>r&#39;nlelleqeudum</span> <span class='ocrx_word' id='word_1_136' title='bbox 739 2157 764 2204; x_wconf 84' lang='lat' dir='ltr'>et</span> <span class='ocrx_word' id='word_1_137' title='bbox 785 2149 927 2220; x_wconf 71' lang='lat' dir='ltr'>sporadum,</span> <span class='ocrx_word' id='word_1_138' title='bbox 961 2147 1071 2204; x_wconf 87' lang='lat' dir='ltr'>omissa</span> <span class='ocrx_word' id='word_1_139' title='bbox 1093 2154 1173 2204; x_wconf 88' lang='lat' dir='ltr'>utra·</span> 
     </span>
     <span class='ocr_line' id='line_1_18' title="bbox 112 2233 1173 2308; baseline 0.003 -22"><span class='ocrx_word' id='word_1_140' title='bbox 112 2247 160 2302; x_wconf 88' lang='lat' dir='ltr'>que</span> <span class='ocrx_word' id='word_1_141' title='bbox 193 2233 421 2308; x_wconf 76' lang='lat' dir='ltr'>praepositione,</span> <span class='ocrx_word' id='word_1_142' title='bbox 456 2234 513 2290; x_wconf 87' lang='lat' dir='ltr'>nisi</span> <span class='ocrx_word' id='word_1_143' title='bbox 547 2233 625 2308; x_wconf 87' lang='lat' dir='ltr'>quod</span> <span class='ocrx_word' id='word_1_144' title='bbox 658 2233 816 2308; x_wconf 80' lang='lat' dir='ltr'>pleraeque</span> <span class='ocrx_word' id='word_1_145' title='bbox 854 2241 969 2290; x_wconf 86' lang='lat' dir='ltr'>veteres</span> <span class='ocrx_word' id='word_1_146' title='bbox 1005 2233 1069 2290; x_wconf 82' lang='lat' dir='ltr'>edd</span> <span class='ocrx_word' id='word_1_147' title='bbox 1103 2241 1173 2289; x_wconf 86' lang='lat' dir='ltr'>ante</span> 
     </span>
     <span class='ocr_line' id='line_1_19' title="bbox 111 2313 1172 2394; baseline 0.002 -22"><span class='ocrx_word' id='word_1_148' title='bbox 111 2313 288 2374; x_wconf 84' lang='lat' dir='ltr'>Cratandrum</span> <span class='ocrx_word' id='word_1_149' title='bbox 328 2319 422 2375; x_wconf 87' lang='lat' dir='ltr'>altero</span> <span class='ocrx_word' id='word_1_150' title='bbox 456 2319 521 2376; x_wconf 92' lang='lat' dir='ltr'>loco</span> <span class='ocrx_word' id='word_1_151' title='bbox 554 2318 803 2394; x_wconf 80' lang='lat' dir='ltr'>praepositionem</span> <span class='ocrx_word' id='word_1_152' title='bbox 836 2318 957 2388; x_wconf 74' lang='lat' dir='ltr'>addunt,</span> <span class='ocrx_word' id='word_1_153' title='bbox 991 2317 1172 2375; x_wconf 85' lang='lat' dir='ltr'>Davisiuse</span> 
     </span>
     <span class='ocr_line' id='line_1_20' title="bbox 111 2399 1173 2479; baseline 0.005 -24"><span class='ocrx_word' id='word_1_154' title='bbox 111 2399 170 2456; x_wconf 88' lang='lat' dir='ltr'>Par.</span> <span class='ocrx_word' id='word_1_155' title='bbox 198 2405 209 2458; x_wconf 95' lang='lat' dir='ltr'>l</span> <span class='ocrx_word' id='word_1_156' title='bbox 237 2403 345 2478; x_wconf 87' lang='lat' dir='ltr'>priore.</span> <span class='ocrx_word' id='word_1_157' title='bbox 396 2401 488 2461; x_wconf 82' lang='lat' dir='ltr'>Gaius</span> <span class='ocrx_word' id='word_1_158' title='bbox 515 2405 614 2479; x_wconf 86' lang='lat' dir='ltr'>priore</span> <span class='ocrx_word' id='word_1_159' title='bbox 642 2403 708 2460; x_wconf 88' lang='lat' dir='ltr'>loco</span> <span class='ocrx_word' id='word_1_160' title='bbox 735 2404 983 2479; x_wconf 85' lang='lat' dir='ltr'>praepositionem</span> <span class='ocrx_word' id='word_1_161' title='bbox 1011 2403 1042 2460; x_wconf 89' lang='lat' dir='ltr'>iu</span> <span class='ocrx_word' id='word_1_162' title='bbox 1070 2403 1173 2479; x_wconf 85' lang='lat' dir='ltr'>paucis</span> 
     </span>
     <span class='ocr_line' id='line_1_21' title="bbox 111 2486 1173 2566; baseline 0.004 -26"><span class='ocrx_word' id='word_1_163' title='bbox 111 2486 186 2543; x_wconf 89' lang='lat' dir='ltr'>modo</span> <span class='ocrx_word' id='word_1_164' title='bbox 206 2487 354 2546; x_wconf 83' lang='lat' dir='ltr'>codicibus</span> <span class='ocrx_word' id='word_1_165' title='bbox 376 2489 444 2564; x_wconf 72' lang='lat' dir='ltr'>legi,</span> <span class='ocrx_word' id='word_1_166' title='bbox 473 2489 635 2564; x_wconf 85' lang='lat' dir='ltr'>posteriore</span> <span class='ocrx_word' id='word_1_167' title='bbox 658 2489 687 2545; x_wconf 92' lang='lat' dir='ltr'>in</span> <span class='ocrx_word' id='word_1_168' title='bbox 710 2489 792 2546; x_wconf 90' lang='lat' dir='ltr'>nullo</span> <span class='ocrx_word' id='word_1_169' title='bbox 815 2489 913 2546; x_wconf 85' lang='lat' dir='ltr'>tradit.</span> <span class='ocrx_word' id='word_1_170' title='bbox 947 2487 1173 2566; x_wconf 84' lang='lat' dir='ltr'>[ButAetEh</span> 
     </span>
     <span class='ocr_line' id='line_1_22' title="bbox 112 2571 1174 2652; baseline 0.006 -28"><span class='ocrx_word' id='word_1_171' title='bbox 112 2572 144 2626; x_wconf 82' lang='lat' dir='ltr'>ml</span> <span class='ocrx_word' id='word_1_172' title='bbox 157 2575 228 2628; x_wconf 84' lang='lat' dir='ltr'>intell.</span> <span class='ocrx_word' id='word_1_173' title='bbox 250 2584 274 2630; x_wconf 85' lang='lat' dir='ltr'>el</span> <span class='ocrx_word' id='word_1_174' title='bbox 294 2571 408 2651; x_wconf 69' lang='lat' dir='ltr'>spond]</span> <span class='ocrx_word' id='word_1_175' title='bbox 462 2575 631 2648; x_wconf 82' lang='lat' dir='ltr'>Numquam</span> <span class='ocrx_word' id='word_1_176' title='bbox 654 2575 731 2650; x_wconf 90' lang='lat' dir='ltr'>apud</span> <span class='ocrx_word' id='word_1_177' title='bbox 755 2573 927 2632; x_wconf 75' lang='lat' dir='ltr'>Ciceronem</span> <span class='ocrx_word' id='word_1_178' title='bbox 951 2571 1023 2652; x_wconf 88' lang='lat' dir='ltr'>(nisi</span> <span class='ocrx_word' id='word_1_179' title='bbox 1037 2571 1174 2631; x_wconf 82' lang='lat' dir='ltr'>forlehio</span> 
     </span>
     <span class='ocr_line' id='line_1_23' title="bbox 112 2655 1174 2738; baseline 0.004 -28"><span class='ocrx_word' id='word_1_180' title='bbox 112 2655 133 2724; x_wconf 84' lang='lat'>1,</span> <span class='ocrx_word' id='word_1_181' title='bbox 154 2657 196 2726; x_wconf 75' lang='lat'>36,</span> <span class='ocrx_word' id='word_1_182' title='bbox 217 2659 265 2715; x_wconf 90' lang='lat' dir='ltr'>ubi</span> <span class='ocrx_word' id='word_1_183' title='bbox 288 2669 387 2715; x_wconf 86' lang='lat' dir='ltr'>tamen</span> <span class='ocrx_word' id='word_1_184' title='bbox 411 2659 558 2716; x_wconf 80' lang='lat' dir='ltr'>ablativus</span> <span class='ocrx_word' id='word_1_185' title='bbox 572 2679 625 2735; x_wconf 83' lang='lat' dir='ltr'>per</span> <span class='ocrx_word' id='word_1_186' title='bbox 642 2677 673 2716; x_wconf 89' lang='lat' dir='ltr'>se</span> <span class='ocrx_word' id='word_1_187' title='bbox 691 2659 760 2735; x_wconf 90' lang='lat' dir='ltr'>poni</span> <span class='ocrx_word' id='word_1_188' title='bbox 778 2656 910 2738; x_wconf 89' lang='lat' dir='ltr'>poterat)</span> <span class='ocrx_word' id='word_1_189' title='bbox 933 2659 1107 2736; x_wconf 88' lang='lat' dir='ltr'>gerundium</span> <span class='ocrx_word' id='word_1_190' title='bbox 1132 2659 1174 2715; x_wconf 88' lang='lat' dir='ltr'>sic</span> 
     </span>
     <span class='ocr_line' id='line_1_24' title="bbox 113 2741 1175 2820; baseline 0.008 -26"><span class='ocrx_word' id='word_1_191' title='bbox 113 2741 277 2801; x_wconf 80' lang='lat' dir='ltr'>substantivo</span> <span class='ocrx_word' id='word_1_192' title='bbox 300 2763 318 2800; x_wconf 91' lang='lat' dir='ltr'>a</span> <span class='ocrx_word' id='word_1_193' title='bbox 334 2745 553 2820; x_wconf 81' lang='lat' dir='ltr'>praepositione</span> <span class='ocrx_word' id='word_1_194' title='bbox 576 2744 715 2820; x_wconf 89' lang='lat' dir='ltr'>pendenti</span> <span class='ocrx_word' id='word_1_195' title='bbox 731 2743 950 2820; x_wconf 87' lang='lat' dir='ltr'>praepositione</span> <span class='ocrx_word' id='word_1_196' title='bbox 967 2763 1026 2800; x_wconf 92' lang='lat' dir='ltr'>non</span> <span class='ocrx_word' id='word_1_197' title='bbox 1048 2745 1175 2819; x_wconf 84' lang='lat' dir='ltr'>repetita</span> 
     </span>
     <span class='ocr_line' id='line_1_25' title="bbox 112 2827 1174 2907; baseline 0.002 -23"><span class='ocrx_word' id='word_1_198' title='bbox 112 2829 265 2901; x_wconf 79' lang='lat' dir='ltr'>apponitur3</span> <span class='ocrx_word' id='word_1_199' title='bbox 277 2827 372 2907; x_wconf 90' lang='lat' dir='ltr'>[apud</span> <span class='ocrx_word' id='word_1_200' title='bbox 384 2830 501 2886; x_wconf 88' lang='lat' dir='ltr'>Livium</span> <span class='ocrx_word' id='word_1_201' title='bbox 513 2831 542 2886; x_wconf 90' lang='lat' dir='ltr'>id</span> <span class='ocrx_word' id='word_1_202' title='bbox 555 2831 587 2886; x_wconf 83' lang='lat' dir='ltr'>sn</span> <span class='ocrx_word' id='word_1_203' title='bbox 598 2831 688 2897; x_wconf 77' lang='lat' dir='ltr'>XXI,</span> <span class='ocrx_word' id='word_1_204' title='bbox 702 2833 730 2900; x_wconf 79' lang='lat' dir='ltr'>t,</span> <span class='ocrx_word' id='word_1_205' title='bbox 745 2831 772 2897; x_wconf 75' lang='lat'>3,</span> <span class='ocrx_word' id='word_1_206' title='bbox 790 2829 897 2900; x_wconf 82' lang='lat' dir='ltr'>XXII,</span> <span class='ocrx_word' id='word_1_207' title='bbox 908 2831 936 2900; x_wconf 76' lang='lat'>8,</span> <span class='ocrx_word' id='word_1_208' title='bbox 945 2831 973 2900; x_wconf 78' lang='lat'>5,</span> <span class='ocrx_word' id='word_1_209' title='bbox 986 2829 1064 2904; x_wconf 89' lang='lat' dir='ltr'>apud</span> <span class='ocrx_word' id='word_1_210' title='bbox 1076 2831 1174 2887; x_wconf 83' lang='lat' dir='ltr'>Hore-</span> 
     </span>
     <span class='ocr_line' id='line_1_26' title="bbox 111 2911 1174 2992; baseline 0.006 -26"><span class='ocrx_word' id='word_1_211' title='bbox 111 2911 173 2968; x_wconf 86' lang='lat' dir='ltr'>tium</span> <span class='ocrx_word' id='word_1_212' title='bbox 184 2913 234 2989; x_wconf 87' lang='lat' dir='ltr'>Ep.</span> <span class='ocrx_word' id='word_1_213' title='bbox 245 2917 286 2986; x_wconf 86' lang='lat' dir='ltr'>ll,</span> <span class='ocrx_word' id='word_1_214' title='bbox 302 2919 328 2986; x_wconf 75' lang='grc'>1,</span> <span class='ocrx_word' id='word_1_215' title='bbox 340 2912 408 2991; x_wconf 85' lang='grc'>19];</span> <span class='ocrx_word' id='word_1_216' title='bbox 421 2916 516 2972; x_wconf 88' lang='lat' dir='ltr'>necin</span> <span class='ocrx_word' id='word_1_217' title='bbox 528 2915 583 2972; x_wconf 87' lang='lat' dir='ltr'>hec</span> <span class='ocrx_word' id='word_1_218' title='bbox 595 2915 728 2992; x_wconf 85' lang='lat' dir='ltr'>diligenti</span> <span class='ocrx_word' id='word_1_219' title='bbox 740 2914 928 2972; x_wconf 84' lang='lat' dir='ltr'>distinctione</span> <span class='ocrx_word' id='word_1_220' title='bbox 941 2915 1063 2972; x_wconf 90' lang='lat' dir='ltr'>duarum</span> <span class='ocrx_word' id='word_1_221' title='bbox 1076 2935 1174 2972; x_wconf 90' lang='lat' dir='ltr'>rerum</span> 
     </span>
     <span class='ocr_line' id='line_1_27' title="bbox 113 2998 1176 3076; baseline 0.006 -25"><span class='ocrx_word' id='word_1_222' title='bbox 113 2998 188 3054; x_wconf 89' lang='lat' dir='ltr'>semel</span> <span class='ocrx_word' id='word_1_223' title='bbox 212 2999 391 3076; x_wconf 82' lang='lat' dir='ltr'>praepositio</span> <span class='ocrx_word' id='word_1_224' title='bbox 419 2999 490 3075; x_wconf 92' lang='lat' dir='ltr'>poni</span> <span class='ocrx_word' id='word_1_225' title='bbox 516 3001 648 3076; x_wconf 84' lang='lat' dir='ltr'>potuisse</span> <span class='ocrx_word' id='word_1_226' title='bbox 670 3001 795 3058; x_wconf 88' lang='lat' dir='ltr'>videtur.</span> <span class='ocrx_word' id='word_1_227' title='bbox 819 2999 898 3059; x_wconf 90' lang='lat' dir='ltr'>Gud.</span> <span class='ocrx_word' id='word_1_228' title='bbox 923 3003 940 3057; x_wconf 78' lang='lat'>2</span> <span class='ocrx_word' id='word_1_229' title='bbox 964 3002 1131 3073; x_wconf 77' lang='lat' dir='ltr'>intellependi</span> <span class='ocrx_word' id='word_1_230' title='bbox 1151 3009 1176 3057; x_wconf 85' lang='lat' dir='ltr'>et</span> 
     </span>
     <span class='ocr_line' id='line_1_28' title="bbox 112 3085 1176 3162; baseline 0.004 -24"><span class='ocrx_word' id='word_1_231' title='bbox 112 3085 201 3154; x_wconf 64' lang='lat' dir='ltr'>meldi.</span> <span class='ocrx_word' id='word_1_232' title='bbox 242 3086 310 3142; x_wconf 89' lang='lat' dir='ltr'>Non</span> <span class='ocrx_word' id='word_1_233' title='bbox 334 3095 433 3160; x_wconf 86' lang='lat' dir='ltr'>potest</span> <span class='ocrx_word' id='word_1_234' title='bbox 455 3086 511 3142; x_wconf 88' lang='lat' dir='ltr'>huc</span> <span class='ocrx_word' id='word_1_235' title='bbox 533 3086 670 3143; x_wconf 79' lang='lat' dir='ltr'>advocari</span> <span class='ocrx_word' id='word_1_236' title='bbox 690 3086 844 3162; x_wconf 84' lang='lat' dir='ltr'>genetivus</span> <span class='ocrx_word' id='word_1_237' title='bbox 865 3087 916 3143; x_wconf 91' lang='lat' dir='ltr'>ille</span> <span class='ocrx_word' id='word_1_238' title='bbox 939 3087 968 3143; x_wconf 93' lang='lat' dir='ltr'>in</span> <span class='ocrx_word' id='word_1_239' title='bbox 999 3085 1176 3160; x_wconf 82' lang='lat' dir='ltr'>explicando</span> 
     </span>
     <span class='ocr_line' id='line_1_29' title="bbox 113 3167 1175 3247; baseline 0.006 -25"><span class='ocrx_word' id='word_1_240' title='bbox 113 3180 136 3222; x_wconf 84' lang='lat' dir='ltr'>et</span> <span class='ocrx_word' id='word_1_241' title='bbox 156 3167 310 3228; x_wconf 83' lang='lat' dir='ltr'>definiendo</span> <span class='ocrx_word' id='word_1_242' title='bbox 333 3170 469 3240; x_wconf 69' lang='lat' dir='ltr'>usitatus,</span> <span class='ocrx_word' id='word_1_243' title='bbox 493 3171 528 3228; x_wconf 78' lang='lat' dir='ltr'>cle</span> <span class='ocrx_word' id='word_1_244' title='bbox 552 3190 610 3245; x_wconf 91' lang='lat' dir='ltr'>quo</span> <span class='ocrx_word' id='word_1_245' title='bbox 634 3171 696 3228; x_wconf 84' lang='lat' dir='ltr'>dixi</span> <span class='ocrx_word' id='word_1_246' title='bbox 718 3171 813 3247; x_wconf 87' lang='lat' dir='ltr'>Epist.</span> <span class='ocrx_word' id='word_1_247' title='bbox 837 3172 874 3228; x_wconf 84' lang='lat' dir='ltr'>ed</span> <span class='ocrx_word' id='word_1_248' title='bbox 897 3171 988 3230; x_wconf 89' lang='lat' dir='ltr'>Orell.</span> <span class='ocrx_word' id='word_1_249' title='bbox 1007 3189 1035 3246; x_wconf 91' lang='lat' dir='ltr'>p.</span> <span class='ocrx_word' id='word_1_250' title='bbox 1054 3171 1093 3228; x_wconf 83' lang='lat'>79</span> <span class='ocrx_word' id='word_1_251' title='bbox 1107 3169 1175 3246; x_wconf 91' lang='lat' dir='ltr'>(pro</span> 
     </span>
     <span class='ocr_line' id='line_1_30' title="bbox 113 3252 1175 3337; baseline 0.005 -29"><span class='ocrx_word' id='word_1_252' title='bbox 113 3252 200 3310; x_wconf 80' lang='lat' dir='ltr'>Plane.</span> <span class='ocrx_word' id='word_1_253' title='bbox 222 3256 274 3312; x_wconf 84' lang='lat'>30:</span> <span class='ocrx_word' id='word_1_254' title='bbox 303 3258 536 3328; x_wconf 72' lang='lat' dir='ltr'>norrlaullisrebus,</span> <span class='ocrx_word' id='word_1_255' title='bbox 557 3261 662 3331; x_wconf 69' lang='lat' dir='ltr'>pencris</span> <span class='ocrx_word' id='word_1_256' title='bbox 684 3259 744 3314; x_wconf 75' lang='lat' dir='ltr'>(lico</span> <span class='ocrx_word' id='word_1_257' title='bbox 771 3268 795 3313; x_wconf 88' lang='lat' dir='ltr'>et</span> <span class='ocrx_word' id='word_1_258' title='bbox 823 3253 957 3337; x_wconf 68' lang='lat' dir='ltr'>noluistis).</span> <span class='ocrx_word' id='word_1_259' title='bbox 1002 3257 1175 3314; x_wconf 83' lang='lat' dir='ltr'>Aristotelis</span> 
     </span>
     <span class='ocr_line' id='line_1_31' title="bbox 113 3338 1176 3418; baseline 0.007 -26"><span class='ocrx_word' id='word_1_260' title='bbox 113 3338 137 3392; x_wconf 92' lang='lat' dir='ltr'>in</span> <span class='ocrx_word' id='word_1_261' title='bbox 157 3339 196 3409; x_wconf 79' lang='lat' dir='ltr'>iis,</span> <span class='ocrx_word' id='word_1_262' title='bbox 218 3359 292 3415; x_wconf 88' lang='lat' dir='ltr'>quae</span> <span class='ocrx_word' id='word_1_263' title='bbox 316 3349 428 3410; x_wconf 65' lang='lat' dir='ltr'>extant,</span> <span class='ocrx_word' id='word_1_264' title='bbox 452 3342 569 3418; x_wconf 87' lang='lat' dir='ltr'>scriptis</span> <span class='ocrx_word' id='word_1_265' title='bbox 592 3343 690 3400; x_wconf 87' lang='lat' dir='ltr'>nullus</span> <span class='ocrx_word' id='word_1_266' title='bbox 713 3353 758 3400; x_wconf 86' lang='lat' dir='ltr'>est</span> <span class='ocrx_word' id='word_1_267' title='bbox 780 3342 871 3409; x_wconf 81' lang='lat' dir='ltr'>loeus,</span> <span class='ocrx_word' id='word_1_268' title='bbox 895 3343 945 3399; x_wconf 91' lang='lat' dir='ltr'>ubi</span> <span class='ocrx_word' id='word_1_269' title='bbox 961 3341 1008 3398; x_wconf 87' lang='lat' dir='ltr'>his</span> <span class='ocrx_word' id='word_1_270' title='bbox 1025 3341 1098 3417; x_wconf 89' lang='lat' dir='ltr'>ipsis</span> <span class='ocrx_word' id='word_1_271' title='bbox 1109 3361 1176 3399; x_wconf 87' lang='lat' dir='ltr'>ver·</span> 
     </span>
     <span class='ocr_line' id='line_1_32' title="bbox 113 3423 1175 3502; baseline 0.005 -23"><span class='ocrx_word' id='word_1_272' title='bbox 113 3423 151 3479; x_wconf 86' lang='lat' dir='ltr'>bis</span> <span class='ocrx_word' id='word_1_273' title='bbox 169 3437 276 3498; x_wconf 82' lang='lat' dir='ltr'>utatur,</span> <span class='ocrx_word' id='word_1_274' title='bbox 311 3427 367 3483; x_wconf 86' lang='lat' dir='ltr'>etsi</span> <span class='ocrx_word' id='word_1_275' title='bbox 395 3445 443 3483; x_wconf 85' lang='lat' dir='ltr'>res</span> <span class='ocrx_word' id='word_1_276' title='bbox 475 3428 564 3502; x_wconf 83' lang='lat' dir='ltr'>plene</span> <span class='ocrx_word' id='word_1_277' title='bbox 598 3427 737 3486; x_wconf 82' lang='lat' dir='ltr'>convenit</span> <span class='ocrx_word' id='word_1_278' title='bbox 764 3445 829 3485; x_wconf 90' lang='lat' dir='ltr'>cum</span> <span class='ocrx_word' id='word_1_279' title='bbox 863 3428 979 3502; x_wconf 88' lang='lat' dir='ltr'>reliqua</span> <span class='ocrx_word' id='word_1_280' title='bbox 1001 3427 1175 3485; x_wconf 81' lang='lat' dir='ltr'>Aristotelis</span> 
     </span>
     <span class='ocr_line' id='line_1_33' title="bbox 112 3507 1175 3589; baseline 0.007 -26"><span class='ocrx_word' id='word_1_281' title='bbox 112 3507 228 3568; x_wconf 86' lang='lat' dir='ltr'>doctrina</span> <span class='ocrx_word' id='word_1_282' title='bbox 249 3522 279 3570; x_wconf 87' lang='lat' dir='ltr'>et</span> <span class='ocrx_word' id='word_1_283' title='bbox 300 3513 447 3570; x_wconf 88' lang='lat' dir='ltr'>divisione</span> <span class='ocrx_word' id='word_1_284' title='bbox 469 3513 597 3581; x_wconf 82' lang='lat' dir='ltr'>virtutis</span> <span class='ocrx_word' id='word_1_285' title='bbox 621 3533 696 3588; x_wconf 87' lang='lat' dir='ltr'>quae</span> <span class='ocrx_word' id='word_1_286' title='bbox 719 3513 826 3588; x_wconf 90' lang='lat' dir='ltr'>partim</span> <span class='ocrx_word' id='word_1_287' title='bbox 848 3513 878 3570; x_wconf 92' lang='lat' dir='ltr'>in</span> <span class='ocrx_word' id='word_1_288' title='bbox 902 3513 1084 3583; x_wconf 64' lang='lat' dir='ltr'>scientiasit,</span> <span class='ocrx_word' id='word_1_289' title='bbox 1107 3532 1175 3589; x_wconf 84' lang='lat' dir='ltr'>par·</span> 
     </span>
     <span class='ocr_line' id='line_1_34' title="bbox 112 3594 1175 3697; baseline 0.008 -49"><span class='ocrx_word' id='word_1_290' title='bbox 112 3594 155 3650; x_wconf 80' lang='lat' dir='ltr'>tim</span> <span class='ocrx_word' id='word_1_291' title='bbox 176 3597 201 3652; x_wconf 89' lang='lat' dir='ltr'>iu</span> <span class='ocrx_word' id='word_1_292' title='bbox 223 3597 345 3674; x_wconf 86' lang='lat' dir='ltr'>agendo.</span> <span class='ocrx_word' id='word_1_293' title='bbox 391 3597 460 3653; x_wconf 83' lang='lat' dir='ltr'>vid.</span> <span class='ocrx_word' id='word_1_294' title='bbox 482 3599 590 3658; x_wconf 82' lang='lat' dir='ltr'>Rittem&#39;</span> <span class='ocrx_word' id='word_1_295' title='bbox 613 3597 1175 3697; x_wconf 74' lang='lat' dir='ltr'>Hiscrhilos.v01.111p.30‘&gt;sqq‚</span> 
     </span>
    </p>
   </div>
   <div class='ocr_carea' id='block_1_5' title="bbox 99 3672 1177 4014">
    <p class='ocr_par' dir='ltr' id='par_1_7' title="bbox 99 3672 1176 3934">
     <span class='ocr_line' id='line_1_35' title="bbox 99 3672 1175 3776; baseline 0.006 -42"><span class='ocrx_word' id='word_1_296' title='bbox 99 3677 187 3736; x_wconf 66' lang='lat' dir='ltr'>ceos</span> <span class='ocrx_word' id='word_1_297' title='bbox 176 3701 242 3756; x_wconf 77' lang='lat' dir='ltr'>sqq,</span> <span class='ocrx_word' id='word_1_298' title='bbox 265 3683 395 3748; x_wconf 80' lang='lat' dir='ltr'>infraV</span> <span class='ocrx_word' id='word_1_299' title='bbox 409 3682 458 3739; x_wconf 82' lang='lat'>36.</span> <span class='ocrx_word' id='word_1_300' title='bbox 482 3675 681 3760; x_wconf 72' lang='grc' dir='ltr'><strong><em>(Ἀναγκαῖον</em></strong></span> <span class='ocrx_word' id='word_1_301' title='bbox 703 3673 755 3740; x_wconf 79' lang='grc' dir='ltr'>τὸν</span> <span class='ocrx_word' id='word_1_302' title='bbox 776 3677 887 3740; x_wconf 60' lang='grc' dir='ltr'>τέλειον</span> <span class='ocrx_word' id='word_1_303' title='bbox 907 3672 1005 3776; x_wconf 74' lang='grc' dir='ltr'><strong><em>ανδρα</em></strong></span> <span class='ocrx_word' id='word_1_304' title='bbox 1028 3673 1077 3740; x_wconf 76' lang='grc' dir='ltr'>καὶ</span> <span class='ocrx_word' id='word_1_305' title='bbox 1100 3685 1175 3740; x_wconf 81' lang='grc' dir='ltr'><em>θεω-</em></span> 
     </span>
     <span class='ocr_line' id='line_1_36' title="bbox 111 3753 1176 3841; baseline 0.004 -21"><span class='ocrx_word' id='word_1_306' title='bbox 111 3757 214 3836; x_wconf 66' lang='grc' dir='ltr'>ρητικὸν</span> <span class='ocrx_word' id='word_1_307' title='bbox 240 3761 313 3824; x_wconf 73' lang='grc' dir='ltr'><strong><em>εἶναι</em></strong></span> <span class='ocrx_word' id='word_1_308' title='bbox 341 3764 402 3824; x_wconf 70' lang='grc' dir='ltr'>τῶν</span> <span class='ocrx_word' id='word_1_309' title='bbox 425 3755 517 3826; x_wconf 71' lang='grc' dir='ltr'><em>ὄντων</em></span> <span class='ocrx_word' id='word_1_310' title='bbox 539 3761 587 3827; x_wconf 78' lang='grc' dir='ltr'>καὶ</span> <span class='ocrx_word' id='word_1_311' title='bbox 610 3757 760 3841; x_wconf 72' lang='grc' dir='ltr'><strong><em>ποιητικὸν</em></strong></span> <span class='ocrx_word' id='word_1_312' title='bbox 782 3765 840 3824; x_wconf 69' lang='grc' dir='ltr'>τῶν</span> <span class='ocrx_word' id='word_1_313' title='bbox 863 3753 1007 3840; x_wconf 74' lang='grc' dir='ltr'>δεόντων,</span> <span class='ocrx_word' id='word_1_314' title='bbox 1036 3769 1116 3826; x_wconf 83' lang='lat' dir='ltr'>Plut.</span> <span class='ocrx_word' id='word_1_315' title='bbox 1139 3768 1176 3825; x_wconf 88' lang='lat' dir='ltr'>de</span> 
     </span>
     <span class='ocr_line' id='line_1_37' title="bbox 110 3847 1176 3934; baseline 0.006 -30"><span class='ocrx_word' id='word_1_316' title='bbox 110 3847 175 3922; x_wconf 84' lang='lat' dir='ltr'>plee</span> <span class='ocrx_word' id='word_1_317' title='bbox 186 3852 286 3926; x_wconf 89' lang='lat' dir='ltr'>philos.</span> <span class='ocrx_word' id='word_1_318' title='bbox 309 3853 335 3922; x_wconf 83' lang='grc' dir='ltr'>Ι,</span> <span class='ocrx_word' id='word_1_319' title='bbox 352 3853 410 3928; x_wconf 92' lang='lat' dir='ltr'>lp.</span> <span class='ocrx_word' id='word_1_320' title='bbox 424 3854 485 3910; x_wconf 84' lang='grc'>874</span> <span class='ocrx_word' id='word_1_321' title='bbox 497 3855 522 3911; x_wconf 87' lang='lat' dir='ltr'>F</span> <span class='ocrx_word' id='word_1_322' title='bbox 534 3873 550 3912; x_wconf 91' lang='lat' dir='ltr'>e</span> <span class='ocrx_word' id='word_1_323' title='bbox 562 3861 678 3912; x_wconf 86' lang='lat' dir='ltr'>sentent</span> <span class='ocrx_word' id='word_1_324' title='bbox 667 3853 887 3911; x_wconf 88' lang='lat' dir='ltr'>tiaAristotelis</span> <span class='ocrx_word' id='word_1_325' title='bbox 910 3863 940 3910; x_wconf 88' lang='lat' dir='ltr'>et</span> <span class='ocrx_word' id='word_1_326' title='bbox 952 3848 1176 3934; x_wconf 87' lang='lat' dir='ltr'>Theophrasti.)</span> 
     </span>
    </p>

    <p class='ocr_par' dir='ltr' id='par_1_8' title="bbox 184 3939 1177 4014">
     <span class='ocr_line' id='line_1_38' title="bbox 184 3939 1177 4014; baseline 0.004 -22"><span class='ocrx_word' id='word_1_327' title='bbox 184 3943 261 4011; x_wconf 78' lang='lat' dir='ltr'>quasi</span> <span class='ocrx_word' id='word_1_328' title='bbox 281 3939 420 3995; x_wconf 76' lang='lat' dir='ltr'>nrortnlem</span> <span class='ocrx_word' id='word_1_329' title='bbox 442 3939 534 4014; x_wconf 66' lang='lat' dir='ltr'>alerem)</span> <span class='ocrx_word' id='word_1_330' title='bbox 563 3941 625 3997; x_wconf 84' lang='lat' dir='ltr'>Vix</span> <span class='ocrx_word' id='word_1_331' title='bbox 648 3949 747 4013; x_wconf 89' lang='lat' dir='ltr'>putem</span> <span class='ocrx_word' id='word_1_332' title='bbox 772 3939 940 3998; x_wconf 80' lang='lat' dir='ltr'>Ciceroni&#39;</span> <span class='ocrx_word' id='word_1_333' title='bbox 932 3957 961 3996; x_wconf 85' lang='lat' dir='ltr'>rn</span> <span class='ocrx_word' id='word_1_334' title='bbox 985 3939 1074 3996; x_wconf 84' lang='lat' dir='ltr'>obvia</span> <span class='ocrx_word' id='word_1_335' title='bbox 1097 3957 1177 3996; x_wconf 91' lang='lat' dir='ltr'>com-</span> 
     </span>
    </p>
   </div>
   <div class='ocr_carea' id='block_1_6' title="bbox 110 4023 1176 4100">
    <p class='ocr_par' dir='ltr' id='par_1_9' title="bbox 110 4023 1176 4100">
     <span class='ocr_line' id='line_1_39' title="bbox 110 4023 1176 4100; baseline 0.006 -24"><span class='ocrx_word' id='word_1_336' title='bbox 110 4023 247 4092; x_wconf 86' lang='lat' dir='ltr'>paratione</span> <span class='ocrx_word' id='word_1_337' title='bbox 270 4025 458 4081; x_wconf 80' lang='lat' dir='ltr'>obversatam</span> <span class='ocrx_word' id='word_1_338' title='bbox 482 4043 559 4094; x_wconf 90' lang='lat' dir='ltr'>esse</span> <span class='ocrx_word' id='word_1_339' title='bbox 594 4025 673 4100; x_wconf 92' lang='lat' dir='ltr'>quod</span> <span class='ocrx_word' id='word_1_340' title='bbox 703 4024 844 4082; x_wconf 80' lang='lat' dir='ltr'>Davisius</span> <span class='ocrx_word' id='word_1_341' title='bbox 877 4025 985 4093; x_wconf 88' lang='lat' dir='ltr'>eredit</span> <span class='ocrx_word' id='word_1_342' title='bbox 1020 4025 1176 4083; x_wconf 87' lang='lat' dir='ltr'>obscuram</span> 
     </span>
    </p>
   </div>
   <div class='ocr_carea' id='block_1_7' title="bbox 110 4097 1176 4250">
    <p class='ocr_par' dir='ltr' id='par_1_10' title="bbox 110 4097 1176 4250">
     <span class='ocr_line' id='line_1_40' title="bbox 110 4097 1176 4244; baseline 0.004 -84"><span class='ocrx_word' id='word_1_343' title='bbox 110 4103 239 4244; x_wconf 56' lang='grc' dir='ltr'>Ηέηοίἱτὶ</span> <span class='ocrx_word' id='word_1_344' title='bbox 263 4110 454 4166; x_wconf 84' lang='lat' dir='ltr'>sententiam:</span> <span class='ocrx_word' id='word_1_345' title='bbox 470 4097 649 4182; x_wconf 75' lang='lat' dir='ltr'>Aetlpmuor</span> <span class='ocrx_word' id='word_1_346' title='bbox 673 4098 741 4165; x_wconf 75' lang='grc' dir='ltr'><strong><em>θεοὶ</em></strong></span> <span class='ocrx_word' id='word_1_347' title='bbox 765 4099 871 4183; x_wconf 73' lang='grc' dir='ltr'><strong><em>θνητοὶ</em></strong></span> <span class='ocrx_word' id='word_1_348' title='bbox 900 4100 968 4166; x_wconf 78' lang='lat' dir='ltr'>deci</span> <span class='ocrx_word' id='word_1_349' title='bbox 991 4097 1176 4184; x_wconf 74' lang='lat' dir='ltr'>r’oindpmrroa</span> 
     </span>
     <span class='ocr_line' id='line_1_41' title="bbox 110 4207 257 4250; baseline 0.051 -8"><span class='ocrx_word' id='word_1_350' title='bbox 110 4207 126 4242; x_wconf 82' lang='lat' dir='ltr'>a</span> <span class='ocrx_word' id='word_1_351' title='bbox 148 4211 257 4250; x_wconf 70' lang='grc' dir='ltr'><strong>ανατοι.</strong></span> 
     </span>
    </p>
   </div>
   <div class='ocr_carea' id='block_1_8' title="bbox 185 4275 1196 4358">
    <p class='ocr_par' dir='ltr' id='par_1_11' title="bbox 185 4275 1196 4358">
     <span class='ocr_line' id='line_1_42' title="bbox 185 4275 1196 4358; baseline 0.003 -25"><span class='ocrx_word' id='word_1_352' title='bbox 185 4279 229 4335; x_wconf 82' lang='lat' dir='ltr'>doc</span> <span class='ocrx_word' id='word_1_353' title='bbox 250 4279 383 4358; x_wconf 81' lang='lat' dir='ltr'>divinum)</span> <span class='ocrx_word' id='word_1_354' title='bbox 407 4275 1196 4354; x_wconf 65' lang='lat' dir='ltr'>HiloeDav.ePar.1;Urs.00d.eel0c,El.t(t&#39;)</span> 
     </span>
    </p>
   </div>
   <div class='ocr_carea' id='block_1_9' title="bbox 0 0 1478 5020">
    <p class='ocr_par' dir='ltr' id='par_1_12' title="bbox 0 0 1478 5020">
     <span class='ocr_line' id='line_1_43' title="bbox 0 0 1478 5020; baseline 0 0"><span class='ocrx_word' id='word_1_355' title='bbox 0 0 1478 5020; x_wconf 95' lang='lat' dir='ltr'> </span> 
     </span>
    </p>
   </div>
  </div>
 </body>
</html>
