3018 5052
442 358 485 403 nr
510 357 589 404 nnn.
608 358 669 404 nra.
688 357 723 404 ιιι
745 357 817 404 car.
841 361 947 404 14-15.
1164 339 1230 406 425

149 526 412 609 Sedquamquam
435 535 551 610 negant
573 545 629 593 nec
651 527 783 592 virtutes
801 527 1104 608 uccvitiaorescere,
1126 537 1230 594 tamen

147 639 316 712 utrumque
337 647 445 694 eorum
467 627 702 712 fundiquodsm
713 629 805 694 modo
817 636 849 694 et
861 629 951 710 quasi
972 629 1229 713 dilatoriputaut.

147 734 199 798 49.
223 731 356 798 Divitias
390 740 494 798 autem
527 732 683 814 Diogenes
711 737 817 798 censet
850 751 911 797 non
945 750 1015 798 eam
1047 734 1139 799 modo
1167 733 1229 798 vim

220 955 481 1022 l.nepentLPMCR
524 963 641 1005 atomon
660 952 870 1021 [abjuratum.
911 954 1044 1007 ιιύιᾰοῦ
1097 960 1120 1010 ι.
1146 955 1233 1025 [fundi

146 1039 197 1076 ona
221 1023 257 1093 A]
296 1030 319 1074 8.
338 1033 434 1075 censeat
452 1023 550 1076 PMCR
585 1041 631 1073 ooo
649 1039 698 1074 orn.
722 1021 869 1092 [AJEPMR
888 1031 982 1090 trsnsp.
1001 1033 1060 1090 post
1077 1026 1170 1077 eomC

235 1251 293 1326 Sed
318 1269 485 1326 quamquam
514 1283 555 1292 -
578 1247 679 1330 tomen)
707 1251 870 1325 Postquam
898 1251 935 1308 de
962 1251 1099 1328 dogmate
1127 1251 1229 1313 Stoico
1304 1265 1307 1272 ’

144 1336 339 1408 asseveravit,
373 1336 509 1412 adiungit
530 1336 696 1394 cautionem
725 1347 755 1392 et
782 1337 995 1413 exceptionem.
1045 1338 1154 1412 Neqont
1174 1359 1229 1416 pro

145 1433 239 1496 repent
261 1423 353 1480 etiarn
366 1420 436 1500 [A‚]
460 1421 539 1498 Spir.
562 1420 618 1501 [B]
647 1432 677 1479 et
699 1423 745 1479 ed.
767 1423 875 1494 Marsi,
908 1423 1097 1498 restituitque
1125 1423 1228 1484 Gzius.

144 1508 224 1566 Tum
247 1509 278 1566 in
290 1508 375 1566 codd.
398 1504 478 1589 ([B‚]
490 1528 547 1586 mg.
560 1507 650 1580 Cret,
661 1504 715 1579 Εξ,
728 1507 797 1567 Gzii
809 1506 960 1588 omnibus)
976 1517 1007 1566 et
1022 1509 1087 1567 edd.
1100 1510 1230 1585 antiquis

145 1589 250 1674 (lunt,
273 1594 375 1666 Mars..
393 1593 488 1673 Vict.)
511 1604 588 1652 crat:
611 1604 862 1652 cresccreettomeu
885 1595 916 1671 (χ
927 1614 1044 1652 crescere
1055 1598 1105 1653 sed
1117 1596 1227 1676 ermen),

144 1679 254 1737 litteris
276 1699 290 1737 o
311 1688 342 1737 et
363 1691 374 1738 t
396 1699 432 1738 ea
448 1680 562 1738 rationo
579 1679 746 1758 geminatis,
769 1680 805 1738 do
818 1699 877 1755 qua
892 1681 930 1738 ad
942 1681 983 1751 Π,
997 1681 1037 1739 84
1050 1681 1122 1738 dixi.
1148 1683 1229 1740 Hine

144 1765 246 1822 nescio
259 1765 326 1840 quis
338 1765 434 1823 editor
446 1764 518 1824 fecit
528 1777 558 1824 at
570 1776 665 1836 tamor,
679 1766 758 1842 quod
769 1768 895 1824 Ascens.
912 1775 942 1824 et
959 1767 1039 1826 Crat.
1052 1776 1082 1825 et
1093 1787 1111 1824 a
1121 1768 1228 1826 Monu-

144 1852 187 1908 tio
199 1869 303 1908 omnes
315 1862 383 1909 ente
392 1851 538 1910 Orellium
550 1852 669 1909 habent.
681 1847 783 1931 (Edu.
796 1853 877 1910 1480
889 1862 969 1910 recte
981 1863 1076 1910 tarnem
1090 1853 1229 1914 DeOrol·

144 1936 185 1994 lio
197 1955 270 1994 mox
287 1935 407 2012 dicam.)
431 1937 491 1997 Sed
501 1947 531 1994 αι
543 1934 586 2016 (ot
603 1971 644 1980 -
656 1937 758 2013 muron)
770 1947 832 1994 turn
844 1936 980 2008 infertur,
998 1956 1064 1995 cum
1076 1940 1171 1998 oratio
1190 1939 1229 1998 ad

145 2022 417 2094 minusdesceudit,
441 2023 465 2080 si
489 2024 584 2081 maius
606 2023 718 2098 aliquid
741 2021 1014 2100 effioinonpotest3
1037 2024 1097 2097 ubi,
1121 2036 1155 2083 ut
1169 2025 1228 2096 bio,

145 2117 260 2166 tantum
272 2108 435 2166 admonitio
448 2109 592 2184 quaedam
605 2129 621 2166 c
634 2109 782 2168 contrario
794 2127 901 2186 genero
918 2109 1098 2186 adiungitur,
1121 2111 1148 2168 ei
1160 2130 1228 2188 par·

145 2194 255 2252 ticuiae
267 2193 334 2252 loco
346 2194 466 2254 omnino
479 2194 577 2253 nulius
589 2204 643 2252 est.
672 2193 1028 2272 OppoueturOrat.113:
1054 2196 1228 2272 Quamquam

144 2281 223 2338 uliud
244 2281 350 2338 videtur
371 2284 457 2338 oratio
478 2299 549 2349 cose,
582 2282 661 2338 aliud
692 2282 853 2356 disputatio,
887 2301 935 2338 nco
963 2283 1031 2338 idem
1061 2284 1136 2357 loqui
1160 2303 1226 2354 esce,

145 2368 219 2441 quod
241 2368 343 2437 dicere,
372 2377 506 2424 attamen
527 2375 670 2441 utrumque
696 2369 723 2433 in
745 2368 901 2424 diomede
922 2378 970 2425 est.
1015 2367 1075 2427 Sed
1102 2369 1127 2426 si
1154 2368 1227 2426 hoec

144 2463 224 2510 recte
252 2451 295 2510 ita
322 2452 433 2528 scripta
466 2461 579 2523 essent,
612 2452 716 2510 abesse
753 2471 813 2510 non
840 2459 971 2528 poterat,
1006 2463 1039 2511 ut
1066 2453 1228 2513 Lambinus

145 2538 252 2608 sensit,
286 2537 374 2596 buius
401 2537 565 2596 sententiae
593 2557 660 2596 cum
676 2537 829 2613 superiore
846 2537 1028 2597 coniunctio:
1055 2539 1228 2615 Qreomqoom

144 2627 212 2680 enim
240 2626 319 2682 atiud
345 2633 401 2682 oet.
461 2623 566 2683 Cicero
600 2623 728 2701 primum
755 2643 809 2699 per
849 2643 1013 2699 quamquam
1050 2625 1227 2701 particulam

144 2709 292 2780 annectit,
327 2710 407 2785 quod
429 2710 575 2786 superiori
598 2709 777 2768 contrarium
806 2727 871 2767 csse
893 2709 1029 2768 videatur
1056 2721 1086 2768 et
1113 2730 1227 2770 correc-

145 2795 255 2852 tionem
269 2795 394 2852 habere:
421 2795 593 2871 Quamquam
616 2829 658 2838 —
680 2797 784 2864 ἀίσσω
807 2795 913 2852 deinde
936 2796 992 2854 hoc
1013 2809 1147 2855 removet
1168 2798 1227 2856 alia

143 2882 305 2938 sententia:
328 2883 479 2939 Actumero
502 2891 557 2940 oet.
589 2881 749 2940 Fusiouem
772 2880 915 2940 virtutum
937 2891 968 2940 ct
989 2882 1128 2941 vitiorum
1151 2883 1227 2943 Cato

143 2985 210 3024 corn
233 2967 351 3024 videtur
373 2967 485 3034 dicere.
509 2968 672 3042 quasitot,
701 2985 767 3025 oum
790 2967 880 3024 latior
901 2967 938 3025 iis
960 2987 1081 3044 campus
1104 2979 1135 3026 et
1156 2971 1226 3027 ube·

142 3052 206 3110 rior
243 3053 368 3110 motoria
400 3054 500 3124 detur,
545 3062 578 3111 ut
606 3052 720 3113 Seneca
742 3052 837 3128 Epist.
866 3053 921 3124 74,
946 3053 1000 3111 28:
1035 3057 1118 3111 Modo
1146 3058 1227 3114 lutiae

141 3142 230 3196 ou'rttu
246 3140 428 3212 funditur,
463 3159 560 3214 repca.
593 3140 686 3210 orbes,
709 3141 867 3214 provinciae
894 3148 1032 3214 torpent,
1059 3142 1118 3216 fert
1147 3143 1225 3216 opes,

140 3226 205 3282 colit
226 3227 373 3296 annotino,
397 3228 466 3282 iuter
482 3227 652 3300 propinquos
680 3225 828 3300 Hbmooque
850 3226 990 3300 dispensat
1011 3227 1115 3300 offirmo,
1149 3229 1226 3284 modo

140 3320 205 3367 orto
219 3311 277 3382 fine
298 3312 487 3368 circumdatur
501 3314 688 3386 paupertatis,
711 3313 798 3380 esitii,
821 3311 942 3368 orbitatis
964 3319 1019 3368 cet.

231 3396 281 3452 49.
304 3396 427 3454 Divitior
448 3395 551 3472 auton)
574 3397 697 3454 Transit
718 3396 794 3456 Coto
816 3396 855 3452 ad
876 3396 964 3454 oliam
988 3415 1050 3454 rem
1073 3398 1225 3474 explican-

140 3482 212 3538 dorn
242 3481 344 3538 eodem
373 3482 476 3553 modo,
511 3501 571 3557 quo
600 3487 615 3553 ς
639 3483 679 3539 33
703 3483 824 3559 (Bonum
846 3480 949 3560 autem)
972 3491 1002 3540 et
1024 3488 1039 3554 ξ
1064 3484 1102 3541 36
1127 3482 1227 3561 (Ouiae

140 3565 256 3643 oraton).
300 3567 407 3643 Neque
429 3567 507 3626 enim
530 3568 596 3638 hoc,
631 3568 709 3644 quod
732 3568 768 3625 de
791 3568 961 3626 divitiarum
985 3569 1014 3626 vi
1037 3579 1067 3626 et
1088 3569 1226 3628 aestima-

140 3653 225 3710 tione
247 3652 455 3730 interponitur,
478 3671 545 3712 oum
567 3655 719 3730 superiore
731 3654 931 3730 disputatione
954 3655 990 3712 de
1013 3655 1172 3714 virtutibus
1195 3665 1225 3714 et

139 3739 232 3796 beata
264 3739 327 3797 vita
359 3740 469 3817 gradem
504 3758 563 3798 uon
596 3740 774 3798 habentibus
802 3741 949 3798 cohaeret.
998 3741 1071 3800 Alio
1098 3741 1224 3816 quodam

140 3824 232 3882 modo
255 3841 379 3883 cumea
402 3827 613 3896 controversia.
636 3845 711 3900 qnae
734 3826 812 3884 inter
824 3825 940 3885 Stoicos
963 3837 993 3884 et
1009 3827 1226 3903 Peripateticos

138 3921 208 3968 erat
236 3921 266 3968 et
292 3930 381 3986 quom
409 3911 485 3971 Ceto
517 3912 548 3970 iu
576 3912 665 3970 rebus
692 3912 765 3988 ipsis
792 3912 919 3988 positam
955 3913 1120 3978 contendit,
1153 3913 1226 3971 hoec

139 3997 289 4074 Diogenis
311 3997 473 4075 Babylonii
496 3998 532 4056 de
555 3997 667 4056 divitiis
690 3999 836 4056 sententia
848 3998 1005 4056 coniuncta
1022 4017 1086 4056 esse
1097 4000 1226 4071 videtur,

136 4093 174 4141 ut
197 4093 368 4158 quaeratur,
391 4103 461 4142 num
484 4082 562 4142 forte
584 4102 620 4141 eo
641 4084 1081 4142 decausaexternacomnroda
1097 4085 1226 4143 inbonis

136 4169 376 4240 habendarum,
411 4169 541 4228 maxime
563 4169 700 4240 divitiae,
735 4170 814 4244 quod
841 4170 920 4227 bona
942 4171 1120 4229 contineant
1165 4172 1225 4231 Sed

135 4273 247 4333 porum
271 4257 428 4332 perspicua
449 4265 495 4314 est
516 4264 579 4314 tote
601 4255 772 4333 disputatio,
796 4275 853 4313 uon
866 4256 959 4314 solum
973 4256 1225 4335 quodignoratur‚

135 4342 245 4420 ecquis
258 4357 409 4418 'umquam
432 4342 484 4400 illo
505 4341 621 4400 ratione
644 4361 714 4400 usus
736 4342 776 4400 sit
797 4342 835 4400 od
857 4342 977 4400 divitias
1005 4343 1034 4400 in
1064 4344 1150 4402 bonis
1172 4364 1224 4420 po·
