3034 5030
473 433 516 478 nr
541 432 621 478 mar..
643 433 706 477 rna.
726 433 760 477 rn
783 433 855 478 car.
877 437 900 480 s.
1163 415 1224 479 397

146 606 361 682 grnenterqne
373 608 505 665 naturae
516 601 628 665 sisere.
673 603 724 665 32.
747 601 810 664 Sed
831 601 863 664 in
887 602 998 666 ceteris
1020 601 1141 666 artibus
1157 620 1226 666 cum

146 703 263 766 dicitu
284 702 513 780 artificiose,
536 711 697 783 posterum
719 704 855 784 quodam
877 704 968 768 modo
990 711 1227 785 etconsequens

148 805 394 884 putandumest,
417 803 555 886 quodilli
569 791 824 882 ἐπιγεννηματικόν
847 806 1020 886 appellant,
1044 825 1112 870 cunr
1125 813 1228 870 autern

147 906 266 986 inquo
289 906 489 986 sapienter
510 905 650 982 dicimus,
687 905 761 968 ida
789 907 890 984 primo
913 907 1083 971 rectissime
1106 907 1227 972 (licitur.

223 1132 244 1180 i.
263 1126 340 1175 einen
358 1135 458 1174 amarae
477 1125 530 1174 MR
565 1131 587 1173 3.
611 1123 817 1192 [eprbeaemuta'eoa
836 1125 870 1192 Α]
909 1126 1057 1190 ψιοᾰαιαοηι
1077 1127 1227 1183 amnestia

149 1201 165 1242 4
197 1192 305 1260 [dicimur
323 1209 371 1244 om.
392 1193 428 1262 A]
469 1192 514 1261 [ad
528 1194 605 1257 primo
624 1193 657 1259 A]
677 1193 783 1259 appn'sne
802 1195 921 1244 LPMClt

149 1420 211 1476 qna
222 1401 366 1470 oratione,
390 1420 455 1458 cum
479 1419 536 1458 non
548 1421 641 1478 genus
652 1421 706 1476 per
717 1421 749 1458 sa
761 1401 953 1459 constitutum
966 1402 1155 1478 significetur,
1178 1403 1229 1458 sed

149 1487 230 1560 quod
240 1487 294 1544 illa
311 1486 435 1544 scientia
445 1486 634 1563 intellegatur
649 1495 679 1542 et
690 1487 855 1557 definiatur,
873 1487 1050 1544 indicativus
1066 1505 1124 1545 non
1136 1488 1230 1558 magis

149 1571 222 1628 ferri
245 1580 344 1648 potest
367 1591 454 1647 quam
477 1591 529 1628 sex
554 1571 688 1628 versibus
713 1571 857 1646 superine.
880 1571 919 1628 Et
935 1572 1087 1647 praecedit
1102 1575 1230 1629 meritant.

239 1657 289 1713 32.
312 1677 370 1712 marn
394 1659 492 1713 dicitur
513 1659 711 1730 artificiose
739 1655 810 1735 cet.)
856 1657 1008 1730 Artificiosa
1037 1657 1232 1714 communiter

150 1741 228 1798 dixit
250 1761 305 1818 pro
327 1761 362 1799 eo
385 1741 544 1810 vocabulo,
580 1741 658 1816 quod
686 1741 827 1816 cuiusque
850 1742 923 1800 artis
944 1743 975 1799 in
998 1741 1146 1799 laudanda
1168 1743 1231 1799 eius

150 1827 268 1884 acfione
291 1827 443 1902 proprium
472 1835 558 1884 esset.
603 1826 811 1887 Saltationem.
846 1836 878 1884 ut
906 1828 961 1884 hoc
990 1827 1127 1903 exemplo
1154 1835 1231 1893 utar,

151 1923 214 1969 tum
237 1912 355 1968 demum
378 1913 421 1968 ita
444 1912 607 1980 laudamus,
642 1919 675 1968 ut
696 1912 753 1969 arti
777 1912 960 1970 satisfactum
983 1913 1130 1975 dicamus,
1165 1929 1231 1969 cum
1309 1941 1313 1950 ·

151 1996 318 2054 confectam
341 1998 527 2055 saltationem
550 1997 699 2066 videmus;
733 1997 895 2072 sapientiae
924 2008 953 2054 et
982 1997 1145 2055 honestatis
1168 1998 1232 2054 laus

152 2083 309 2157 adipeam
333 2083 548 2158 susceptionem
572 2091 601 2138 et
623 2083 805 2140 voluntatem
830 2083 967 2157 pertinet,
990 2092 1024 2139 nt
1045 2101 1063 2138 a
1085 2083 1181 2158 primo
1205 2081 1231 2139 ei

153 2168 313 2238 tribuatur,
337 2166 459 2225 effectus
481 2187 540 2226 non
563 2175 746 2242 expectetur,
770 2187 828 2224 non
852 2167 939 2225 modo
962 2168 1021 2228 illa.
1046 2167 1149 2242 quiin
1172 2187 1233 2224 me-

151 2253 251 2308 dicina
274 2262 305 2310 et
326 2253 539 2328 gubernatione
562 2253 610 2324 sit,
634 2253 685 2310 sad
708 2271 744 2309 ne
768 2252 818 2309 ille
841 2252 968 2327 quidem,
993 2253 1043 2327 qui
1061 2252 1092 2309 in
1110 2261 1233 2309 externa

151 2337 270 2394 actione
293 2338 407 2413 positus
429 2338 518 2395 etiam
540 2338 571 2394 in
595 2338 745 2395 saltatoris
768 2348 798 2394 et
820 2337 972 2395 histrionis
989 2345 1052 2394 arte
1066 2338 1234 2411 requiratur

151 2423 183 2498 (ς’
207 2417 271 2502 24).
317 2421 446 2482 Omnino
469 2424 542 2480 haec
564 2423 621 2480 hoc
643 2423 708 2480 loco
732 2424 828 2480 minus
850 2423 1003 2480 commode
1026 2423 1123 2498 posita
1141 2431 1171 2480 et
1181 2442 1233 2498 po-

149 2509 211 2564 tius
233 2526 300 2565 cum
323 2507 397 2578 illis,
421 2527 495 2582 quae
524 2514 539 2576 ᾗ
568 2510 609 2565 24
637 2509 877 2583 explicabantur,
911 2509 1115 2584 coniungenda
1142 2506 1233 2565 fuisse

148 2593 298 2650 videntur.
384 2659 390 2668 ⁸

238 2699 297 2735 mun
336 2689 422 2752 autem
463 2681 490 2735 iu
528 2699 582 2752 quo
620 2682 796 2752 supienter
828 2674 955 2758 dicimus)
1011 2678 1136 2737 Secutus
1169 2695 1232 2734 sum

148 2763 268 2822 Davisii
297 2763 541 2820 emendationem.
596 2763 665 2820 Non
694 2763 789 2820 solum
817 2763 912 2820 simile
941 2764 996 2820 hoe
1024 2763 1142 2820 videtur
1170 2781 1234 2819 esse

150 2849 262 2905 debere
285 2848 446 2924 superiori:
479 2852 507 2904 in
535 2851 628 2906 cetam
650 2849 754 2904 artibus
776 2868 846 2904 cnm
869 2851 967 2906 dieitur
993 2851 1148 2922 anffiu'ose.
1183 2847 1234 2904 sed

149 2934 274 2990 omnino
307 2936 383 3008 quod
414 2934 510 2991 locum
539 2951 597 2990 non
626 2934 729 3004 babet3
773 2951 840 2990 nam
869 2933 948 3007 qnod
976 2933 1070 2992 Gaius
1103 2943 1235 2990 enamat:

149 3021 228 3093 qnod
249 3022 343 3075 attineat
364 3021 403 3076 ad
424 3021 455 3076 id
476 3021 558 3093 quod,
582 3037 640 3076 non
664 3019 825 3092 quaeritur,
849 3019 936 3093 quale
954 3019 985 3076 id
1007 3019 1054 3083 sit,
1078 3018 1157 3092 qnod
1179 3019 1234 3074 hoc

151 3121 262 3160 nomen
286 3103 432 3162 interdum
461 3123 479 3160 a
501 3104 586 3160 nobis
618 3113 745 3180 ponatur
775 3101 827 3180 (de
856 3103 1000 3178 qualitate
1029 3103 1116 3160 huius
1138 3101 1234 3180 faeti).

149 3188 206 3246 sed
233 3189 381 3262 quomodo
408 3189 440 3246 id
468 3189 498 3246 in
527 3188 650 3265 singulis
673 3189 840 3246 actionibus
863 3197 998 3264 ponatur.
1042 3188 1120 3248 Neo.
1156 3187 1234 3262 quod

150 3272 242 3330 video
266 3274 436 3330 nonnemini
458 3274 489 3331 in
506 3283 634 3331 mentem
658 3275 784 3344 venisse,
807 3274 868 3331 ullo
892 3273 978 3332 modo
996 3273 1059 3330 lieri
1072 3282 1179 3349 potest,
1203 3283 1235 3330 ut

149 3358 198 3416 sic
219 3359 424 3434 intellegatur:
457 3361 532 3434 quod
553 3363 688 3434 sapienter
703 3363 811 3434 factum
833 3363 860 3416 io
882 3362 975 3433 alapae
997 3361 1100 3416 bomine
1121 3360 1235 3426 dicatum

149 3443 232 3500 unde
254 3444 333 3501 anim
356 3443 545 3520 participium
563 3443 656 3502 illud?
690 3463 744 3502 nec
772 3448 799 3501 in
826 3463 881 3520 pro
903 3445 938 3500 ab
964 3453 1045 3501 recta
1067 3452 1235 3520 poneretur.

148 3531 260 3603 Itaque
283 3529 356 3586 haec
378 3548 437 3586 una
460 3530 607 3586 sententia
629 3539 699 3605 apta
721 3539 783 3588 est:
818 3549 883 3586 curn
906 3537 1004 3586 autem
1027 3529 1167 3586 hacvoce
1189 3549 1235 3584 sa·

143 3614 297 3691 pienteriu
315 3615 416 3688 aliqua
437 3633 470 3671 re
493 3623 523 3672 et
544 3614 624 3672 lecto
647 3615 795 3674 laudando
818 3615 936 3685 utimur,
960 3622 1015 3671 cet.
1049 3613 1189 3692 [Mamers
1205 3613 1235 3670 in

149 3703 185 3757 A
203 3717 303 3757 errore
327 3700 466 3758 omissum
491 3697 633 3778 videtum]

188 3807 195 3820 ·
241 3805 259 3840 o
279 3788 379 3860 primo)
402 3786 468 3843 Hoc
491 3785 521 3842 in
535 3785 629 3843 Pali
655 3785 802 3862 scriptura
819 3785 911 3842 latere
924 3785 999 3842 vidit
1010 3786 1055 3843 Io.
1067 3783 1235 3850 Walkerus,

149 3869 239 3928 cuius
261 3870 496 3928 emendationem
508 3871 650 3928 Davisius
663 3879 693 3928 et
704 3871 798 3929 Gaius
815 3870 857 3927 ita
869 3870 1004 3940 laudant,
1027 3879 1074 3940 ut,
1095 3888 1237 3943 numqua

149 3955 219 4014 eius
241 3956 404 4032 scripturae
416 3955 543 4033 vestigia
567 3955 598 4013 in
621 3957 705 4013 codd.
727 3955 847 4026 fuerint,
870 3974 929 4012 non
947 3955 1046 4012 dicant
1064 3948 1237 4028 (011¹.sz

149 4039 309 4116 ατίρήηιι);
332 4042 384 4099 sed
406 4042 479 4100 satis
501 4060 555 4118 per
577 4061 608 4099 se
632 4051 712 4098 certa
735 4041 920 4116 estet-plane
933 4059 997 4096 earn
1010 4038 1236 4097 confirmatErl.

149 4123 261 4205 [eta]
291 4127 417 4203 Apnmo
439 4127 481 4184 sio
505 4127 610 4186 Cicero
633 4135 751 4201 praeter
773 4145 823 4184 eos
851 4127 947 4195 locos,
970 4144 1045 4199 quos
1068 4124 1237 4184 Schellerus

148 4213 228 4270 citat
240 4231 268 4287 p.
282 4213 375 4277 8461,
394 4212 472 4269 dixit
482 4212 530 4269 hie
542 4213 597 4282 IV,
612 4213 662 4282 34,
686 4212 722 4270 de
745 4211 881 4273 R.P.11.
895 4213 934 4268 45
948 4220 978 4268 et
988 4211 1044 4273 VI,
1058 4211 1097 4267 27
1121 4207 1237 4281 (Somn.

149 4297 235 4372 Scip.
258 4315 283 4352 c.
297 4295 343 4375 8),
367 4299 456 4356 Tusc.
468 4299 493 4368 I,
507 4299 557 4369 54,
570 4298 729 4357 Terentius
742 4297 863 4354 Phorm.
875 4299 930 4365 lv,
950 4299 978 4366 2,
1001 4299 1048 4367 14,
1066 4297 1122 4366 IV,
1142 4296 1170 4364 3,
1187 4295 1236 4351 37.

149 4381 291 4440 Aliorum
310 4382 485 4458 scriptorum
502 4383 583 4442 locos
606 4383 726 4459 collegit
747 4382 919 4442 Gronovius
941 4382 979 4439 ad
996 4381 1148 4440 Sapaudo
1165 4381 1238 4438 Vita
