2944 5040
473 335 645 382 excursus
668 335 699 380 u.
1061 319 1121 384 801

42 501 96 568 ‘dc
114 529 193 568 caasa
214 511 355 568 discidium
360 511 467 584 sactum
489 512 538 577 sit:
561 507 704 566 dissensio
716 512 814 576 oretum
837 508 936 584 itaque
948 509 996 566 vel
1005 519 1126 586 propter

69 597 133 654 banc
153 613 269 654 oausam
293 594 323 652 in
346 594 426 652 Lael.
446 595 485 652 78
508 593 670 670 apparebat
692 594 877 652 scribendum
900 613 978 652 esso:
1011 615 1043 653 ne
1069 615 1125 672 qua

67 685 200 740 amborum
221 682 337 740 discidio
351 677 447 756 fiant.)
480 681 592 738 Verum
615 679 716 736 eadem
738 679 814 736 ratio
836 698 894 736 non
918 681 1125 757 minusaporte

66 768 98 824 ad
117 767 243 841 reliquos
264 766 345 824 locos
367 765 508 842 pertinet,
536 764 567 822 in
589 763 695 839 quibus
722 765 748 822 is
770 767 911 822 dissidium
938 767 1058 838 retinet,
1094 776 1126 824 ut

66 853 197 930 dissensio
221 851 422 928 intellegatur,
456 860 486 908 et
507 851 537 907 in
560 849 666 924 quibus
688 850 726 907 ab
748 850 814 908 aliis
835 860 980 909 retentum
1009 861 1127 910 estant

66 947 213 1014 receptum.
258 937 335 995 Nam
357 936 388 994 in
411 937 447 994 iis
470 936 606 994 omnibus
628 935 687 992 alia
709 935 868 1010 requiritur
883 937 1027 1014 gravioris
1039 955 1126 996 roos-

64 1023 118 1082 buli
140 1024 193 1094 ris,
217 1023 296 1098 quod
318 1032 370 1079 aut
391 1021 469 1079 iuter
491 1021 622 1098 singulos
644 1039 715 1078 usus
742 1020 946 1080 etfamiliaris
974 1023 1126 1082 convietus

64 1109 206 1166 interitum
228 1117 280 1166 aut
301 1106 430 1184 plurium
448 1107 478 1164 in
501 1115 600 1184 partes
623 1115 653 1164 et
673 1105 817 1165 factiones
840 1108 1048 1166 discessionem
1075 1119 1127 1166 aut

63 1195 229 1270 populorum
251 1193 367 1252 sublato
389 1193 564 1250 commercio
586 1202 616 1250 et
637 1192 709 1250 iuris
732 1193 825 1251 mutui
841 1194 1044 1252 communione
1067 1194 1126 1252 dir·

63 1280 233 1355 emptionem
256 1279 408 1356 significet
448 1279 627 1354 Plerumque
655 1279 733 1336 onim
765 1296 831 1336 oum
854 1279 914 1337 odii
935 1279 1052 1337 nomine
1075 1279 1126 1338 illa

61 1385 117 1422 vox
139 1365 180 1423 ita
201 1364 398 1442 coniungitur,
421 1371 455 1421 ut
476 1364 565 1422 etiam
587 1364 614 1420 ei
637 1363 864 1440 superaddatur,
898 1366 977 1439 quod
998 1365 1028 1423 in
1050 1365 1126 1423 hane

61 1451 272 1527 separationem
294 1460 324 1507 et
335 1449 560 1526 diremptionem
572 1449 671 1508 odium
682 1449 846 1507 animorum
859 1451 994 1526 erumpit.
1021 1451 1126 1526 Itaque

60 1537 108 1610 qui
141 1555 194 1611 pro
216 1535 319 1595 Caelio
348 1535 386 1592 31
417 1545 497 1593 recte
524 1536 700 1610 probarunt:
733 1537 822 1592 odium
859 1555 918 1593 cam
945 1538 1127 1594 crudelissimo

59 1623 177 1693 discidio,
200 1621 289 1678 iidem
311 1639 381 1679 sane
399 1620 447 1698 (l)
470 1639 504 1678 eo
527 1620 602 1691 loeo,
625 1620 702 1677 uude
725 1621 797 1678 haec
814 1621 974 1696 disputatio
996 1632 1061 1680 orta
1083 1633 1127 1680 est

59 1708 106 1782 (de
129 1708 213 1764 Finn.
233 1708 258 1778 Ι,
282 1705 351 1782 44),
380 1706 505 1782 probare
529 1706 706 1774 debuerunt,
746 1706 823 1780 quod
856 1717 886 1763 et
914 1708 983 1764 boni
1011 1707 1126 1766 codices

57 1803 85 1849 et
107 1791 266 1850 deteriores
288 1790 395 1871 (nostri
417 1787 532 1872 omnes)
555 1791 677 1848 babent:
710 1793 788 1859 odio,
818 1793 943 1859 discidio,
966 1795 1125 1861 discordiae,

56 1881 203 1945 seditiones,
233 1879 301 1935 belia
323 1887 482 1942 nascurdar,
511 1877 661 1951 multoque
684 1877 777 1954 magis
794 1875 842 1953 (2)
865 1878 895 1934 in
918 1877 1050 1936 oratione
1072 1899 1125 1955 pro

57 1964 152 2020 Balbo
180 1963 235 2035 30,
269 1963 347 2037 quod
374 1961 505 2021 Orellius
532 1961 638 2020 edidit:
668 1973 769 2036 pentem
798 1965 969 2020 dissidentem
990 1983 1007 2020 o
1026 1968 1127 2040 popolo

57 2049 178 2106 Roaiam
204 2051 265 2107 odio
292 2049 408 2123 quodam
430 2058 510 2122 atque
526 2049 646 2106 discidio.
679 2049 780 2122 Atque
803 2048 845 2105 ita
866 2049 1004 2106 scribitur
1025 2051 1055 2106 in
1078 2069 1126 2108 co·

52 2135 119 2192 dice
132 2133 276 2195 Parisino.
298 2133 475 2204 Erinrtensi‚
497 2133 696 2191 Bernansibus
719 2131 791 2213 (vid.
815 2133 920 2192 Orellii
942 2134 1034 2210 praei.
1057 2136 1126 2194 edit

52 2229 142 2277 oratt.
165 2219 264 2278 select
288 2219 391 2278 Turici
416 2220 495 2276 1836
519 2238 548 2295 p.
565 2218 671 2294 XIV).
706 2219 811 2286 idest,
835 2219 865 2277 in
889 2221 1040 2290 omnibuS,
1076 2222 1127 2296 qui

51 2306 142 2362 iidem
164 2315 327 2374 merentur:
350 2307 470 2374 dissidio,
494 2305 518 2362 si
541 2313 620 2362 esset
640 2304 761 2379 aliquid,
783 2305 985 2363 incredibilem
1007 2307 1128 2364 haberet

50 2391 247 2467 tautologiam
270 2391 453 2468 (dissidentem
476 2423 516 2432 -
538 2390 672 2464 dissidio).
722 2392 834 2447 Varum
857 2390 902 2448 his
925 2391 997 2448 locis
1019 2393 1127 2450 consti·

51 2477 136 2542 tutis,
160 2476 280 2533 dubium
302 2495 359 2533 non
383 2487 436 2543 est,
460 2475 531 2549 quin
554 2475 601 2552 (3)
624 2476 654 2532 in
676 2476 758 2532 Lael.
783 2476 822 2532 23
845 2495 882 2532 ex
906 2477 1024 2552 optimis
1047 2478 1126 2534 codi-

47 2562 138 2619 cibus
160 2559 274 2638 [etiam
297 2561 347 2635 qui
364 2579 458 2636 nuper
474 2560 573 2618 collati
591 2559 682 2638 sunt]
705 2561 793 2618 scribi
806 2559 926 2618 debeat:
949 2564 1017 2619 odiis
1039 2573 1063 2618 et
1085 2565 1126 2619 di-

48 2649 161 2716 scidii33
177 2645 205 2724 ¹)
228 2665 292 2703 cum
310 2646 361 2703 illo
377 2655 475 2703 autem
487 2645 573 2702 huius
590 2646 625 2702 de
637 2646 743 2703 finibus
755 2646 853 2721 operis
864 2647 929 2704 looo
941 2647 1006 2723 ipsa
1022 2667 1126 2704 earun-

44 2734 120 2790 dem
132 2751 239 2789 vooum
250 2732 341 2789 series
352 2731 510 2808 coniunget
521 2729 569 2809 (4)
583 2732 644 2788 IN.
652 2732 689 2789 D.
703 2732 757 2788 42:
770 2733 831 2788 odia
839 2743 989 2807 praetereo,
1001 2735 1125 2804 discidio,

45 2819 221 2887 ‹dscordiam
244 2825 274 2874 et
296 2817 468 2874 confirmant
489 2817 604 2874 codices
623 2817 727 2892 optimi
738 2813 855 2894 (ABG
877 2819 1126 2894 apudMoserum,

45 2915 116 2961 tum
141 2903 179 2974 Ι),
203 2903 228 2973 Ι,
252 2902 330 2961 Oxx.
353 2901 431 2980 EO).
485 2902 521 2960 In
543 2902 675 2959 oratione
704 2903 737 2960 11
759 2902 794 2958 de
817 2903 872 2978 leg.
895 2921 989 2978 agrar.
1017 2905 1054 2960 14
1077 2901 1126 2984 (5)

42 2989 191 3046 Klotziue
212 2998 291 3045 recte
313 2987 455 3057 restitnit,
490 2987 568 3062 quod
590 2997 620 3044 et
641 2989 735 3045 codex
757 2987 819 3046 Eri.
843 2997 872 3044 et
894 2989 944 3044 alii
966 2988 1076 3046 habent
1098 2999 1127 3047 et

39 3073 120 3132 inde
145 3091 164 3131 a
185 3073 315 3132 Grutero
337 3073 491 3131 edebatur:
514 3073 576 3129 noir
598 3080 667 3130 enim
689 3084 788 3130 natura
810 3093 892 3147 neqrec
908 3075 1021 3130 discidio
1042 3095 1126 3150 neque

38 3162 112 3216 odio
131 3162 242 3234 pertitus
268 3163 346 3216 insito
373 3160 467 3216 bellom
489 3162 574 3216 nescio
601 3161 675 3234 qaod
702 3160 779 3216 labet
801 3170 950 3232 susceptam
972 3163 1126 3218 consulatus

37 3267 111 3302 crin:
135 3245 282 3302 imbricato.
325 3244 394 3302 Non
416 3255 521 3302 natura
543 3244 703 3320 diremptos
714 3255 743 3302 et
755 3244 926 3301 dissociatos
939 3245 1126 3320 magistratus

36 3332 161 3391 Cicero
173 3329 257 3398 dicit;
281 3329 409 3388 Orellius
422 3329 593 3387 eveteribus
605 3329 783 3387 editionibus
795 3331 907 3386 dissidio
918 3339 1065 3406 posuerat.
1077 3331 1125 3410 (6)

36 3419 112 3474 Pro
137 3415 258 3491 Ligario
283 3415 320 3472 19
349 3416 438 3473 hostili
463 3418 523 3472 odio
545 3415 723 3472 contrarium
751 3424 796 3472 est
822 3417 896 3472 cim'le
917 3417 1072 3483 discidium,
1096 3417 1126 3473 id

32 3511 104 3571 est,
129 3501 240 3558 civium
262 3501 409 3577 separatio
432 3509 462 3558 et
488 3501 518 3558 in
541 3509 639 3576 partes
661 3501 816 3568 diiunctio;
845 3501 1018 3576 scripturam
1041 3521 1126 3577 prae-

33 3597 132 3646 stant
157 3586 272 3644 oodicee
295 3585 479 3647 Coloniensis
491 3596 520 3643 et
533 3584 722 3656 Eriurtensis,
746 3586 875 3644 omnium
887 3587 1000 3662 optimi,
1014 3587 1072 3646 Ox.
1090 3601 1124 3658 ψ,

30 3685 115 3731 tum
142 3681 278 3742 „veteres
299 3671 386 3728 libri“
411 3671 556 3729 Lambini.
589 3673 636 3728 De
648 3672 834 3747 haruspicum
852 3674 1001 3747 responsis
1024 3674 1063 3729 45
1077 3670 1125 3750 (7)

30 3759 211 3816 edebatur:
235 3767 299 3832 post
326 3760 467 3815 dissidium
489 3760 668 3832 optimon'am,
702 3776 755 3814 nec
783 3757 980 3832 discrepantia
1006 3758 1067 3815 ulla
1089 3759 1126 3814 ab

29 3843 169 3906 Orellio
180 3851 313 3912 notatum
336 3843 387 3900 secl
399 3837 599 3922 discicb'um(in
616 3851 715 3917 partes
732 3840 915 3917 discessum),
939 3853 971 3899 ut
989 3843 1125 3901 Klotzius

26 3930 156 3988 edidit.
175 3937 295 3986 tuentur
306 3919 399 3986 nodari
411 3924 518 4009 [Pam]
529 3927 601 3987 Eri..
625 3927 704 3986 Oxx.
727 3937 795 3995 tres,
819 3927 909 3985 editio
920 3928 1071 4005 Naugerii,
1095 3929 1125 3984 id

24 4026 103 4079 est,
141 4014 333 4072 auctoritates
361 4033 470 4072 omnes.
522 4014 676 4071 Postremo
708 4011 755 4089 (8)
785 4013 821 4070 ad
850 4014 941 4070 Attio.
971 4014 1001 4079 1,
1028 4015 1081 4079 17,
1106 4015 1123 4070 7

64 4288 93 4340 ¹)
115 4283 181 4349 'lpse
200 4300 257 4334 cum
275 4284 389 4333 Laelium
407 4285 518 4339 edebam.
536 4287 648 4334 nondum
666 4285 728 4334 haec
746 4287 868 4335 tenebam.

888 4388 920 4441 51
