3034 5030
308 397 372 461 326
702 415 748 460 us
770 413 902 461 amisus
924 415 996 461 uos.

303 579 390 660 reat,
405 581 490 646 aliud
512 581 661 662 quiddam
683 539 941 664 iisproposituur'
960 582 1245 663 nonvolupteteur?
1269 584 1387 664 partim

303 701 398 748 eursu
419 688 451 748 et
472 684 691 764 peragratione
712 682 882 762 laetantum
905 684 1145 766 congregatione
1167 685 1246 749 aliae
1262 693 1387 750 coetum

375 891 396 936 1.
415 886 535 951 quoddam
554 885 605 937 MC
640 887 755 938 acle
774 888 796 936 R
839 897 941 937 tunam
958 897 980 936 et
999 891 1058 952 (pro
1073 888 1278 952 pummllrl'lrlll
1295 890 1387 939 maures

303 955 364 1005 erC
424 960 446 1002 2.
469 963 491 1003 et
514 970 563 1002 om.
584 957 606 1004 Ε
673 955 861 1022 peregrinatione
883 955 1048 1006 LPMCROr.
1100 955 1153 1006 alr'cr
1177 957 1197 1007 C
1257 954 1342 1024 [corma
1362 963 1387 1006 A

303 1033 376 1072 lecum
395 1022 445 1091 lili]
466 1040 542 1072 rerum
562 1023 582 1073 C

304 1211 456 1290 luptutem),
480 1213 605 1271 subiecit
627 1214 722 1290 primo
746 1215 877 1271 membro
890 1215 1058 1289 partitionis
1081 1215 1194 1290 (portua
1217 1216 1388 1288 irrdulpenler

304 1301 345 1356 uel
367 1319 425 1356 cunr
449 1300 548 1370 labore,
573 1310 601 1355 ut
623 1295 702 1378 eet).
748 1302 872 1359 Poterat
894 1299 949 1356 hou
972 1297 1305 1374 aliquomodudifferri,
1330 1302 1388 1358 etsi

303 1392 371 1460 post
393 1384 467 1442 illud
489 1387 572 1440 multa
589 1387 700 1458 faciam
722 1385 949 1460 expectabatur,
985 1385 1037 1442 sed
1065 1385 1161 1459 primo
1184 1385 1316 1442 membro
1340 1405 1387 1442 se·

303 1469 429 1544 paratim
452 1488 510 1526 uon
533 1479 612 1526 reate
635 1470 787 1538 subicitur,
811 1471 916 1526 ceteris
928 1469 1066 1526 membris
1090 1488 1147 1525 non
1171 1470 1272 1526 eodem
1297 1470 1387 1528 modo

303 1553 504 1612 conformatis.
532 1553 651 1611 Nemin
664 1555 759 1630 primo
772 1556 912 1623 membru,
935 1555 1032 1630 posito
1055 1554 1196 1610 adverbio
1218 1557 1389 1628 irrclulgeutcr

303 1647 333 1696 et
355 1639 574 1696 accommodato
592 1640 629 1696 ad
640 1641 777 1716 generale
790 1641 911 1697 verbum
917 1643 1035 1713 Jiua'uat,
1055 1639 1160 1698 Cicero
1172 1639 1285 1696 directo
1296 1641 1387 1697 unius

304 1724 422 1782 virtutis
432 1724 654 1782 similitudinem
666 1725 696 1781 in
709 1725 869 1782 bestiarum
882 1725 998 1782 actione
1010 1724 1197 1800 significavit,
1209 1743 1273 1780 eam
1286 1735 1388 1782 autem

302 1810 427 1866 actionis
450 1829 550 1866 earum
575 1819 697 1886 partem,
721 1811 750 1867 iu
774 1830 833 1886 qua
854 1810 1231 1886 indulgentia-appareret,
1261 1809 1293 1874 ia
1316 1829 1386 1867 sen·

303 1895 396 1951 tentia
418 1895 550 1952 subiecta
578 1895 663 1968 quasi
691 1896 819 1970 exempli
848 1896 913 1952 loco
936 1895 1036 1970 posuit¹
1063 1892 1106 1971 (ut
1133 1897 1159 1950 lu
1180 1897 1327 1967 gignendo,
1358 1899 1385 1951 ia

302 1982 442 2037 educando
464 1979 625 2058 appareat);
648 1980 679 2037 in
702 1981 846 2054 proximis
869 1981 911 2037 ita
931 1980 1027 2055 ipsam
1046 1981 1191 2036 actionem
1204 1980 1386 2055 specialibus

302 2064 401 2122 verbis
425 2065 574 2136 describit,
596 2073 631 2121 ut
653 2083 711 2122 non
734 2066 834 2123 statim
856 2075 1013 2141 appareat,
1048 2065 1153 2122 saltem
1176 2083 1235 2120 non
1258 2065 1385 2135 dicatur,

303 2169 378 2225 quae
402 2150 440 2208 eit
462 2151 490 2206 iu
515 2168 550 2206 ea
572 2150 834 2208 virtuavirtutisre
852 2150 1013 2208 similitudo
1036 2151 1150 2228 (purtim
1172 2169 1253 2206 cursu
1276 2159 1301 2206 el
1319 2169 1385 2224 pcr-

302 2237 441 2309 aprntioue
463 2238 697 2309 arcamarcaa).
747 2234 942 2294 Oileuderunt
964 2235 1037 2292 haee
1059 2235 1186 2291 editores
1208 2235 1332 2308 aliquot,
1356 2245 1388 2292 et

304 2321 423 2390 merit0;
446 2318 528 2400 (nam
541 2319 634 2378 Gaius
652 2330 681 2376 et
698 2321 771 2379 Otto
794 2321 860 2378 ideo
873 2321 972 2377 omnia
984 2321 1134 2395 praeclare
1147 2320 1256 2377 habere
1268 2328 1385 2395 putant,

304 2404 383 2479 quod
405 2405 443 2460 ad
461 2404 665 2462 difficultatem
689 2405 915 2481 intellegendam
935 2405 1082 2480 torpent);
1105 2405 1252 2479 corrigere
1275 2406 1386 2461 iniuria

304 2490 402 2546 eonati
425 2500 501 2559 suut,
525 2508 579 2546 nee
596 2508 643 2546 ras
654 2491 812 2564 processit;
836 2509 903 2547 nam
915 2490 992 2565 parti
1004 2490 1181 2547 incommodi
1194 2489 1384 2559 subveniunt,

304 2584 417 2651 part-ern
440 2571 611 2648 relinquunt
632 2585 684 2632 aut
705 2585 829 2651 augent,
857 2586 890 2633 ut
912 2576 1053 2632 Pearcius
1076 2585 1107 2631 at
1128 2575 1297 2645 Ernestiue,
1332 2575 1385 2648 qui

304 2659 392 2717 scribi
405 2660 523 2716 volunt:
540 2663 644 2735 purtim
661 2663 798 2734 rrrclulpcul
809 2662 896 2717 labori
916 2665 943 2716 in
964 2662 1104 2734 gignendo,
1128 2663 1155 2715 in
1178 2661 1331 2730 alricuuclo,
1356 2671 1386 2715 ut

298 2747 432 2820 per-facile
454 2753 509 2802 cet.
544 2745 724 2802 violent-iam
743 2745 934 2802 correctionis
946 2746 1064 2812 omitt03
1088 2744 1160 2801 illud
1182 2745 1280 2812 etiam,
1304 2744 1385 2818 quod

304 2833 440 2904 indulgere
463 2831 549 2886 labori
568 2832 684 2905 poetice
707 2831 815 2888 dieitur
838 2839 868 2886 et
889 2831 948 2886 alio
971 2831 1151 2906 significatu,
1175 2829 1227 2886 aed
1249 2829 1289 2900 hi,
1313 2829 1385 2886 tlum

302 2915 333 2972 iu
356 2915 451 2991 primo
475 2915 605 2972 membro
618 2916 711 2990 ipsam
724 2916 870 2973 actionem
883 2915 984 2972 audem
999 2915 1085 2971 modo
1098 2914 1257 2991 significari
1268 2914 1384 2983 volunt,

304 3019 362 3075 quo
385 3001 415 3058 in
438 3000 590 3075 proximis,
614 3020 735 3075 prorsus
757 3001 943 3058 intolerabile
966 2999 1099 3058 efficiunt
1120 2999 1208 3070 illud,
1231 2999 1318 3074 ,quod
1340 2999 1386 3056 sie

304 3087 391 3161 plane
414 3085 572 3161 separatim
601 3085 722 3142 dicitur:
756 3089 839 3160 quid,
869 3090 894 3142 si
919 3092 998 3141 etium
1026 3086 1123 3142 bestiae
1150 3087 1234 3141 multa
1255 3087 1386 3158 sacimas?

303 3170 420 3228 Deinde
443 3188 501 3228 non
530 3171 639 3227 tollunt
666 3170 904 3245 inaequalitatem
934 3189 1013 3242 esur,
1048 3188 1123 3245 quae
1151 3189 1188 3226 ex
1217 3189 1251 3226 eo
1280 3169 1386 3241 oritur,

305 3256 383 3329 quod
407 3255 502 3331 primo
525 3255 657 3312 membro
680 3256 848 3313 adiciuntur
869 3255 935 3312 illa:
958 3266 988 3312 ut
1005 3258 1138 3330 perfacile
1160 3265 1215 3312 cet.
1239 3254 1314 3312 Mihi
1326 3254 1387 3329 ipsi

303 3340 473 3414 aliquando,
497 3358 561 3396 curu
585 3340 715 3396 noudum
738 3341 810 3398 setis
825 3341 1032 3416 perspicerem,
1055 3350 1128 3414 quot
1144 3339 1386 3398 festinantismili

303 3425 413 3482 indicia
440 3425 470 3482 hi
492 3425 560 3482 libri
580 3425 733 3496 haberant,
756 3427 785 3483 iu
810 3435 936 3482 mentem
959 3435 1096 3482 venerat:
1133 3425 1219 3494 Qaal,
1254 3429 1280 3482 si
1305 3428 1388 3480 etium

304 3512 402 3568 bestiae
423 3513 506 3566 inulta
522 3512 632 3584 sucdrml
650 3515 801 3586 -partui
821 3513 986 3584 indulgentes
1008 3515 1050 3568 vel
1070 3531 1129 3568 cum
1152 3511 1241 3567 labore
1263 3519 1328 3580 cet,
1353 3521 1388 3566 ut

303 3596 359 3653 hoc
382 3596 418 3652 de
440 3594 624 3670 indulgentia
651 3615 721 3672 erga
743 3607 860 3671 partum
883 3593 1105 3676 (intellegebam
1128 3596 1215 3664 enim,
1238 3605 1388 3669 prenarrata

304 3675 403 3762 essent)
437 3681 631 3738 communiter
658 3682 695 3738 de
723 3683 859 3738 omnibus
889 3682 1049 3753 diceretur,
1084 3680 1188 3736 deinde
1211 3681 1388 3755 separatim:

299 3769 403 3841 partim
426 3799 467 3807 -
489 3768 567 3822 aliae.
618 3767 706 3823 Nune
733 3776 763 3823 et
790 3767 849 3823 alie
870 3767 901 3823 in
923 3767 980 3824 hoc
1002 3775 1109 3823 conatu
1132 3766 1267 3840 improbo
1291 3773 1321 3822 et
1342 3766 1389 3821 iu·

305 3851 427 3927 lellego,
451 3852 494 3908 sie
516 3851 580 3908 tolli
597 3852 741 3927 ,generale
764 3853 916 3908 exordium
941 3851 1104 3908 sententiae
1126 3850 1313 3907 deuniversa
1336 3851 1389 3906 be-

305 3936 427 3994 stiarum
450 3936 575 3993 actione.
609 3937 815 3994 Commemoro
838 3947 945 4006 tamen,
969 3955 1005 3992 ne
1028 3937 1079 3994 alii
1103 3935 1211 3992 similia
1233 3945 1389 4010 quaerant,

385 4025 489 4097 partim
512 4020 607 4099 cursu)
631 4021 681 4080 Sic
703 4022 893 4098 praeterllrl.
911 4022 999 4078 etiam
1017 4021 1082 4078 Pal.
1098 4026 1123 4088 1,
1147 4021 1225 4096 Spir.
1238 4019 1305 4099 [B],
1329 4041 1388 4097 mg.

306 4104 396 4178 Crat,
419 4106 483 4164 eod.
497 4107 582 4176 Mor,
602 4107 667 4164 edd.
678 4107 747 4164 inde
759 4126 777 4164 a
789 4107 952 4165 Grouorio.
975 4106 1148 4163 Deteriores
1159 4105 1284 4163 aliorum
1296 4105 1389 4163 inter·

306 4191 398 4265 palati
409 4201 443 4248 ut
454 4192 561 4262 nustri3
584 4202 702 4250 turtures
714 4203 746 4256 el,
760 4201 792 4249 ut
803 4191 865 4249 fere
877 4201 965 4248 antea
976 4192 1127 4260 edebatur,
1140 4191 1216 4248 Pell.
1233 4203 1304 4260 tres,
1328 4191 1389 4249 Ox.

306 4271 404 4352 Uffi}
419 4287 444 4333 el
466 4272 607 4357 turtures),
631 4281 732 4334 cicures
754 4289 779 4334 et
800 4278 859 4334 duo
881 4277 968 4347 Pali,
990 4290 1044 4352 χψ.
1088 4277 1165 4334 Dav.
1182 4287 1269 4348 tacet,
1294 4275 1390 4334 Gaius

306 4360 407 4416 eadem
419 4361 449 4418 in
462 4362 523 4419 suis
534 4361 626 4420 fuisse
638 4363 718 4420 dicit.
741 4363 856 4420 Deinde
865 4366 1053 4437 peragratione
1070 4370 1133 4420 erat
1145 4362 1233 4418 etiam
1245 4363 1275 4419 in
1289 4360 1330 4440 [B
1342 4361 1389 4440 et]
