2920 5012
414 393 457 440 nr
479 393 561 440 nnn.
582 393 646 440 mn.
668 395 680 440 1
702 393 775 441 cnr.
796 397 817 442 o.
1094 375 1136 441 65

75 561 190 640 ommni,
212 562 307 627 simul
329 568 424 644 atque
444 569 552 629 natum
573 563 628 642 sit,
654 562 845 645 voluptatem
867 568 1017 645 appetere
1038 579 1137 644 esque

75 665 198 745 gaudere
231 672 264 729 ut
298 665 541 746 summobono,
574 666 712 732 dolorem
743 665 907 746 aspernari
929 671 964 729 ut
984 684 1137 730 summum

76 767 175 832 nolum
208 775 254 846 et,
287 773 437 848 quantum
468 768 583 850 possit,
616 787 697 833 nse
718 768 882 850 repellere,
913 767 1008 850 idque
1035 767 1136 834 iecere

76 870 200 934 nondum
221 871 442 950 deprevatum,
475 871 546 952 ipss
566 877 680 935 notura
701 871 882 951 incorrupte
902 875 996 953 etque
1017 872 1136 952 integre

75 971 225 1037 iudicante.
270 971 382 1054 Imque
393 979 486 1055 neget
496 991 576 1054 opus
588 991 656 1038 esse
668 973 789 1038 ratione
807 973 1135 1054 nequedisputetione,
1154 975 1175 1038 5

77 1069 264 1154 quimobrem
285 1075 431 1156 voluptas
453 1077 633 1157 expetenda„
655 1074 819 1158 fugiendus
836 1074 925 1141 dolor
947 1075 995 1140 sit.
1019 1074 1133 1140 Sentiri

76 1174 123 1240 loc
141 1183 241 1258 putat
264 1183 300 1240 ut
320 1176 421 1242 celere
443 1177 559 1258 ignem,
592 1179 694 1243 nivem
716 1196 785 1243 esse
807 1177 922 1256 albam,
956 1177 1045 1242 dulce
1067 1175 1136 1254 mel,

76 1296 192 1358 qnorum
204 1279 281 1344 nihil
293 1287 438 1360 oportere
448 1280 608 1361 exquisitis
619 1281 791 1346 rationibus
803 1279 999 1358 confirmare;
1017 1286 1138 1351 tantum

76 1381 139 1444 sotis
169 1399 241 1446 esse
275 1382 457 1462 admonere3
501 1383 652 1448 interesse
684 1382 766 1448 enlm
802 1383 884 1447 inter
921 1389 1139 1464 argumentum

133 1589 152 1633 l.
171 1585 240 1650 qnod
262 1595 322 1652 ipro
340 1591 425 1653 eoque)
443 1587 466 1636 tt
487 1585 542 1654 [que
559 1585 609 1656 mn]
648 1591 670 1638 t.
689 1588 769 1639 ποοῦ
809 1589 833 1638 7.
855 1586 924 1655 [inec
941 1585 976 1655 Α]
999 1585 1053 1652 [mel
1070 1585 1137 1636 dulce

76 1651 102 1718 Δ]
155 1659 178 1705 8.
197 1664 315 1721 oporteret
332 1671 419 1706 omnes
462 1665 551 1706 tanturn
569 1657 660 1706 om2E
705 1661 728 1706 9.
753 1653 813 1724 [are
830 1655 891 1706 natm
913 1655 948 1724 Δ]
989 1656 1049 1706 enim
1067 1673 1138 1722 oryo-

77 1731 203 1788 mproe
220 1725 245 1774 E
264 1727 326 1788 (om.
346 1723 418 1790 noer)
472 1725 653 1791 [amentatum
672 1725 705 1792 A]

76 1897 205 1974 appellnt)
234 1888 332 1974 ὁρμᾶν
359 1887 413 1973 μὲν
435 1888 480 1956 ἐπὶ
507 1889 560 1974 τὴν
581 1887 702 1976 ἡδονήν,
736 1893 869 1956 ἐκκλίνειν
897 1888 928 1956 ti
953 1888 1137 1974 ἀλγηδόνας).

76 1979 127 2038 Cir.
146 1983 211 2040 adv.
233 1984 329 2042 Meth.
351 1985 409 2054 xl,
434 1985 472 2042 96
496 1977 629 2062 (μηδέπω
653 1985 717 2050 τοῖς
733 1974 812 2041 κατὰ
830 1969 921 2053 δόξαν
943 1979 1106 2058 δουλεῦον).

151 2069 199 2126 30.
221 2079 302 2144 nepot
323 2089 390 2145 opus
411 2071 590 2134 assentione
607 2087 701 2144 ‚neque
722 2071 913 2144 disputatimze)
958 2067 1028 2128 Sine
1051 2086 1139 2128 cause

76 2150 218 2212 Emmtins
229 2165 313 2230 atque
323 2157 502 2231 ἀπ’ῳιιῑαιιῡπι
512 2155 655 2224 malebam
677 2156 736 2214 rid.
747 2154 842 2213 Aean.
858 2155 900 2226 Π,
918 2155 972 2213 79:
1000 2153 1040 2210 Tu
1051 2165 1139 2212 ouem

79 2247 99 2292 le
117 2258 194 2314 oopus
209 2245 307 2316 fracto
328 2260 399 2298 remo
421 2261 525 2316 neque
547 2241 758 2300 columbaecollo
779 2243 942 2311 commoveri,
965 2249 1080 2314 etqune
1103 2241 1138 2298 de

76 2330 129 2380 toto
145 2345 252 2402 genere
274 2325 430 2403 negativae
442 2326 638 2384 adiunctionis
660 2337 728 2402 post
755 2326 940 2403 negotionem
968 2325 1138 2400 scripsimus

75 2427 121 2483 ego
148 2411 178 2468 in
204 2411 303 2488 Epist.
336 2411 375 2468 nd
402 2411 493 2470 Orell.
522 2433 552 2489 p.
575 2413 613 2470 66
643 2422 674 2469 et
699 2413 810 2488 Opusc.
837 2412 932 2468 Aoed.
959 2412 984 2481 Ι,
1013 2429 1042 2486 p.
1067 2413 1137 2477 344,

76 2493 221 2571 anptius
243 2497 282 2554 ad
305 2498 392 2554 Verr.
406 2498 465 2568 111,
490 2499 561 2555 220.
605 2497 725 2555 Erravit
751 2499 782 2554 in
804 2499 859 2555 hoc
881 2515 998 2572 quoque
1021 2517 1138 2574 genere,

75 2579 118 2651 qni
138 2599 232 2658 nuper
253 2582 377 2640 iuvenili
400 2583 550 2659 protervia
571 2582 723 2642 Ciceronis
751 2583 787 2640 ds
814 2581 919 2642 officiis
941 2582 1032 2640 libros
1060 2601 1139 2641 com-

74 2667 230 2740 mutavit,
253 2667 284 2724 in
311 2668 387 2725 libro
409 2669 455 2737 Π,
485 2670 540 2740 84,
568 2668 619 2725 nbi
641 2669 762 2746 legitur:
795 2669 952 2743 Numquam
978 2687 1026 2725 nec
1052 2673 1139 2726 mairo

72 2769 111 2804 ees
125 2755 238 2810 αέιῖοηιηι
256 2756 317 2827 suit
337 2773 384 2811 neo
404 2757 497 2812 meliro
518 2773 575 2812 nec
590 2757 705 2829 facilius
731 2757 888 2812 dissolomm
915 2765 963 2812 ost.
997 2753 1140 2814 Similiter

73 2833 186 2896 offendit
207 2838 303 2898 Gzius
325 2839 392 2896 libr.
414 2841 456 2912 11,
479 2841 530 2910 48,
552 2839 603 2898 nbi
625 2859 679 2916 pro
702 2860 785 2916 neque
806 2842 895 2898 olom
922 2840 1017 2917 possit
1043 2841 1138 2898 videri

72 2919 217 2982 dicendum
239 2924 332 2982 fnisse
354 2936 435 3000 atque
455 2928 552 2984 videre.

148 3029 265 3084 pirorum
276 3012 345 3068 nihil
354 3013 487 3086 opor-tere)
508 3012 573 3069 Ant
594 3011 636 3068 sic
647 3011 833 3068 scribendum
856 3020 920 3068 erat
940 3021 1043 3068 contra
1054 3011 1138 3068 codd.

72 3101 114 3148 sot
134 3095 225 3170 paulo
247 3104 330 3171 post:
354 3106 456 3154 tontrnn
477 3099 544 3154 satis
565 3107 646 3167 essen
668 3097 778 3154 veriori
800 3097 830 3154 in
852 3095 907 3154 hoc
924 3096 1138 3154 contrariorum

72 3179 273 3238 coniunctione
295 3200 355 3238 non
377 3181 482 3257 potnit.
526 3182 630 3256 Itaque
652 3191 769 3240 secutus
797 3201 861 3239 sum
884 3200 949 3238 cum
977 3181 1044 3238 eliis
1066 3181 1138 3239 Aldi

73 3260 190 3338 Nepotis
213 3267 430 3338 coniecturam
454 3268 630 3340 (RMorsus
657 3285 716 3325 non
744 3268 786 3326 sic
814 3264 954 3343 scripsit).
1002 3267 1071 3325 Non
1094 3277 1138 3325 at·

71 3350 154 3408 tendit
181 3351 222 3408 ad
244 3353 456 3410 sententiarum
486 3353 719 3412 coniunctionem
741 3353 877 3411 Handius
904 3353 942 3410 ed
964 3351 1138 3429 Wopkensii

70 3431 156 3492 Leett.
179 3437 262 3496 Tull.
284 3458 313 3515 p.
340 3439 410 3510 177,
432 3438 483 3514 qui
501 3439 579 3514 quod
601 3439 637 3495 de
648 3439 844 3497 condicionali
866 3439 1028 3496 sententiae
1040 3439 1138 3496 colore

69 3517 149 3592 dixit,
184 3523 262 3580 nihil
290 3531 350 3595 est3
378 3524 525 3600 Epicurus
557 3523 667 3581 diceret
700 3525 886 3600 simpliciter:
924 3523 1003 3581 nitri
1028 3534 1137 3600 oportet.

70 3605 207 3682 Alioquin
229 3617 349 3685 poteret
371 3628 440 3667 sene
462 3610 493 3666 in
515 3609 661 3667 sententis
671 3611 796 3668 relative
807 3629 861 3687 pro
873 3609 1028 3681 infinitivo,
1052 3628 1138 3684 quern

68 3693 298 3752 continuativum
321 3694 472 3771 appellare
494 3695 584 3767 soleo,
606 3695 727 3753 retineri
748 3696 831 3754 finita
851 3694 961 3766 forma,
994 3704 1138 3771 utsupra

72 3775 101 3830 l‘l
123 3787 152 3836 et
174 3781 210 3838 11
226 3781 267 3839 N.
279 3781 318 3837 Ι).
331 3782 381 3836 44.
405 3781 463 3854 (De
485 3779 568 3840 Orat.
589 3781 615 3852 Ι,
640 3783 657 3839 5
680 3781 843 3839 infinitivus
855 3781 926 3857 poni
937 3799 995 3839 non
1007 3789 1137 3856 poterat;

68 3858 158 3938 iisqne
170 3865 230 3924 huc
242 3885 303 3923 non
314 3866 464 3942 pertinet.)
496 3866 569 3924 Alie
588 3867 774 3943 reperiuntur
795 3867 874 3943 spnd
895 3867 1080 3943 Kruegerum
1107 3866 1138 3922 in

67 3945 203 4009 melculo
226 3952 324 4027 primo
337 3951 549 4026 Quaestionum
569 3953 828 4028 ¹grommuticurum
849 3971 877 4028 p.
901 3954 951 4023 45,
976 3953 1025 4010 46.

144 4048 271 4112 oportere
282 4069 324 4078 —-
335 4039 505 4112 consternare)
516 4037 670 4096 Emertins
681 4040 836 4112 corrfimnorr'
841 4057 848 4108 ;
858 4037 996 4114 opposuit
1002 4035 1137 4094 Bromius

68 4117 118 4176 Off.
139 4123 201 4195 ΠΙ,
228 4123 257 4191 3,
281 4122 364 4180 Lael
389 4123 427 4180 59
451 4122 529 4195 (add.
553 4125 591 4181 61
616 4127 691 4199 etc).

142 4217 252 4266 immor
279 4211 348 4265 satri
375 4227 432 4265 esee
453 4211 606 4284 admonere)
633 4209 788 4268 Ernestius
816 4217 918 4265 mnium
945 4205 1137 4264 omittendum

66 4294 192 4363 putabet.
244 4294 384 4352 Bromius
414 4293 538 4351 advocet
559 4295 592 4352 11
614 4296 649 4352 de
671 4294 754 4353 Oret.
780 4294 853 4351 139:
880 4293 994 4350 Tantum
1011 4294 1078 4348 sons
1100 4298 1138 4346 est

66 4379 179 4454 &tulloqi
209 4399 245 4436 ne
262 4379 431 4454 hesperidon
442 4398 484 4437 eos
500 4391 650 4438 consecntos
666 4389 731 4452 ete,
754 4389 784 4437 et
795 4378 911 4439 Cornel.
919 4377 996 4454 Nep.
1007 4373 1136 4434 Hannib.

918 4495 935 4548 ὃ
