3034 5030
308 397 372 461 344
702 416 746 460 na
768 414 899 462 antinus
922 415 993 462 aon.

307 600 411 659 curua,
434 599 473 646 ne
494 583 774 662 argumentandum
802 583 927 664 quidem
949 601 1019 648 cese
1041 584 1081 648 de
1103 583 1277 664 voluptate,
1299 584 1398 664 quod

308 684 350 748 sit
370 683 507 764 positum
535 683 681 748 iudicium
709 685 775 750 eius
803 685 834 748 in
862 685 1017 762 sensibua‚
1051 691 1086 749 ut
1112 684 1299 750 commoneri
1326 703 1399 748 nos

308 784 384 849 satis
408 785 457 864 sit,
480 785 554 850 nihil
575 786 707 850 attineat
728 786 842 852 doceri.
871 787 975 863 Quare
996 787 1049 851 illa
1071 787 1159 852 nobis
1176 786 1303 866 simplex
1324 784 1400 848 fuit

308 886 339 950 in
361 896 525 966 utramque
546 893 669 966 partem
690 887 870 967 disputatio.
903 887 969 952 Nec
985 888 1066 952 enirn
1088 888 1119 953 in
1143 887 1294 969 Torquati
1316 905 1397 950 ser-

270 991 290 1054 5
308 1005 399 1052 mone
420 987 593 1069 quidquam
613 988 805 1069 implicatum
834 997 890 1053 aut
910 997 1084 1054 tortuosum
1107 990 1178 1068 luit,
1207 997 1396 1068 nostraque,

308 1096 344 1153 ut
369 1089 443 1154 mihi
471 1089 609 1168 videtur,
642 1090 776 1155 dilucida
808 1091 916 1155 oratio.
966 1090 1139 1184 Stoicorum
1171 1097 1289 1167 antem,
1322 1108 1397 1153 non

308 1190 450 1272 ignotae,
483 1209 576 1272 quam
604 1192 645 1256 sit
666 1191 777 1260 subtile
810 1192 858 1256 vel
891 1191 1052 1272 spinosum
1079 1193 1183 1272 potius
1210 1191 1396 1256 disserendi

308 1311 416 1373 genua,
443 1291 537 1374 idque
566 1311 634 1358 cunr
657 1293 884 1372 brueriacum
906 1293 1005 1373 magis
1026 1294 1130 1372 nobie,
1158 1291 1271 1374 quibua
1292 1293 1396 1356 etiarn

308 1395 404 1458 verba
426 1393 577 1475 parienda
599 1403 674 1459 sunt
694 1395 943 1476 imponendaque
955 1413 1036 1458 nova
1047 1395 1140 1459 rebus
1152 1394 1239 1458 novis
1251 1393 1393 1458 nomina.

382 1601 403 1650 l.
422 1612 464 1647 nec
483 1597 575 1647 Lucu
630 1603 653 1645 2.
677 1597 726 1646 aiae
745 1597 854 1646 rbuieiara
873 1597 991 1648 traicit
1043 1598 1102 1648 elE
1143 1597 1281 1648 commoveri
1300 1595 1394 1663 [ENJR

310 1673 334 1718 4.
355 1664 470 1733 [aenaeae
488 1682 529 1715 nec
547 1664 672 1729 quicquam
691 1663 766 1732 aab]
822 1671 845 1713 5.
864 1665 998 1730 implicitam
1017 1667 1038 1716 C
1092 1669 1114 1718 7.
1130 1667 1209 1731 potres
1227 1666 1344 1730 spinosum
1369 1666 1392 1713 b

310 1738 333 1782 9.
356 1732 509 1801 [pommdaq'
527 1733 562 1801 A]
618 1733 684 1783 novr'a
701 1735 769 1783 rebar
788 1733 951 1786 LPMCROr.

310 1899 402 1966 parte.
447 1889 569 1948 Scilicet
589 1890 686 1965 ipsum
714 1909 812 1948 caricae
839 1892 959 1965 difficilia
986 1909 1093 1947 nornen
1116 1909 1219 1965 parum
1242 1900 1309 1966 apte
1332 1909 1393 1964 po-

310 1975 414 2046 situm,
449 1993 514 2032 eum
548 1974 583 2031 de
606 1976 845 2052 oppugnantibus
867 1986 1004 2052 ageretur
1026 1973 1107 2052 (nam
1135 1975 1173 2031 ad
1196 1975 1393 2032 defendentes

310 2069 412 2136 aptum
435 2059 522 2134 erat),
544 2078 604 2117 non
626 2059 731 2117 habuit
752 2061 903 2137 proprium
926 2062 1059 2117 verbum.

397 2145 425 2200 3.
459 2165 491 2202 ae
511 2147 752 2218 turpeomnia-adam
773 2137 894 2220 qur'derra)
928 2145 986 2203 Neo
1008 2145 1097 2202 etiarn
1119 2139 1202 2214 But,
1225 2154 1257 2201 ut
1279 2143 1392 2200 malam

311 2229 552 2286 consvetudinern
574 2229 762 2288 librariorum
784 2231 873 2288 etiam
895 2231 967 2288 alibi
989 2239 1176 2287 contemnere
1194 2229 1303 2298 discas;
1326 2229 1392 2286 vid.

310 2331 373 2372 exc.
397 2314 435 2371 ad
457 2313 499 2384 II,
524 2315 572 2370 25.
617 2315 664 2372 De
686 2335 718 2372 re
740 2315 799 2372 vid.
821 2315 853 2386 Ι,
877 2317 926 2373 30.
971 2317 1105 2372 Iadio'nnr
1126 2318 1182 2372 ciue
1210 2314 1394 2392 (eratenim

310 2399 474 2474 inversum)
498 2397 591 2456 Gziue
613 2400 701 2457 etiam
725 2419 741 2456 e
764 2401 852 2475 Spin,
875 2400 955 2459 Gud.
982 2404 1008 2468 1,
1031 2401 1100 2457 Bes.

397 2503 465 2540 nova
487 2485 565 2541 rebua
587 2489 661 2542 rrovie
683 2485 802 2562 tremine)
826 2485 876 2544 sio
897 2486 985 2542 etiarn
998 2483 1086 2563 [ΑΒ]
1109 2485 1187 2560 Spir.
1216 2483 1343 2542 InGud.
1375 2487 1390 2541 1

311 2578 341 2625 et
361 2570 431 2625 Bas.
454 2579 518 2626 erat
539 2589 608 2626 nova
630 2571 683 2626 reb.
707 2589 775 2626 nom.
798 2573 879 2627 rroor'r.
914 2571 986 2628 Mox
998 2571 1153 2628 Ernestius
1169 2568 1298 2626 malebat
1314 2589 1394 2626 neore

310 2673 357 2712 aec
379 2655 544 2711 predicem'ter
570 2663 623 2711 aut
644 2674 718 2712 aerae
738 2657 780 2712 vel
801 2657 980 2723 aedicerr‘ter3
1014 2656 1116 2712 debuit
1137 2675 1211 2712 aerae
1237 2675 1269 2711 ne
1289 2657 1395 2710 rnedio-

311 2743 391 2798 crr'ler
413 2739 529 2813 quidem.
574 2737 708 2814 Opponit
729 2738 823 2799 Gaius
845 2740 931 2798 Rhet
954 2740 992 2797 ad
1014 2741 1144 2798 Herenn.
1167 2740 1274 2808 1v,7=
1298 2743 1394 2813 quiere

311 2826 477 2881 mediocriter
489 2826 630 2881 litteratae.
654 2825 767 2882 Eodem
789 2825 876 2882 modo
898 2826 1101 2883 dieituromru'c
1113 2828 1236 2882 rrriaimae
1258 2826 1396 2882 arnallus

310 2911 443 2980 mirabaris,
467 2909 517 2965 ubi
540 2919 677 2984 expectet
698 2910 844 2984 quispiam
867 2913 908 2968 vel
930 2914 1061 2980 intuamur,
1084 2931 1116 2968 ae
1132 2911 1395 2984 minimaequr'dern3

311 2993 370 3050 vid.
393 2995 431 3050 ad
453 2995 535 3050 Fam.
558 2993 583 3064 Ι,
608 2995 637 3064 8,
662 2996 695 3051 6:
717 2997 819 3051 arellam
841 3015 896 3052 rem
918 3015 975 3053 aare
996 2999 1132 3054 miralmont
1155 2994 1330 3072 (lambinua
1351 2997 1397 3052 vel

312 3079 476 3154 atiniarum),
500 3098 554 3153 pro
581 3078 697 3137 Cluent.
729 3079 803 3136 137:
826 3100 910 3154 aeque
932 3083 962 3138 id
983 3083 1039 3137 ullu
1062 3084 1215 3138 oerrtaerimu
1241 3082 1395 3154 arapiciorre

312 3165 367 3238 (vel
389 3175 438 3220 ten.
462 3164 624 3220 Lambinus
651 3173 682 3220 et
708 3165 799 3221 ceteri
826 3175 894 3222 ante
917 3165 1132 3240 classariam),
1166 3165 1205 3223 N.
1227 3165 1265 3222 D.
1288 3165 1313 3234 Ι,
1338 3166 1393 3234 67,

312 3247 416 3324 fragm.
429 3249 583 3306 Hortensii
605 3267 634 3324 p.
658 3251 718 3305 485
743 3249 795 3307 Or.
829 3249 888 3309 Sed
910 3252 940 3307 in
952 3252 985 3308 II
997 3252 1118 3309 Tuscul.
1142 3252 1170 3321 7,
1193 3250 1393 3324 quemloeurn

312 3331 512 3408 Wopkensius
526 3332 636 3412 (Leett
649 3333 728 3392 Tull.
740 3354 769 3408 p.
782 3333 839 3412 57)
863 3335 950 3394 huius
972 3336 1192 3410 comparatione
1204 3333 1393 3404 defendebat,

313 3421 421 3493 quidem
437 3428 505 3493 post
522 3421 686 3476 mediocriter
708 3438 832 3494 pravum
853 3439 928 3492 esse,
951 3421 1008 3477 nisi
1030 3421 1250 3496 praecedatur,
1273 3419 1393 3491 sentiet,

313 3504 363 3578 qui
386 3515 467 3560 certo
489 3522 577 3560 sensu
599 3504 660 3562 vim
682 3503 846 3580 particulae
867 3507 974 3580 paridem
996 3506 1138 3581 percepit.
1177 3501 1270 3585 [Addr'
1294 3514 1397 3578 potest

312 3589 344 3646 Π
367 3588 404 3644 de
427 3587 509 3646 Orat.
536 3589 609 3645 162:
632 3592 681 3662 qai
701 3609 789 3646 orarrea
811 3594 979 3648 terrulaeimae
997 3593 1204 3666 porticulue—
1221 3593 1248 3646 br
1271 3609 1300 3646 oe
1321 3592 1394 3646 irrec-

314 3683 390 3739 rcnt,
413 3673 574 3746 eodemque
597 3673 698 3740 modo,
726 3692 785 3732 non
808 3677 1002 3749 praecedente
1024 3680 1122 3747 ornaris,
1154 3685 1234 3732 reete
1255 3674 1314 3731 diei
1337 3694 1395 3750 pro

314 3759 400 3816 Rosc.
423 3761 492 3816 Am.
519 3759 594 3814 loa:
623 3768 651 3814 ut
673 3763 700 3814 r'a
722 3763 836 3816 nrr'rrr'mr'a
858 3762 937 3818 rebare
960 3763 1075 3818 leontinae
1097 3762 1257 3836 araplr'eer'rrri
1278 3763 1395 3816 aermna-

314 3847 386 3899 nr'anr
408 3845 442 3900 cle
463 3863 514 3900 auo
543 3863 571 3900 re
592 3863 644 3899 aon
666 3846 792 3914 «licerent,
814 3845 865 3902 ubi
888 3864 982 3921 nuper
1003 3845 1180 3902 addiderunt
1202 3847 1243 3902 ael
1264 3847 1320 3922 (—
1342 3845 1395 3901 de-

314 3929 403 3984 bebat
424 3938 487 3984 turn
510 3927 582 3984 dici:
605 3938 634 3985 ul
655 3948 687 3986 aa
709 3932 735 3985 ia
758 3933 820 3986 rarii.
843 3933 952 4004 quidem
973 3933 1052 3988 rebus
1064 3933 1181 3988 dicerent
1199 3934 1263 4007 —)‚
1286 3931 1394 3987 confir·

316 4023 411 4069 matur
432 4023 601 4088 comparato
620 4012 684 4070 loeo
703 4015 845 4072 orationis
873 4035 927 4090 pro
950 4017 1047 4073 Flace.
1074 4017 1127 4073 12:
1150 4035 1196 4074 voe
1224 4019 1251 4072 ia
1274 4018 1395 4090 preludo

315 4101 482 4154 mr'rrr'rnurroa
505 4117 593 4154 rerum
615 4101 720 4156 irrcbcr'r'a
743 4110 832 4156 testem
855 4103 994 4174 diliperrler
1017 4105 1175 4176 erperrditr'a.
1218 4100 1339 4158 Erravit
1362 4100 1394 4157 in

315 4181 370 4237 hoc
392 4201 499 4257 genere
522 4182 609 4240 etiarn
633 4184 762 4241 Haasius
789 4185 819 4241 in
850 4185 953 4244 Senec.
982 4187 1076 4262 Epiat.
1103 4187 1178 4244 118.
1205 4187 1258 4243 12:
1292 4187 1398 4242 arellam

314 4276 353 4322 eet
375 4269 510 4324 morianna
532 4271 746 4326 corricnrrrendam
768 4266 887 4349 bertuna]
