3034 5030
315 411 379 478 386
710 431 754 476 ns
776 430 908 478 nmmos
930 431 1002 478 nou.

315 597 431 664 stitiam
464 603 496 662 et
522 605 558 662 ut
584 597 704 676 omnia,
732 617 813 680 quae
839 597 955 664 homiui
977 599 1132 682 accidant,
1166 599 1246 665 inira
1268 619 1399 666 ecesse

277 773 280 778 ,
314 700 442 779 iudicet,
475 700 560 780 quod
586 700 668 764 idem
702 701 814 766 celeus
841 702 962 767 artibus
984 719 1046 767 non
1069 700 1228 784 contingit.
1273 701 1398 768 Tenere

315 808 420 868 autem
447 802 580 866 virtutes
609 820 663 867 eas
689 801 791 883 ipsas,
825 821 957 886 quamm
985 804 1078 868 modo
1111 801 1168 868 ieci
1198 803 1398 882 mentionem,

315 923 404 970 nemo
426 903 557 986 poterit,
585 903 646 969 nisi
668 905 828 984 subierit,
862 905 936 970 nihil
958 923 1041 984 csse,
1075 906 1159 987 quod
1186 905 1310 971 intersit
1337 913 1397 970 aut

276 1010 297 1073 5
314 1005 441 1072 differat
461 1006 547 1071 aliud
568 1005 608 1071 ab
630 1004 700 1084 alio,
722 1013 849 1087 praeter
871 1007 1003 1073 honesta
1025 1013 1056 1072 et
1077 1007 1191 1088 turpis.

400 1110 451 1174 26.
474 1108 645 1173 Videamus
667 1126 758 1186 nnnc,
781 1127 874 1190 qnam
897 1109 961 1174 sint
976 1109 1138 1191 praeclare
1159 1109 1212 1174 illa
1233 1109 1291 1190 his,
1313 1129 1397 1191 quae

387 1317 407 1364 1.
430 1309 461 1379 [et
483 1311 562 1362 utOr.
599 1309 741 1361 accidenti]
782 1330 808 1362 re
822 1313 1004 1377 poodueaseb
1041 1319 1064 1365 2.
1084 1313 1107 1362 in
1126 1311 1208 1362 octab
1227 1313 1395 1364 inuentor.

316 1380 419 1446 [contiqd
437 1383 468 1460 A·
503 1385 545 1462 ,³·
565 1379 677 1459 [puerum
698 1379 734 1498 13
780 1381 917 1432 maribam
925 1381 984 1444 feci
998 1381 1073 1431 Men
1118 1387 1141 1435 5,
1164 1380 1222 1449 [nisi
1237 1397 1283 1448 pro
1297 1391 1399 1447 praeter

314 1449 363 1515 En]
401 1453 424 1502 n.
443 1457 475 1498 snt
494 1449 512 1497 1⁸.
565 1465 595 1496 m
613 1447 711 1499 PMCR
736 1464 755 1496 r.

313 1655 431 1715 annecti
453 1655 584 1713 videtur:
617 1665 643 1712 et
665 1667 694 1713 nt
715 1660 803 1714 mnino
825 1667 895 1728 cet,
924 1656 977 1714 sed
998 1657 1071 1714 haec
1093 1659 1186 1715 verba
1206 1657 1395 1734 apertissime

313 1742 484 1801 describunt
505 1741 728 1817 despicientiam
755 1760 854 1799 rorum
881 1741 1091 1814 humanarum,
1125 1761 1201 1816 quae
1223 1743 1326 1800 eadem
1349 1755 1398 1802 est

313 1847 348 1886 ac
376 1827 548 1905 magnitudo
570 1827 669 1884 animi.
713 1828 820 1900 Itaque
847 1827 1002 1886 Ernestius
1030 1837 1061 1886 et
1085 1837 1191 1903 postea
1217 1828 1268 1886 alii
1296 1839 1321 1885 ct
1342 1828 1395 1887 de-

312 1913 432 1972 lendum
455 1931 519 1969 esse
541 1912 717 1982 iudicarunt,
741 1921 775 1969 ut
796 1912 842 1970 his
864 1912 1192 1971 verbisdemoustrctur
1208 1914 1395 1989 superiorum

313 2001 455 2057 virtutum
479 1995 610 2054 effectus.
662 1999 774 2056 Verum
802 2015 839 2054 nc
867 1999 897 2054 id
924 1998 1043 2071 quidem
1071 1999 1218 2074 procedit,
1252 2000 1393 2074 quoniam

312 2085 459 2154 iustitiae,
499 2101 575 2156 quae
604 2081 712 2141 Stoicis
741 2091 805 2139 erat
832 2072 975 2158 ἐπιστήμη
999 2074 1196 2158 ἀπονεμητικὴ
1223 2081 1276 2157 τῆς
1306 2075 1396 2152 ἀξίας

312 2157 438 2240 ἑκάστῳ,
461 2168 517 2224 hoc
540 2168 691 2244 proprium
715 2187 772 2225 non
796 2177 850 2226 est.
884 2167 1085 2226 Confiteamur
1096 2168 1195 2243 igitur,
1219 2168 1395 2227 Ciceronem

313 2253 409 2311 minus
432 2252 589 2328 diligenter
610 2253 658 2310 hic
681 2253 851 2311 distinxisse
874 2252 1017 2310 virtutum
1040 2253 1169 2328 species3
1197 2273 1265 2311 nam
1286 2263 1321 2310 ut
1342 2254 1395 2310 de-

313 2339 469 2416 spicientia
491 2356 612 2396 casuum
635 2339 841 2409 humanorum,
864 2338 934 2412 quia
956 2339 1169 2415 complectatur
1190 2347 1394 2416 contemptum

282 2431 286 2440 ’
313 2424 483 2482 divitiarum
507 2432 537 2480 et
559 2424 601 2480 sic
624 2423 835 2499 cupiditatibus
858 2423 1035 2494 moderetur,
1059 2425 1272 2499 temperantiae
1295 2425 1395 2482 locum

313 2517 427 2578 teneat,
461 2527 521 2566 non
550 2509 643 2585 magis
673 2509 735 2566 fieri
764 2519 871 2585 potest.
915 2511 1050 2566 Accidunt
1079 2517 1239 2583 ,quattuor
1266 2510 1394 2585 optimi“

313 2595 382 2654 Gzii
405 2594 489 2652 codd.
512 2592 568 2672 [B]
598 2603 628 2652 et
655 2593 712 2653 Ox.
740 2595 782 2664 E;
824 2593 1014 2673 [adversatur
1036 2593 1090 2672 A].
1135 2593 1223 2672 [Mox
1251 2598 1278 2652 in
1306 2589 1396 2653 omisi

313 2689 433 2738 secutus
455 2681 512 2738 AB
525 2679 596 2751 Erl,
619 2689 652 2736 ut
675 2699 768 2755 paene
780 2691 930 2754 umquam
953 2699 1097 2755 personae
1110 2689 1188 2738 artas
1201 2679 1396 2758 cogitentur]

313 2767 375 2822 Eos
398 2784 454 2822 om.
478 2759 535 2835 ne,
559 2765 617 2822 vid.
630 2764 668 2821 ad
690 2765 732 2834 Π,
746 2765 794 2822 93.
830 2766 899 2822 Feci
914 2769 1067 2822 mentionem
1085 2764 1179 2824 Gaius
1196 2784 1234 2822 ex
1256 2764 1397 2824 omnibus

313 2851 389 2920 suis;
419 2858 483 2907 erat
509 2860 587 2907 ment.
609 2853 680 2923 secr}
714 2850 794 2908 illius
822 2850 934 2908 ordinis
956 2851 1093 2926 exempla
1115 2851 1235 2926 collegit
1256 2850 1398 2908 Klotzius

312 2937 350 2994 ad
372 2935 454 2994 Lael.
476 2954 505 3011 p.
532 2937 590 2992 185
615 2945 645 2992 et
670 2937 738 2992 186.

399 3023 473 3096 qood
494 3023 597 3078 interm
625 3031 672 3077 out
701 3023 809 3094 disserat
836 3023 914 3077 aliod
934 3021 969 3076 ab
992 3015 1059 3100 alio)
1092 3020 1233 3078 Davisius
1264 3020 1398 3078 malebat

313 3105 402 3188 scribi
424 3117 472 3164 aut
494 3125 555 3180 qno,
578 3105 725 3178 Bromius,
749 3103 837 3179 quem'
847 3105 970 3163 Baianus
982 3105 1019 3162 ad
1032 3103 1090 3164 Off.
1103 3107 1127 3176 1,
1144 3105 1200 3164 151
1220 3125 1249 3182 p.
1268 3105 1328 3162 299
1348 3124 1396 3162 se-

313 3192 422 3267 quitur,
447 3191 542 3248 audiri
571 3210 624 3266 qno
651 3209 688 3248 ex
717 3193 798 3266 qnod.
844 3191 938 3264 Atqui
972 3209 1029 3248 non
1059 3191 1181 3258 dicitnr,
1215 3190 1288 3247 nihil
1317 3209 1395 3252 csse.

313 3297 367 3352 quo
393 3295 441 3334 res
464 3275 617 3344 differant,
652 3285 770 3352 praeter
803 3277 927 3334 honesta
960 3285 990 3333 et
1017 3276 1116 3352 turpia
1144 3276 1285 3352 (debebat
1318 3275 1395 3334 dici:

313 3371 431 3438 praeter
453 3361 637 3418 honestatem
668 3371 697 3417 et
719 3360 956 3437 turpitudinem),
997 3361 1048 3418 sed
1075 3363 1173 3419 nullus
1200 3380 1247 3418 res
1274 3371 1397 3436 praeter

312 3449 385 3505 haec
408 3466 482 3518 esse,
504 3465 580 3521 quae
603 3445 798 3504 differentiam
823 3446 873 3523 (ut
883 3447 1066 3523 expetendae
1084 3455 1136 3503 aut
1149 3446 1306 3522 fugiendae
1319 3445 1396 3524 sint)

313 3533 450 3590 habeant.
495 3533 636 3590 Senserat
658 3532 716 3588 iam
738 3532 903 3589 Ernestius.
948 3533 1015 3589 Non
1039 3533 1233 3588 meminerant
1260 3531 1316 3588 riri
1340 3551 1396 3608 op-

313 3618 387 3689 timi,
410 3626 439 3674 et
451 3617 634 3683 Terentium,
658 3636 745 3691 quem
774 3616 942 3676 Schellerus
970 3636 1036 3694 pag.
1061 3617 1143 3674 5246
1167 3625 1272 3674 testem
1289 3617 1396 3692 appel-

312 3704 364 3774 lat,
395 3703 520 3760 dixisse:
554 3704 619 3759 boec
647 3722 690 3758 res
718 3706 826 3759 interest
853 3705 894 3759 illi
918 3711 949 3760 et
975 3703 1072 3778 ipsum
1090 3701 1263 3761 Ciceronem
1287 3703 1321 3758 ob
1344 3705 1395 3759 illu

313 3801 357 3847 ter
378 3796 498 3864 praeter
520 3789 597 3844 hunc
619 3788 726 3858 locum,
749 3788 844 3844 Acad.
868 3788 915 3857 Π,
946 3789 984 3845 27
1015 3789 1074 3860 (illu
1103 3790 1163 3844 visa
1193 3797 1289 3861 negant
1310 3789 1395 3862 quid·

312 3895 394 3950 qnam
422 3893 440 3930 a
462 3875 547 3947 salsis
575 3869 714 3952 interesse)
742 3882 772 3930 et
795 3873 835 3930 83
859 3869 961 3948 (vistim
988 3875 1078 3933 alind.
1112 3874 1186 3946 qnod
1211 3874 1247 3929 ab
1273 3891 1303 3929 eo
1324 3874 1397 3930 niihil

312 3959 429 4036 intersit)
459 3969 489 4015 et
511 3959 548 4015 ad
571 3961 635 4016 Att.
659 3960 697 4028 V,
725 3959 761 4015 19
786 3967 861 4016 extr.
885 3948 935 4038 (τὸ
957 3955 1083 4032 νεμεσᾶν
1104 3961 1213 4014 interest
1234 3953 1290 4012 τοῦ
1311 3959 1394 4030 φθο-

313 4042 394 4122 νεῖν).
438 4043 541 4121 [Quod
564 4044 672 4101 dicitur
693 4045 768 4118 qnod
790 4077 830 4084 -
854 4045 962 4118 differat
984 4044 1061 4098 uliud
1082 4044 1117 4098 ob
1139 4045 1207 4112 alio,
1235 4059 1294 4099 non
1317 4044 1396 4116 qnod

313 4131 421 4204 differat
441 4131 476 4186 od
499 4133 561 4194 olio,
585 4130 621 4186 de
644 4149 679 4187 ea
702 4129 764 4187 sive
787 4129 968 4187 abundantia
990 4128 1052 4185 sire
1080 4127 1267 4204 neglegentia
1288 4126 1395 4203 appel·

313 4214 402 4273 landa
424 4225 479 4288 est,
501 4215 562 4272 vid.
585 4215 623 4272 ad
645 4216 701 4284 IV,
727 4217 776 4271 54.
810 4215 918 4274 Utrum
937 4223 1049 4290 praeter
1071 4233 1108 4270 an
1132 4217 1185 4270 nisi
1205 4210 1262 4291 [B]
1285 4211 1395 4270 Cicero

312 4300 473 4375 scripserit,
497 4319 584 4358 nemo
605 4299 694 4357 facile
717 4298 820 4377 dicat]

399 4387 448 4442 26.
472 4405 553 4460 qinom
581 4389 634 4442 sint
653 4388 796 4461 praeclare
824 4383 900 4462 illo)
935 4402 1010 4457 qnae
1039 4385 1097 4440 iarn
1126 4383 1258 4440 dicturus
1286 4391 1332 4439 cst
1360 4391 1394 4439 et
