2928 5012
494 445 688 492 rnmrnrro.
1024 427 1128 492 XLIII

85 612 230 678 Orddanae
261 615 405 680 editionis
437 613 677 694 discrepantiam
709 612 854 679 facilioris
887 615 1127 696 comparationis

85 739 157 785 musa
174 723 325 802 annotavi,
347 729 390 802 ut,
413 723 466 788 ubi
489 721 564 788 nihii
585 722 617 786 in
628 722 710 787 notis
721 721 898 788 distinctius
910 729 1126 803 exponeretur,

84 829 133 892 eius
156 831 269 896 nomine
291 830 459 896 editionum
487 838 541 895 aut
568 830 704 894 onmium
730 835 786 894 aut
812 837 896 896 certe
923 830 1127 910 plurnnarum

84 953 223 1003 uvmmsus
255 937 490 1020 significaretur.
545 939 655 1018 Itaque
687 937 785 1002 elcubi
817 939 954 1019 positum
987 939 1031 1003 sIc
1065 948 1125 1002 est:

83 1045 263 1125 arneson,
295 1047 328 1112 in
356 1046 438 1112 notis
466 1053 569 1111 autem
597 1045 629 1110 in
652 1045 759 1126 parvis
780 1046 873 1110 rebus
896 1054 952 1111 ant
974 1046 1049 1111 nihil
1071 1053 1126 1110 aut

83 1151 228 1220 hummodi
249 1155 380 1236 aliquid:
403 1152 454 1219 Sir
475 1153 566 1218 mora
588 1151 680 1233 spo,
703 1153 745 1218 ibi
767 1153 966 1234 scripturae
989 1173 1038 1219 rne
1060 1155 1126 1236 pri-

83 1279 144 1324 mnn
162 1280 196 1326 er
216 1263 279 1328 ErI
302 1263 369 1328 solo
391 1268 446 1327 aut
468 1281 506 1328 ex
528 1280 565 1326 eo
577 1269 609 1326 et
620 1261 768 1342 Spirensi,
790 1262 883 1342 quive
904 1262 983 1326 alius
1005 1263 1126 1328 innota

80 1369 234 1450 appdlatur,
256 1377 378 1436 mutata
399 1377 455 1435 est
500 1370 604 1454 [Nunc
626 1369 761 1434 etiamA
784 1378 816 1434 et
836 1369 1124 1453 Bintellegnntur]

146 1477 236 1542 Usum
259 1479 413 1556 codicum,
446 1487 482 1542 ut
502 1497 561 1560 par
583 1481 665 1556 erat,
694 1497 815 1544 ornnem
843 1479 950 1542 rettuli
971 1479 1011 1542 ad
1034 1479 1126 1544 unire

80 1584 169 1650 codicis
188 1587 348 1668 archetypi
375 1586 561 1667 scripturam
588 1585 817 1664 Inveniendam,
850 1605 920 1650 cum
949 1596 1127 1652 nostrorum

79 1691 189 1757 codicum
210 1695 388 1759 testimonla
410 1695 441 1759 in
463 1713 501 1760 ea
524 1711 558 1759 re
580 1693 770 1774 exquirenda
781 1695 987 1776 ponderarem
1000 1695 1125 1777 ealege,

79 1817 151 1878 quan
169 1821 273 1866 eorum
296 1803 383 1884 origo
406 1802 723 1884 cognatioquedabat.
770 1803 946 1868 Constituto
969 1802 1050 1868 enim
1072 1821 1124 1867 co-

80 1907 137 1972 dicis
155 1910 311 1992 archetypi
324 1911 489 1992 scriptum,
516 1917 572 1975 aut
593 1929 699 1974 verum
721 1911 887 1975 tenebatur
908 1918 978 1989 aut,
1007 1912 1032 1976 si
1056 1929 1126 1976 curn

79 2014 122 2078 lar
138 2019 316 2084 aumontate
338 2019 418 2082 ratio
439 2018 613 2100 pugnabat,
635 2019 683 2096 id,
705 2037 724 2083 a
746 2037 808 2100 quo
829 2020 929 2084 omnis
952 2019 1018 2084 veri
1040 2021 1125 2084 inve-

79 2121 177 2204 stigatio
197 2123 352 2206 proficisci
368 2126 503 2192 deberet
531 2126 690 2208 Quidquid
711 2135 815 2191 autem
827 2129 999 2208 apparebat
1020 2129 1052 2192 in
1075 2148 1126 2193 co·

78 2230 128 2296 dice
146 2233 309 2316 archetypo
332 2253 394 2298 non
415 2233 520 2313 misse,
542 2235 575 2298 id
596 2243 651 2298 aut
661 2234 765 2300 mendi
781 2235 847 2300 loco
859 2235 1035 2300 habendum
1047 2255 1126 2316 esse,

78 2339 249 2420 perspicuum
282 2348 365 2420 erat,
403 2350 460 2406 aut
490 2343 685 2408 coniecturae
717 2349 828 2424 postea
862 2349 1013 2422 tentatae,
1047 2363 1127 2426 quae

77 2457 176 2522 purat
195 2449 351 2514 interdum
373 2468 442 2515 esse
469 2451 715 2516 consideratione
737 2450 839 2532 digna
884 2453 987 2532 Atque
1009 2453 1127 2516 utinam

76 2551 120 2616 hor
137 2555 297 2638 aliquando
308 2557 456 2639 philologi
478 2576 585 2623 omnes
606 2559 788 2639 intellegant
809 2567 841 2624 et
856 2565 990 2624 teneant.
1035 2560 1127 2625 Libe-

77 2660 189 2728 rabimur
209 2667 291 2730 enirn
314 2673 346 2746 et
367 2683 517 2746 perversa
539 2667 734 2748 quorvmdam
756 2666 993 2748 superstitione,
1016 2686 1035 2731 a
1057 2667 1125 2750 qni-

76 2766 120 2832 bus
138 2789 210 2838 rmus
231 2775 329 2838 codex
351 2774 555 2838 describendo
584 2773 819 2854 multipIIcatus,
853 2775 994 2855 quamvis
1021 2776 1126 2840 multis

77 2871 134 2942 Iods
152 2899 216 2944 earn
239 2881 333 2946 etiarn
355 2881 443 2946 inscii
465 2883 611 2948 deserere
633 2883 799 2964 cognatm,
831 2887 934 2948 tamen
964 2883 1036 2947 alibi
1059 2901 1126 2950 cer-

76 2983 180 3052 tissimis
205 2988 377 3054 rationibus
404 2989 596 3070 praefertur,
630 2999 661 3056 et
690 2990 775 3054 inani
801 2985 852 3054 illo
880 2991 1127 3055 coniecturarum

76 3087 129 3156 lusu
147 3113 181 3160 or
201 3096 342 3178 apicibus
364 3097 456 3162 unius
477 3099 647 3163 alteriusve
668 3099 781 3162 codicis
804 3099 967 3163 ductarum
985 3098 1127 3164 sineulla

78 3209 223 3268 uncorum
246 3213 303 3268 aut
324 3205 515 3286 cognationis
528 3225 610 3270 eura.
644 3207 754 3286 itaque
776 3205 808 3270 in
831 3205 969 3270 codicum
981 3207 1126 3272 dissensu

77 3307 212 3392 utriusque
229 3311 365 3378 familiae
387 3313 649 3394 comparationem
660 3313 727 3392 feci,
750 3333 810 3378 non
828 3313 1020 3394 singulorum
1042 3315 1126 3379 codi-

77 3432 140 3494 run3
160 3420 360 3502 [quamquam
383 3424 454 3486 Aet
469 3421 560 3486 BErl.
578 3441 638 3486 non
656 3421 880 3487 eiusdemmodi
909 3421 1030 3487 vinculo
1053 3442 1125 3487 con-

13 3609 14 3618 }
77 3519 227 3604 ingentu,
251 3547 312 3609 quo
335 3547 442 3593 omnes
464 3529 660 3610 deteriores}
695 3523 851 3608 Quotiens
866 3537 970 3595 autern
987 3531 1126 3596 eiusdem

78 3625 186 3698 anime
205 3637 326 3702 codices
337 3636 570 3716 dissentIebant,
593 3638 752 3719 exquisivi,
776 3639 931 3719 quodnam
949 3638 1049 3703 iahac
1061 3639 1129 3704 dis-⁸

76 3743 210 3819 uepantia
242 3743 470 3826 significaretur
500 3743 634 3810 familiae
665 3745 891 3825 testimonium,
925 3747 1071 3828 quoniam
1094 3747 1125 3812 id

13 3853 14 3864 ³
77 3859 150 3928 saepe
169 3859 283 3930 postea,
304 3852 336 3916 in
359 3851 513 3917 deteriore
534 3853 666 3917 maxime
692 3852 821 3932 familia,
851 3853 939 3918 novis
967 3855 1126 3920 erroribus

13 4035 15 4048 Ι
76 3965 232 4038 arrupnnn
253 3967 330 4024 erat.
364 3961 401 4024 Id
424 3960 554 4025 inveniri
564 3967 690 4041 poterat
705 3961 819 4042 partim
841 3961 970 4026 alterius
992 3961 1125 4028 familiae

13 4155 14 4160 ἵ
74 4067 289 4146 urnparatione,
302 4069 330 4149 Ι)
363 4069 478 4149 partim
506 4088 564 4150 per
591 4087 625 4133 se
653 4069 719 4134 sine
741 4069 795 4134 illa
817 4071 1046 4150 comparatione
1068 4089 1125 4152 ap-

81 4229 254 4248 κ

94 4319 111 4378 ¹)
127 4321 248 4375 interdurn
267 4332 353 4376 tamen
383 4329 409 4376 In
428 4330 512 4389 parvis
532 4327 608 4376 rebus
629 4328 718 4377 eadem
742 4327 878 4376 aberrandi
902 4332 1078 4392 opportunltas
1099 4333 1124 4378 in

129 4412 253 4474 utriusque
271 4411 384 4462 Iamlllae
403 4413 500 4475 altqnot
517 4413 651 4462 codinibns
671 4412 739 4462 Idem
759 4413 991 4476 mendumgenutt,
1010 4415 1078 4478 quod
1098 4417 1123 4462 In
