2948 5024
293 393 332 438 nr
356 393 436 438 nnn.
459 393 522 438 nra.
544 393 566 438 v
583 394 656 442 cnr.
679 399 721 441 ao.
984 379 1047 444 769

64 567 193 626 neruum
208 569 373 644 quaestuosa,
403 561 429 626 si
450 562 483 627 in
505 563 644 628 maximis
665 563 760 628 lucris
781 563 907 644 paulum
930 563 1049 646 aliquid

115 755 128 798 1.
144 749 202 816 [m'mi
213 758 253 800 ma
266 749 304 815 th]
353 767 440 816 pamm
457 749 551 816 aliquid
567 766 661 810 omnes,
681 750 724 802 Or.
743 765 801 800 cum
818 761 881 802 uota
897 754 981 802 mendi

44 942 120 1016 positi
136 951 194 999 sunt
215 940 401 1011 Preverius‚
424 942 503 1015 quod
519 941 550 998 in
566 943 634 1000 Bas.
653 952 682 1000 et
704 940 783 1001 Gud.
804 946 818 998 1
843 952 907 1000 erat
928 947 1049 1020 respicis,

43 1027 140 1102 scripsit
156 1037 187 1084 eat
203 1029 276 1102 cpiam
294 1027 413 1102 pravius
431 1025 561 1086 Orellius
584 1027 729 1085 excidisse
749 1027 876 1086 fortasse
898 1037 984 1105 putat
995 1031 1048 1088 lae-

40 1123 104 1170 tatur
121 1111 156 1190 (l),
174 1115 229 1169 treta
247 1121 284 1184 ert,
304 1131 362 1170 non
385 1112 636 1184 animadvertens,
670 1114 701 1170 in
723 1113 861 1172 ablativis
882 1113 942 1172 illia
963 1133 1049 1190 prae-

39 1199 223 1270 dicetensem,
247 1198 312 1272 quod
333 1198 512 1273 respondeat
533 1199 688 1256 adiectivis
716 1200 793 1256 beata
821 1207 850 1256 et
871 1211 1048 1274 quercetanum

39 1285 76 1340 ric
94 1283 184 1340 nullum
203 1302 274 1340 unum
294 1292 394 1359 aptum
412 1292 489 1353 erat3
513 1286 584 1342 laeta
595 1285 673 1341 enirn
685 1285 723 1342 ad
734 1284 861 1360 speciem
873 1285 1049 1361 pertinebat.

39 1371 106 1426 lusa.
118 1371 147 1440 V,
159 1371 191 1426 86
212 1367 297 1427 Cicero
319 1369 350 1426 in
361 1369 462 1426 cadem
486 1371 704 1446 comparatione
721 1373 867 1428 araneum
877 1372 1050 1444 fructuosam

39 1455 99 1512 ixit.
126 1455 187 1512 Alia
205 1455 406 1530 interpretando
428 1455 529 1512 turbat
549 1456 673 1514 Beierus
694 1455 732 1512 ad
754 1454 945 1526 off.111‚43.
988 1457 1049 1515 Pro

40 1544 114 1616 cpiam
134 1541 199 1615 apud
219 1539 365 1598 Gruterum
388 1529 543 1616 typotheta
564 1541 646 1598 dedit
666 1545 767 1616 ipsarn3
790 1541 821 1600 id
832 1541 973 1598 Davisius
985 1561 1048 1600 cor·

41 1645 106 1702 gens
116 1625 186 1683 codd.
198 1625 264 1684 Ball.
275 1631 300 1682 at
311 1626 408 1683 Mead.
421 1635 557 1684 auctores
570 1627 651 1698 citat,
664 1627 749 1702 quasi
760 1628 791 1684 in
802 1627 907 1685 ceteris
924 1627 1049 1685 alterum

40 1725 57 1783 t,
79 1711 160 1770 Gzius
179 1721 264 1768 autern
284 1710 344 1768 Erl.
367 1721 397 1768 et
419 1711 496 1787 Spir.
520 1721 563 1784 et,
597 1723 630 1769 ut
651 1731 768 1789 semper
783 1713 895 1788 aliquid
911 1713 1050 1788 propriae

56 1797 217 1854 incredibilis
236 1797 384 1873 pravitatis
405 1798 527 1870 habeat,
550 1817 607 1874 mg.
619 1797 714 1870 Crat,
738 1799 768 1856 in
785 1816 843 1872 quo
861 1797 936 1855 nihil
947 1799 1050 1856 scribi·

41 1904 58 1952 r,
80 1883 107 1939 in
125 1891 369 1952 commutatam,
392 1891 426 1939 ut
442 1882 520 1959 apud
536 1903 646 1941 omnen.
674 1884 769 1942 Panlo
786 1893 854 1940 ante
866 1903 903 1940 ex
916 1883 961 1940 ed.
973 1885 1049 1942 Van.

45 1969 79 2024 96
100 1969 183 2040 Man,
205 1969 308 2038 lamb„
332 1968 383 2025 alii
406 1988 462 2026 esce
480 1971 557 2026 beata
574 1978 677 2026 contra
692 1970 776 2026 codd.
799 1965 901 2048 (etiam
925 1967 1016 2044 Gaii).

72 2073 167 2128 panim
186 2055 285 2128 aliquid
305 2051 410 2134 damst)
438 2051 502 2134 [Sic
525 2052 690 2132 edebatur.]
733 2055 825 2112 Recte
853 2055 928 2112 hanc
957 2055 1049 2131 scrip-

41 2159 84 2195 arn
108 2139 251 2206 Ernestius
273 2150 301 2196 et
311 2140 448 2197 Bromius
465 2140 619 2197 damnasse
631 2140 778 2211 videntur,
801 2139 939 2215 quoniam
947 2159 1050 2216 param

40 2247 43 2280 ι
66 2236 117 2296 est,
140 2225 216 2299 quod
237 2225 283 2282 hic
293 2225 462 2300 requiritur,
485 2228 658 2282 nonmultum
680 2227 817 2302 (parvum
835 2225 955 2300 aliquod
968 2225 1050 2283 dum-

40 2310 74 2386 i),
98 2310 156 2382 sed,
179 2310 256 2384 quod
278 2311 423 2368 sententia
445 2311 633 2368 vehementer
654 2312 775 2387 respuit,
798 2315 928 2369 ucnaaa's
950 2306 1054 2392 (quasi

39 2416 43 2450 a
67 2396 164 2452 damni
187 2397 358 2454 contrahere
381 2407 526 2453 mercator
548 2396 670 2475 cupiat).
714 2397 820 2472 Neque
843 2415 906 2454 sum
924 2397 1049 2468 nescius,

39 2501 68 2538 cr
89 2501 106 2538 a
127 2482 263 2556 pluribus
286 2483 415 2558 priorem
438 2500 554 2557 quoque
567 2483 810 2559 significationem
834 2483 902 2539 huic
918 2483 1048 2539 vocitri-

40 2587 68 2622 nr
92 2585 167 2638 esse‚
192 2585 267 2641 quos
290 2569 425 2625 Moserus
447 2569 485 2624 ad
507 2569 646 2639 Tusc.V‚
660 2570 697 2625 41
712 2569 853 2626 nominat.
881 2568 994 2625 Verum
1005 2567 1049 2626 illi

40 2685 41 2688 =
54 2653 309 2723 animadvertunt,
319 2653 533 2727 Quintilianum
545 2654 635 2711 semel
647 2654 894 2711 itaesselocutum
902 2651 974 2730 (111.
985 2656 1011 2724 1,
1020 2653 1048 2725 5,

39 2739 97 2794 nisi
110 2749 292 2812 sequeretur
303 2741 423 2810 multem,
440 2758 499 2796 non
511 2741 628 2810 nimium,
649 2740 760 2796 servari
772 2739 814 2796 ibi
825 2739 946 2815 propria
957 2738 1049 2814 signi·

39 2844 54 2880 o
78 2821 228 2898 poterat),
253 2825 347 2882 semel
369 2825 439 2881 item
457 2823 589 2882 Plinium
605 2825 716 2900 Paneg.
730 2826 779 2885 20.
803 2825 893 2882 semel
906 2824 1049 2884 Senecam

48 2911 97 2975 16,
115 2911 133 2966 7
148 2911 236 2986 (nam
249 2910 320 2967 aliis
331 2911 404 2968 locis
416 2907 706 2989 praveabntuntur);
723 2909 799 2967 addo
810 2910 897 2966 huius
908 2909 964 2986 Ep.
979 2911 1007 2976 2,
1016 2912 1049 2967 6:

39 2998 86 3068 μα’
101 3015 215 3070 purum
240 2997 331 3063 habet,
355 2999 404 3052 aad
424 3002 473 3069 qui
489 2999 555 3071 plus
577 2999 657 3071 cupit
675 3015 785 3071 parapter
806 3005 853 3051 est.
892 2995 943 3052 Ad
965 2995 1049 3053 Cice-

39 3103 44 3136 ι
73 3091 106 3137 ct
130 3081 202 3138 eius
227 3081 374 3156 aequales
386 3081 595 3156 proximosque
607 3081 679 3138 haec
690 3081 763 3137 nihil
781 3081 937 3156 pertinent.
970 3081 1048 3136 Nam

44 3185 61 3222 e
89 3167 190 3224 Tusa.
210 3167 254 3236 V,
277 3167 317 3222 41
342 3165 511 3241 proferunt:
534 3187 583 3222 non
607 3169 655 3241 qm'
671 3185 773 3242 param
794 3169 898 3227 nietam.
932 3167 981 3222 ser]
1002 3169 1051 3240 qui

65 3262 146 3308 metu
171 3263 272 3322 vacat
298 3251 441 3326 quidquid
464 3261 509 3310 est
530 3253 672 3309 bonorum
696 3251 956 3308 auttolerabilium
969 3251 1049 3308 codi-

39 3339 136 3393 iabct
155 3357 275 3412 ρανυα,
302 3339 381 3412 quod
403 3346 483 3394 reeta
494 3338 630 3394 Klotaius
642 3346 759 3394 secutus
777 3346 835 3406 est;
858 3355 925 3393 narn
939 3355 1049 3412 parvus

46 3423 267 3498 significatur
293 3442 331 3479 ex
343 3423 443 3499 parvis
454 3424 556 3492 rebus,
580 3441 655 3498 qnae
667 3431 836 3480 metuantur
847 3422 993 3498 (corporis
1004 3422 1049 3478 in-

40 3509 95 3565 dis
110 3517 147 3565 et
160 3507 340 3586 externis).
371 3509 505 3568 Sallustii
521 3519 619 3566 autem
630 3509 721 3578 locus,
745 3509 797 3583 qui
813 3508 843 3564 in
855 3509 918 3584 Ing.
944 3509 993 3575 85,
1008 3507 1046 3564 31

64 3603 239 3668 quantam
268 3595 381 3651 habeat
392 3594 576 3670 pravitatem,
600 3603 731 3670 apparet.
743 3594 892 3668 quoniam,
915 3594 939 3650 si
953 3593 1049 3653 Sallu-

39 3681 65 3736 ri
67 3681 204 3754 psisset
214 3700 223 3736 :
230 3699 347 3755 parum
359 3683 478 3754 trifario,
491 3699 549 3737 non
562 3681 657 3738 solum
665 3700 767 3756 pomam
779 3689 856 3736 esset
867 3700 917 3736 non
929 3683 1049 3748 multum,

70 3765 280 3843 adiectivo:
305 3786 357 3822 non
380 3786 504 3838 mopnum
526 3769 557 3822 itl
571 3769 663 3840 facim
686 3784 863 3840 quamquam
881 3766 935 3822 hoc
952 3765 1048 3839 ipsum

42 3851 130 3907 livit
157 3835 230 3926 pl'ro
261 3870 314 3922 eo,
338 3852 415 3925 quod
439 3861 497 3908 est:
520 3872 571 3907 non
593 3854 684 3924 mqqm‘
704 3853 735 3908 id
749 3848 846 3924 jocio?
874 3850 1049 3908 Rectissime

40 3937 248 4008 relictarum,
281 3937 335 4011 qui
354 3955 391 3993 ex
406 3939 490 4012 parui
509 3939 540 3994 t'd
550 3945 646 3994 ortum
654 3938 758 4012 pamid
779 3944 809 3992 et
821 3955 859 3992 ex
876 3955 911 3994 eo
923 3935 1049 3992 lineolae

41 4042 78 4078 re
101 4041 244 4098 parum.
274 4025 311 4078 al
331 4021 441 4080 factum
465 4031 652 4097 putaverunt.
689 4022 851 4079 Praeterea
872 4040 931 4078 non
954 4021 1049 4078 solum

40 4109 87 4165 :io
121 4107 235 4166 vocis
260 4127 373 4183 parum
396 4107 495 4179 efficit,
519 4117 553 4164 ut
574 4127 610 4164 ne
633 4107 705 4164 alibi
727 4107 845 4181 quidem
862 4125 1050 4182 usquampa-

40 4195 106 4250 uid
136 4193 309 4265 dicatur,
333 4193 385 4250 sad
407 4194 506 4250 obstat
528 4204 634 4250 natura
645 4193 788 4264 adverbii,
812 4193 968 4266 quodcum
981 4192 1049 4249 sub-

44 4281 202 4354 ale'quid
230 4297 312 4337 non
334 4279 427 4354 magis
450 4281 593 4356 congruit,
618 4297 705 4353 quam
729 4279 754 4336 si
765 4278 846 4335 dicas
866 4282 933 4336 satis
944 4279 1052 4352 aliquid

78 4365 269 4427 Dicitur*
289 4365 399 4422 Latine
416 4367 531 4440 paulum
553 4367 660 4440 aliquid
683 4361 735 4442 (de
752 4363 835 4423 Orat.
853 4366 878 4436 Ι,
898 4365 953 4436 95,
981 4360 1050 4444 [pro

810 4481 844 4534 49
