2956 5028
338 389 402 453 260
732 405 778 451 nn
800 404 932 454 srursus
954 405 1026 452 sor.

337 575 469 654 posset),
491 580 527 637 ut
547 581 681 652 caveret,
704 592 744 638 ue
765 573 842 654 quid
863 571 980 638 iaceret
1000 573 1191 654 imprudens
1213 575 1299 655 quod
1321 575 1417 640 olion-

337 674 557 739 rleretanimos
569 674 735 754 hominum,
757 682 813 739 aut
829 673 1008 756 quidquam,
1029 693 1047 740 e
1069 692 1131 755 quo
1154 675 1291 740 oriretur
1306 677 1417 758 aliquis

337 775 435 840 dolor.
482 776 567 848 „Nos
589 775 714 858 qrrirlem
736 777 867 841 virtutes
890 776 1049 841 siceotae
1071 793 1192 856 sumuS,
1215 785 1252 840 ut
1273 777 1329 842 tibi
1352 795 1417 842 ser·

337 877 489 955 uramus,
512 877 596 943 alud
619 877 735 959 negotii
757 877 833 942 nihil
855 877 1033 943 habemus.“

299 980 320 1046 5
423 979 522 1043 XXII.
546 980 596 1043 70.
631 980 673 1042 At
695 986 788 1060 nogat
798 979 953 1059 Epicurus
976 979 1049 1058 (hoo
1071 979 1153 1044 enim
1164 986 1305 1044 vestrum
1314 981 1416 1044 lumen

338 1083 410 1160 est),
432 1098 628 1162 quemquam,
652 1079 847 1162 quihoneste
865 1081 1031 1160 nonvivat,
1053 1080 1187 1145 iucunde
1199 1099 1294 1161 posse
1305 1083 1416 1146 virere.

341 1181 438 1259 Quasi
449 1182 551 1263 egoid
563 1200 676 1260 aurem,
695 1182 769 1262 quid
781 1181 832 1246 ille
843 1181 907 1246 aiat
924 1189 979 1247 eut
990 1190 1096 1264 neget,
1118 1182 1194 1246 illurl
1206 1201 1332 1264 quaero,
1344 1182 1417 1263 quid

337 1283 380 1361 ei,
409 1283 462 1364 qui
483 1283 515 1347 in
537 1283 698 1362 uoluptate
720 1301 873 1347 summum
895 1283 1011 1347 bonum
1032 1291 1142 1364 ponat,
1176 1293 1416 1348 consentaneum

409 1508 430 1551 l.
446 1504 572 1568 perficeret
589 1502 710 1555 LPMCR
745 1502 936 1568 2.quidqus'iiE
972 1503 1060 1554 animis
1079 1505 1135 1567 (pro
1148 1501 1285 1568 aliquis)l,
1319 1501 1416 1620 ajolo·

339 1570 413 1620 lorum
431 1571 481 1637 Eh]
534 1571 618 1621 sic-
639 1571 724 1636 neyotii
742 1583 811 1622 trans
832 1610 837 1620 .
855 1573 921 1620 inter
938 1575 1000 1621 enim
1017 1581 1043 1620 et
1060 1571 1202 1622 restmmc
1261 1578 1284 1620 4.
1302 1571 1353 1621 ulio
1386 1597 1413 1607 -

337 1639 448 1688 holerum
467 1654 514 1690 om.
534 1639 563 1689 M
603 1641 717 1704 ueqotsinu
735 1639 793 1688 urii!
813 1588 883 1706 {MP
901 1639 1014 1704 neqote'um
1032 1639 1119 1688 nonE
1154 1639 1212 1688 nris'l
1224 1639 1349 1704 aquaist
1393 1642 1413 1684 5.

338 1707 409 1772 Epic.
428 1707 540 1773 aquile
577 1711 600 1758 ⁷.
623 1707 703 1765 Quasi
720 1735 748 1744 -
775 1716 841 1772 neyet
859 1708 923 1758 n'on.
944 1723 968 1772 p,
989 1711 1032 1757 to:
1058 1707 1130 1770 quasi
1145 1725 1187 1772 eqo
1205 1708 1232 1757 id
1249 1725 1331 1768 επακ,
1355 1703 1417 1770 quod

338 1783 385 1826 est.
405 1773 617 1894 erqupgldcnfflut
635 1775 708 1843 AEh]
763 1785 822 1841 aqut
845 1774 867 1827 C
920 1779 943 1824 8.
970 1774 1013 1838 qai
1028 1773 1210 1840 voluptutemE
1269 1785 1338 1840 putet
1360 1779 1414 1838 (pro

335 1849 419 1908 ΡΜ)

423 2069 456 2108 aa
477 2053 546 2125 quid
560 2048 680 2128 faceret)
715 2049 765 2110 Sic
787 2051 876 2108 etiam
898 2050 964 2108 Pal.
991 2053 1016 2121 1,
1042 2049 1119 2127 Spir.
1143 2048 1214 2128 [B],
1244 2070 1301 2127 mg.
1322 2051 1412 2116 Crat,

338 2135 402 2194 cod.
424 2135 511 2206 Mon,
534 2135 581 2192 El.
606 2137 634 2206 ἓ,
658 2133 749 2204 CCC;
772 2134 902 2192 restituit
923 2135 1074 2192 Davisius.

424 2222 501 2277 aliud
511 2216 622 2300 neqotii)
645 2221 785 2278 Meliores
802 2219 887 2277 codd.
907 2217 988 2299 (Pel.
1004 2223 1029 2290 1,
1043 2219 1121 2294 Spir.
1133 2215 1198 2299 [B],
1222 2221 1311 2278 etiarn
1322 2217 1410 2277 Pali

340 2315 369 2362 et
382 2299 412 2384 ξ)
434 2308 573 2378 inaquosum,
603 2305 682 2379 quod
710 2303 848 2362 mendum
876 2315 998 2380 propter
1018 2306 1096 2362 aliud
1117 2315 1214 2362 ortum
1238 2305 1351 2362 videtur
1371 2302 1412 2358 in·

340 2391 434 2464 deque
457 2397 558 2447 natum
580 2390 611 2448 in
622 2389 685 2446 Erl.
697 2397 728 2446 et
739 2389 817 2465 Spir.
830 2387 885 2467 [B]
909 2392 1040 2463 neqotium
1061 2409 1123 2446 noa
1147 2391 1283 2447 latemus.
1315 2388 1410 2451 Gaius,

339 2493 405 2532 oum
417 2474 449 2532 in
460 2473 539 2533 Oxx.
551 2475 604 2552 Εχ,
618 2473 697 2533 Gud.
708 2478 734 2545 1,
742 2475 811 2532 Bas.
823 2483 901 2532 esset
913 2475 1078 2545 iuberemus,
1091 2475 1277 2532 scribendum
1290 2471 1412 2550 putavit:

338 2561 417 2618 aliud
437 2563 567 2634 neqotium
589 2579 640 2617 non
663 2560 828 2616 haberemus.
856 2560 993 2617 Debabat
1014 2560 1045 2616 in
1068 2559 1184 2616 consilii
1207 2558 1410 2634 significatione

339 2641 389 2726 (aa
417 2644 495 2702 enim
523 2645 554 2702 in
587 2643 761 2720 imperfecto
789 2643 881 2722 esset)
909 2644 1008 2720 potius
1030 2644 1106 2702 diei:
1140 2663 1172 2700 ne
1199 2646 1352 2702 labes-errius
1373 2637 1411 2718 (ut

339 2725 394 2810 ne).
439 2729 511 2789 Otto
533 2729 638 2788 Latine
661 2728 719 2786 dici
742 2728 880 2786 eredidit:
913 2730 980 2785 nihil
1001 2726 1046 2808 (id
1068 2739 1121 2800 est,
1144 2727 1218 2806 non)
1241 2731 1322 2786 labeo
1342 2723 1413 2784 uliud

340 2817 479 2888 neqotium.
522 2815 639 2872 Ranuet
665 2814 882 2890 negitabitque,
916 2832 1004 2888 quem
1031 2825 1181 2870 auctorem
1209 2815 1294 2873 citat.
1326 2815 1411 2868 Wun-

340 2900 428 2956 derus
456 2899 506 2972 (ed
528 2908 601 2957 orat.
624 2899 727 2956 Plano.
755 2919 785 2974 p.
810 2899 870 2956 182
893 2898 989 2977 sqq),
1018 2916 1196 2972 quamquam
1218 2899 1265 2956 vir
1286 2897 1411 2974 egregius

340 3003 399 3041 non
422 2984 494 3042 setis
516 2984 642 3042 attendit
663 2983 693 3040 in
717 3002 753 3041 eo
774 2984 850 3054 loco,
874 2983 925 3058 qui
947 2984 978 3040 in
1000 2983 1033 3042 Π
1055 2982 1092 3039 do
1115 2983 1172 3059 leg.
1195 3001 1257 3059 agr.
1280 2987 1348 3052 est§
1366 2981 1410 3046 37,

340 3069 392 3126 ubi
410 3070 477 3126 nitit
498 3069 687 3146 coniungitur
709 3087 775 3126 oum
797 3071 940 3144 aruspicari.

427 3153 500 3229 Cap.
522 3155 634 3224 XXII,
659 3154 708 3210 70.
741 3173 873 3210 wmmum
896 3153 990 3210 borium
1008 3148 1109 3230 ponat)
1144 3151 1194 3211 Sic
1216 3171 1291 3210 unus
1311 3150 1374 3208 Pel.
1397 3149 1407 3202 l

341 3247 379 3305 et,
403 3239 429 3296 si
451 3237 528 3297 Gzio
551 3239 705 3304 oredimus,
729 3236 808 3297 Gud.
834 3241 848 3295 1
873 3233 924 3317 (de
947 3239 1048 3294 Marso
1065 3245 1158 3306 errat3
1181 3231 1411 3294 Lullemandode

342 3323 426 3381 codd.
448 3324 538 3400 regiis
560 3343 618 3380 non
642 3322 819 3380 eredendum
841 3319 915 3404 est);
944 3322 1023 3382 Oxx.
1046 3332 1144 3380 tamen
1168 3317 1211 3391 Εξ
1229 3333 1313 3398 ponat
1330 3325 1410 3396 putot.

342 3407 514 3487 [Accedunt
534 3427 612 3466 nuno
634 3407 755 3466 Halmio
782 3416 857 3466 teste
885 3407 947 3464 Erl.
974 3415 1004 3464 et
1026 3405 1077 3484 B.]
1102 3398 1246 3483 ‘Recepit
1272 3405 1411 3464 Davisius.

342 3495 520 3570 Repugnant
537 3493 675 3551 Bromius
691 3503 722 3550 et
733 3491 837 3565 Gaius,
849 3492 918 3548 huio
934 3491 1091 3549 locutioni:
1108 3493 1281 3568 inuoluptate
1292 3505 1410 3548 sammua

343 3579 438 3635 ὺοηιινη
455 3587 557 3654 putore
579 3577 674 3636 simile
685 3577 759 3634 illud
777 3577 943 3634 eredentes:
971 3581 1156 3652 imperatorem
1172 3580 1200 3633 in
1213 3579 1304 3652 aliquo
1314 3587 1411 3632 narrum

339 3673 439 3739 putore
461 3663 534 3740 (quo
556 3662 649 3720 nihilo
671 3661 796 3719 similius
818 3671 878 3732 est,
907 3661 985 3736 quod
1008 3661 1189 3718 Matthiueus
1212 3670 1359 3738 comparet
1379 3673 1410 3713 ex

343 3749 382 3818 V,
396 3749 446 3818 20,
468 3751 631 3806 mononem
649 3749 749 3804 doloris
771 3749 798 3802 in
820 3747 900 3804 rebus
910 3747 1064 3822 expetendis
1071 3757 1181 3822 putore,
1204 3747 1300 3816 idest,
1322 3759 1410 3802 nume·

343 3831 434 3908 rare),
447 3841 509 3890 turn
521 3851 580 3890 non
592 3831 806 3908 intellegentes,
830 3831 908 3906 quod
931 3850 967 3888 ne
990 3831 1127 3889 eBeiero
1149 3831 1268 3906 quidem
1291 3828 1341 3908 (ad
1362 3821 1410 3887 Off·

344 3917 409 3988 111,
436 3918 493 3974 117
518 3938 546 3994 p.
565 3915 641 3994 409)
663 3917 831 3974 admonitus
859 3916 932 3976 Otto
959 3916 1116 3986 intellexit,
1138 3935 1261 3992 prorsus
1283 3915 1352 3974 ferri
1362 3927 1410 3969 non

344 4021 432 4079 posse
453 4001 645 4060 indicativum
673 4001 703 4059 in
730 4001 786 4058 hae
813 4001 980 4059 necessaria
1005 4009 1090 4076 perte
1112 4001 1250 4074 obliquae
1273 3997 1410 4060 orationis.

345 4087 397 4144 ubi
423 4105 471 4145 res
493 4089 531 4144 ab
553 4105 613 4144 uno
624 4087 754 4163 Epicuro
776 4087 815 4143 ed
824 4086 992 4162 generalem
1004 4086 1154 4142 notionem
1176 4081 1223 4166 (ei,
1246 4081 1307 4165 qai)
1329 4094 1410 4140 tram·

345 4171 467 4244 feratur,
489 4181 522 4229 ut
543 4172 595 4231 illo
617 4173 682 4248 ipso
705 4167 811 4230 deoff.
834 4170 913 4228 loco:
941 4171 1039 4227 Tamen
1061 4190 1112 4228 aon
1135 4173 1165 4228 id
1186 4173 1357 4246 spectandum
1371 4175 1410 4224 est.

347 4259 415 4330 quiri
436 4259 508 4314 daur
531 4253 726 4338 (Epicurus),
749 4257 799 4314 sed
819 4257 888 4331 quid
907 4265 1109 4313 consentaneam
1130 4259 1166 4312 sit
1192 4259 1223 4312 ei
1243 4257 1343 4324 diem,
1363 4249 1412 4328 qtss'

348 4341 416 4398 bona
437 4343 571 4418 uoluptate
593 4343 843 4412 terminaverit,
865 4343 938 4398 mala
960 4342 1059 4398 dolore.
1102 4339 1173 4398 vid.
1195 4339 1233 4396 ad
1257 4346 1271 4411 §
1297 4341 1358 4412 15.δ
