3000 5044
379 415 422 460 nn
446 414 526 460 man.
549 415 612 460 mu
635 415 669 460 ιι
691 413 764 460 cae.
788 417 896 461 rs-oo.
995 436 1017 454 -
1119 398 1183 464 589

108 582 161 650 ille
183 601 246 648 non
267 582 336 649 dico
358 601 407 648 me
428 589 582 664 expetere,
604 583 660 647 sed
681 582 797 663 legere,
820 601 877 650 nec
899 589 1025 665 optare,
1053 586 1109 650 sed
1131 603 1183 650 su-

108 705 207 764 mere,
239 685 526 752 contrarietatem
556 703 618 749 non
644 682 766 766 lugere,
800 687 857 751 sed
890 686 980 768 quasi
1012 703 1183 768 secamere.

108 789 193 869 Quid
213 788 258 853 ait
278 788 463 854 Aristoteles
485 787 657 869 reliquique
677 786 816 854 Platonis
839 788 977 854 dmoni?
1009 789 1049 854 Se
1071 789 1183 868 omnia

108 909 189 975 quae
212 891 381 956 secundum
403 897 547 956 naturam
569 891 645 968 sint,
672 890 754 954 bona
775 890 947 971 appellare,
978 909 1059 973 quae
1080 897 1198 982 autem,

108 1000 227 1071 eontra,
249 992 339 1058 mala
385 992 521 1058 Videsne
542 993 638 1074 igitur
659 993 816 1058 Zenonem
837 1001 925 1058 tuum
946 1011 1016 1058 eum
1037 994 1184 1060 Aristone
1202 1000 1222 1062 5

106 1095 212 1162 verbis
234 1095 418 1172 consistere,
452 1113 486 1160 re
514 1095 681 1173 dissidere;
715 1113 785 1160 cum
811 1095 982 1162 Aristotele
1008 1100 1041 1160 et
1067 1095 1127 1160 illis
1149 1115 1184 1162 re

107 1198 293 1276 consentire,
315 1196 419 1262 verbis
440 1196 641 1279 discrepare?
680 1196 744 1262 Cur
764 1197 872 1279 iginum
902 1216 972 1264 curu
992 1199 1032 1263 de
1054 1217 1089 1263 re
1111 1217 1183 1264 con-

108 1301 222 1378 veniat,
244 1317 306 1364 non
329 1299 482 1364 malumus
504 1299 618 1366 usitate
641 1299 746 1381 loqui?
779 1301 972 1379 Autdoceat,
994 1301 1184 1381 paratiorem

176 1509 202 1558 8.
223 1503 340 1571 [alampm'
355 1501 405 1570 Eh]
462 1509 485 1555 5.
510 1505 581 1570 r'qr'tor
598 1505 686 1555 om.C
740 1510 762 1554 6.
786 1505 916 1556 consentire
933 1506 990 1570 (pro
1008 1505 1183 1568 comosicum

105 1592 132 1624 rc
151 1582 209 1622 ante
227 1571 342 1622 desidere
361 1587 409 1620 om.
428 1571 472 1620 EF
533 1582 623 1623 etcum
641 1571 727 1624 ille
773 1577 796 1626 7.
815 1572 948 1638 disceptare
966 1573 1010 1622 Ll’
1072 1579 1093 1622 8.
1114 1573 1183 1621 moli·

105 1659 157 1692 mor
176 1639 306 1692 LPCBOr.
354 1637 453 1706 [ardore
472 1640 519 1709 En]

107 1817 160 1875 sed
182 1816 355 1874 nondimeno
377 1815 436 1872 iam
458 1816 537 1892 apud
549 1817 713 1876 Varronem
736 1812 868 1895 legitur}
901 1816 1183 1875 Secmrcrainsolen·

106 1902 166 1959 tius
188 1900 265 1958 dixit
275 1919 330 1976 pro
342 1890 559 1976 ἄπεκλέγεσθαι
581 1901 866 1980 (etaddiditqoosi),
890 1921 936 1979 ne,
958 1903 1101 1972 sirciccro,
1125 1920 1183 1976 quo

105 1987 178 2044 alibi
201 1985 293 2044 utitur
316 1984 389 2063 (vid.
411 1985 449 2042 ad
471 1985 529 2059 III,
544 1987 608 2064 20),
631 1989 787 2064 posuisset,
810 1987 898 2044 nimia
920 1988 976 2046 hoc
998 2005 1184 2065 propeacce-

106 2074 190 2131 derat
211 2071 249 2128 ad
271 2071 402 2146 ipsorum
424 2067 483 2126 τῶν
506 2063 756 2148 ἀποπροηγμένων
777 2090 883 2130 nomen
905 2073 1044 2131 Latinum
1072 2073 1109 2131 ab
1132 2072 1184 2129 illo

105 2157 198 2215 verbo
220 2157 349 2214 ductum.

193 2243 279 2300 verbis
301 2236 459 2320 consistere)
483 2241 570 2299 Nova
593 2243 703 2300 dictum
726 2243 781 2301 hoc
798 2243 835 2300 dc
846 2245 1053 2302 convenientia
1075 2251 1184 2300 etcou-

108 2346 207 2398 sensu,
231 2345 285 2384 nee
308 2347 324 2383 e
347 2327 514 2403 propinquo
537 2328 712 2386 translatum
734 2337 793 2398 est;
816 2330 888 2387 satis
910 2330 988 2388 enim
1011 2327 1185 2388 distatillud

106 2416 136 2472 in
159 2414 229 2471 Act.
247 2414 264 2470 I
285 2413 315 2469 in
339 2413 424 2470 Verr.
441 2413 493 2468 19:
526 2431 586 2470 cum
608 2415 656 2471 boc
678 2417 809 2486 consistit,
833 2415 884 2472 ubi
905 2416 972 2492 ipsa
993 2414 1080 2473 simul
1103 2414 1184 2470 etin

106 2499 211 2558 eodem
233 2499 298 2556 loco
321 2498 418 2556 standi
440 2498 616 2574 significatio
639 2499 732 2576 magis
753 2500 784 2557 in
802 2500 1021 2577 praepositione
1043 2509 1097 2570 est,
1120 2517 1185 2556 ver-

105 2587 187 2656 bum,
211 2595 244 2641 ut
265 2583 346 2654 alibi,
369 2583 486 2641 initium
509 2584 606 2641 standi
629 2585 787 2660 significat
811 2585 893 2644 Stare
909 2593 1008 2644 autem
1024 2587 1186 2659 cumulique

105 2673 154 2746 (ui
177 2669 233 2726 db:
256 2677 369 2726 atontcm
390 2688 450 2726 cum
471 2668 518 2744 ris)
541 2670 578 2726 ab
602 2670 648 2740 iis,
671 2671 722 2744 qui
745 2689 811 2728 eum
833 2671 932 2747 aliquo
955 2673 985 2730 in
1005 2669 1185 2730 eodemloco

105 2775 167 2814 una
188 2755 398 2826 constiterunt,
426 2754 464 2811 ad
487 2773 552 2827 eos,
588 2756 639 2830 qni
661 2756 778 2814 casdem
806 2767 905 2833 partes
933 2767 1109 2833 sequuntur,
1144 2756 1186 2812 sic

104 2840 293 2912 transfertur,
316 2849 349 2897 ιιι
371 2841 494 2898 verbum
516 2850 546 2898 et
567 2842 747 2918 praepositio
759 2843 905 2901 artissime
923 2844 1094 2901 conflentur.
1127 2842 1186 2898 Hic

102 2949 167 2986 cum
189 2927 315 2983 Aristone
337 2927 530 2984 communiter
540 2927 660 3002 ponitur
682 2927 768 3002 eique
790 2928 908 2986 additur
930 2939 960 2986 et
975 2933 1186 2986 cmsistemver·

104 3016 146 3072 bis
170 3021 201 3069 et
223 3013 354 3070 maedam
376 3031 412 3068 rc.
456 3011 558 3069 Mendi
585 3012 698 3070 nullum
725 3013 866 3071 indicium
890 3025 948 3084 est,
977 3026 1007 3071 et
1028 3022 1187 3072 excusatur

104 3098 239 3157 insolens
262 3097 344 3155 verbi
371 3115 442 3154 usus
470 3098 629 3155 variandae
658 3098 832 3156 elocutionis
860 3101 1043 3157 necessitate.
1081 3100 1187 3157 Manu·

103 3187 166 3242 tius
189 3193 220 3241 at
241 3183 402 3240 Lambinus
424 3187 569 3240 consentire
590 3203 627 3241 ex
651 3184 696 3240 ed.
720 3185 829 3259 prima3
851 3204 905 3260 pro
921 3185 987 3260 ipso
1004 3193 1102 3242 autem
1125 3205 1186 3242 coo·

103 3273 204 3328 sonore
231 3269 325 3326 altero
352 3269 417 3327 loco
440 3269 601 3326 Lambinus
628 3270 658 3326 in
681 3269 745 3326 cod.
768 3270 947 3328 Memmiano
975 3271 1064 3328 scribi
1085 3278 1187 3327 narrat

104 3359 258 3424 cormmterc,
282 3355 422 3412 aberrans
444 3355 508 3412 sine
530 3355 629 3412 dubio.
663 3353 720 3432 [lie
742 3355 853 3413 excidit
875 3356 963 3414 etiam
985 3356 1016 3413 in
1039 3353 1089 3433 B.]

193 3460 245 3496 non
267 3439 413 3516 molamus)
437 3439 487 3500 Sic
509 3441 597 3498 etiam
621 3436 685 3521 [B,]
708 3436 760 3513 Εξ,
784 3441 849 3498 edd.
873 3441 953 3500 Orat.
976 3451 1006 3498 et
1028 3442 1121 3511 Viot.;
1150 3442 1185 3498 de

106 3526 216 3584 ceteris
238 3525 323 3583 bonis
340 3535 467 3594 meaturi
491 3526 580 3584 etiam
603 3527 639 3584 de
661 3527 722 3584 Erl.
745 3545 764 3584 a
781 3525 866 3586 Gaio.
894 3527 1008 3598 Latini,
1031 3536 1064 3585 ιιι
1086 3528 1187 3585 dicunt

107 3613 223 3688 potius:
251 3613 319 3686 qotd
334 3613 398 3684 sore
415 3621 563 3686 potamus?
586 3631 673 3686 quam
692 3623 817 3687 patemus
834 3612 901 3690 (cfr.
919 3612 1029 3689 Opusc.
1048 3615 1142 3671 Acad.
1155 3614 1185 3672 II

108 3718 136 3774 p.
154 3694 229 3772 41),
263 3696 305 3754 sic
333 3715 369 3754 ne
390 3697 421 3754 in
438 3695 493 3754 hac
515 3697 633 3771 quidem
661 3697 757 3756 forma
779 3698 938 3773 quidquam
967 3719 1004 3756 ex
1032 3699 1186 3774 potentiali

108 3782 324 3860 significatione
346 3782 516 3854 admiscent,
539 3783 695 3854 seddeeo,
719 3785 797 3860 quod
819 3785 880 3856 fiat,
904 3795 1057 3860 quaerunt.

195 3867 252 3924 Aut
274 3863 383 3947 doceat)
405 3867 513 3940 Aliter,
537 3870 562 3926 si
585 3888 628 3940 ea,
652 3888 728 3945 qnae
750 3870 823 3940 dixi,
846 3888 905 3928 non
917 3870 1060 3940 concedit,
1079 3871 1185 3928 docen-

110 3954 179 4012 dnm
201 3954 228 4010 ai
252 3963 297 4010 est
319 3963 374 4011 cet.
407 3954 555 4030 Persaepe
578 3955 620 4012 sic
642 3956 731 4030 paulo
748 3956 845 4013 laxius
868 3974 920 4031 per
942 3967 989 4012 ortt
1011 3956 1185 4021 declaratur,

111 4040 181 4114 quid
202 4038 335 4096 maurum
358 4038 397 4096 sit
418 4047 479 4110 aut,
502 4049 535 4096 ιιι
557 4040 618 4111 hio,
642 4041 713 4115 quid
735 4042 798 4098 fieri
821 4042 928 4098 debeat
950 4041 1136 4111 debueritve,
1161 4041 1185 4097 si

111 4126 147 4181 ab
170 4145 214 4196 eo,
239 4125 318 4200 quod
340 4133 409 4182 ante
432 4125 541 4182 dictum
554 4126 601 4198 ait,
625 4126 799 4184 discedatur.
834 4127 1070 4184 Annotaratinm
1084 4127 1186 4186 Schel-

111 4210 189 4268 lerus
210 4211 329 4286 pltat
354 4221 383 4267 et
405 4211 583 4287 ascripserat
604 4231 641 4268 ex
664 4212 720 4268 hoc
737 4212 898 4290 posteriore
915 4231 1021 4286 genere
1033 4211 1186 4270 Ciceronis

113 4296 208 4354 locum
231 4297 269 4353 ad
291 4299 356 4354 Att.
368 4297 409 4366 11,
427 4300 452 4368 1,
468 4297 495 4354 3.
536 4296 747 4356 Condicionem
769 4298 864 4373 ipsam
886 4298 1000 4356 addidit
1022 4297 1126 4356 Cicero
1150 4299 1185 4355 de

114 4381 340 4454 Divin.11,19:
368 4383 434 4454 Aut,
457 4387 483 4440 si
502 4403 584 4458 nepos
606 4404 663 4440 osec
678 4387 828 4457 j'ortrumm,
852 4417 893 4425 -—
916 4395 989 4440 coorto
1011 4386 1185 4458 definitionem
