<?xml version="1.0" encoding="UTF-8"?>
<!DOCTYPE html PUBLIC "-//W3C//DTD XHTML 1.0 Transitional//EN"
    "http://www.w3.org/TR/xhtml1/DTD/xhtml1-transitional.dtd">
<html xmlns="http://www.w3.org/1999/xhtml" xml:lang="en" lang="en">
 <head>
  <title>
</title>
<meta http-equiv="Content-Type" content="text/html;charset=utf-8" />
  <meta name='ocr-system' content='tesseract 3.04.00' />
  <meta name='ocr-capabilities' content='ocr_page ocr_carea ocr_par ocr_line ocrx_word'/>
</head>
<body>
  <div class='ocr_page' id='page_1' title='image "./definibusbonoru04cicegoog_0319.png"; bbox 0 0 2956 5028; ppageno 0'>
   <div class='ocr_carea' id='block_1_1' title="bbox 354 393 1144 458">
    <p class='ocr_par' dir='ltr' id='par_1_1' title="bbox 354 393 1144 458">
     <span class='ocr_line' id='line_1_1' title="bbox 354 393 1144 458; baseline -0.004 0"><span class='ocrx_word' id='word_1_1' title='bbox 354 413 399 458; x_wconf 79' lang='lat' dir='ltr'>ns</span> <span class='ocrx_word' id='word_1_2' title='bbox 423 411 505 458; x_wconf 79' lang='lat' dir='ltr'>nnn.</span> <span class='ocrx_word' id='word_1_3' title='bbox 527 411 590 457; x_wconf 82' lang='lat' dir='ltr'>nra.</span> <span class='ocrx_word' id='word_1_4' title='bbox 615 411 637 456; x_wconf 93' lang='lat' dir='ltr'>n</span> <span class='ocrx_word' id='word_1_5' title='bbox 660 411 734 458; x_wconf 72' lang='lat' dir='ltr'>can.</span> <span class='ocrx_word' id='word_1_6' title='bbox 754 413 865 458; x_wconf 76' lang='lat' dir='ltr'>ir-rs.</span> <span class='ocrx_word' id='word_1_7' title='bbox 1083 393 1144 456; x_wconf 77' lang='lat'>241</span> 
     </span>
    </p>
   </div>
   <div class='ocr_carea' id='block_1_2' title="bbox 92 577 1148 762">
    <p class='ocr_par' dir='ltr' id='par_1_2' title="bbox 92 577 1148 762">
     <span class='ocr_line' id='line_1_2' title="bbox 166 577 1148 660; baseline -0.003 -16"><span class='ocrx_word' id='word_1_8' title='bbox 166 579 270 644; x_wconf 83' lang='lat' dir='ltr'>XVIII.</span> <span class='ocrx_word' id='word_1_9' title='bbox 313 579 376 644; x_wconf 86' lang='lat' dir='ltr'>Sed</span> <span class='ocrx_word' id='word_1_10' title='bbox 397 577 482 660; x_wconf 83' lang='lat' dir='ltr'>finge</span> <span class='ocrx_word' id='word_1_11' title='bbox 503 599 565 644; x_wconf 90' lang='lat' dir='ltr'>non</span> <span class='ocrx_word' id='word_1_12' title='bbox 589 578 689 644; x_wconf 88' lang='lat' dir='ltr'>solum</span> <span class='ocrx_word' id='word_1_13' title='bbox 712 579 857 643; x_wconf 79' lang='lat' dir='ltr'>callidum</span> <span class='ocrx_word' id='word_1_14' title='bbox 885 597 970 656; x_wconf 90' lang='lat' dir='ltr'>eum,</span> <span class='ocrx_word' id='word_1_15' title='bbox 1003 578 1057 660; x_wconf 89' lang='lat' dir='ltr'>qui</span> <span class='ocrx_word' id='word_1_16' title='bbox 1090 577 1148 641; x_wconf 88' lang='lat' dir='ltr'>ali·</span> 
     </span>
     <span class='ocr_line' id='line_1_3' title="bbox 92 679 1148 762; baseline 0.001 -20"><span class='ocrx_word' id='word_1_17' title='bbox 92 681 157 760; x_wconf 91' lang='lat' dir='ltr'>qnid</span> <span class='ocrx_word' id='word_1_18' title='bbox 186 681 316 762; x_wconf 86' lang='lat' dir='ltr'>improbe</span> <span class='ocrx_word' id='word_1_19' title='bbox 349 679 459 759; x_wconf 81' lang='lat' dir='ltr'>iadnt,</span> <span class='ocrx_word' id='word_1_20' title='bbox 492 698 602 745; x_wconf 88' lang='lat' dir='ltr'>verum</span> <span class='ocrx_word' id='word_1_21' title='bbox 630 680 725 744; x_wconf 83' lang='lat' dir='ltr'>etiam</span> <span class='ocrx_word' id='word_1_22' title='bbox 757 688 1010 762; x_wconf 76' lang='lat' dir='ltr'>praepotentem,</span> <span class='ocrx_word' id='word_1_23' title='bbox 1043 687 1078 744; x_wconf 91' lang='lat' dir='ltr'>ut</span> <span class='ocrx_word' id='word_1_24' title='bbox 1105 679 1148 743; x_wconf 76' lang='lat' dir='ltr'>m</span> 
     </span>
    </p>
   </div>
   <div class='ocr_carea' id='block_1_3' title="bbox 91 781 1186 1067">
    <p class='ocr_par' dir='ltr' id='par_1_3' title="bbox 91 781 1186 1067">
     <span class='ocr_line' id='line_1_4' title="bbox 92 781 1148 864; baseline 0.001 -19"><span class='ocrx_word' id='word_1_25' title='bbox 92 781 207 846; x_wconf 75' lang='lat' dir='ltr'>Crassus</span> <span class='ocrx_word' id='word_1_26' title='bbox 226 781 290 861; x_wconf 85' lang='lat' dir='ltr'>fuit,</span> <span class='ocrx_word' id='word_1_27' title='bbox 313 782 366 864; x_wconf 90' lang='lat' dir='ltr'>qui</span> <span class='ocrx_word' id='word_1_28' title='bbox 388 789 494 847; x_wconf 86' lang='lat' dir='ltr'>tamen</span> <span class='ocrx_word' id='word_1_29' title='bbox 516 782 638 847; x_wconf 80' lang='lat' dir='ltr'><strong>solebat</strong></span> <span class='ocrx_word' id='word_1_30' title='bbox 658 782 705 846; x_wconf 89' lang='lat' dir='ltr'>nti</span> <span class='ocrx_word' id='word_1_31' title='bbox 727 799 786 846; x_wconf 88' lang='lat' dir='ltr'>sno</span> <span class='ocrx_word' id='word_1_32' title='bbox 808 781 904 860; x_wconf 91' lang='lat' dir='ltr'>bono,</span> <span class='ocrx_word' id='word_1_33' title='bbox 927 791 963 845; x_wconf 90' lang='lat' dir='ltr'>nt</span> <span class='ocrx_word' id='word_1_34' title='bbox 984 782 1076 846; x_wconf 89' lang='lat' dir='ltr'>hodie</span> <span class='ocrx_word' id='word_1_35' title='bbox 1098 789 1148 846; x_wconf 89' lang='lat' dir='ltr'>est</span> 
     </span>
     <span class='ocr_line' id='line_1_5' title="bbox 92 882 1147 964; baseline 0.001 -19"><span class='ocrx_word' id='word_1_36' title='bbox 92 893 186 947; x_wconf 83' lang='lat' dir='ltr'>noster</span> <span class='ocrx_word' id='word_1_37' title='bbox 208 883 382 964; x_wconf 87' lang='lat' dir='ltr'>Pompeius,</span> <span class='ocrx_word' id='word_1_38' title='bbox 415 883 465 948; x_wconf 89' lang='lat' dir='ltr'>cui</span> <span class='ocrx_word' id='word_1_39' title='bbox 498 891 582 948; x_wconf 87' lang='lat' dir='ltr'>recte</span> <span class='ocrx_word' id='word_1_40' title='bbox 615 882 740 948; x_wconf 84' lang='lat' dir='ltr'>facienti</span> <span class='ocrx_word' id='word_1_41' title='bbox 772 883 877 964; x_wconf 84' lang='lat' dir='ltr'>gratia</span> <span class='ocrx_word' id='word_1_42' title='bbox 908 889 958 948; x_wconf 87' lang='lat' dir='ltr'>est</span> <span class='ocrx_word' id='word_1_43' title='bbox 990 883 1147 961; x_wconf 72' lang='lat' dir='ltr'>habenda,</span> 
     </span>
     <span class='ocr_line' id='line_1_6' title="bbox 91 984 1186 1067; baseline 0.003 -19"><span class='ocrx_word' id='word_1_44' title='bbox 91 1002 151 1048; x_wconf 80' lang='lat' dir='ltr'>esse</span> <span class='ocrx_word' id='word_1_45' title='bbox 181 984 253 1048; x_wconf 90' lang='lat' dir='ltr'>enim</span> <span class='ocrx_word' id='word_1_46' title='bbox 284 1003 379 1066; x_wconf 82' lang='lat' dir='ltr'>quom</span> <span class='ocrx_word' id='word_1_47' title='bbox 412 985 506 1049; x_wconf 81' lang='lat' dir='ltr'>vellet</span> <span class='ocrx_word' id='word_1_48' title='bbox 538 985 663 1066; x_wconf 88' lang='lat' dir='ltr'>iniquus</span> <span class='ocrx_word' id='word_1_49' title='bbox 696 993 823 1066; x_wconf 89' lang='lat' dir='ltr'>poterat</span> <span class='ocrx_word' id='word_1_50' title='bbox 855 985 990 1067; x_wconf 81' lang='lat' dir='ltr'>impune</span> <span class='ocrx_word' id='word_1_51' title='bbox 1045 985 1186 1064; x_wconf 85' lang='lat' dir='ltr'>Quam5</span> 
     </span>
    </p>
   </div>
   <div class='ocr_carea' id='block_1_4' title="bbox 90 1152 1147 1287">
    <p class='ocr_par' dir='ltr' id='par_1_4' title="bbox 90 1152 1147 1287">
     <span class='ocr_line' id='line_1_7' title="bbox 153 1152 1147 1221; baseline 0.002 -21"><span class='ocrx_word' id='word_1_52' title='bbox 153 1156 175 1200; x_wconf 91' lang='lat'>1.</span> <span class='ocrx_word' id='word_1_53' title='bbox 191 1153 447 1218; x_wconf 42' lang='lat' dir='ltr'>&amp;ponendus</span> <span class='ocrx_word' id='word_1_54' title='bbox 483 1159 506 1204; x_wconf 71' lang='lat' dir='ltr'>t.</span> <span class='ocrx_word' id='word_1_55' title='bbox 526 1154 642 1203; x_wconf 67' lang='lat' dir='ltr'>oenaE</span> <span class='ocrx_word' id='word_1_56' title='bbox 679 1159 701 1205; x_wconf 70' lang='lat' dir='ltr'>t.</span> <span class='ocrx_word' id='word_1_57' title='bbox 721 1153 1055 1217; x_wconf 74' lang='lat' dir='ltr'>pumeelleto&#39;at&#39;qmiaatos</span> <span class='ocrx_word' id='word_1_58' title='bbox 1076 1152 1147 1221; x_wconf 77' lang='lat' dir='ltr'>[A]1’</span> 
     </span>
     <span class='ocr_line' id='line_1_8' title="bbox 90 1220 1045 1287; baseline 0.004 -18"><span class='ocrx_word' id='word_1_59' title='bbox 90 1220 185 1281; x_wconf 65' lang='lat' dir='ltr'>mari</span> <span class='ocrx_word' id='word_1_60' title='bbox 200 1220 262 1270; x_wconf 73' lang='lat' dir='ltr'>vellet</span> <span class='ocrx_word' id='word_1_61' title='bbox 279 1222 356 1272; x_wconf 72' lang='lat' dir='ltr'>iustas</span> <span class='ocrx_word' id='word_1_62' title='bbox 373 1221 468 1286; x_wconf 74' lang='lat' dir='ltr'>iar&#39;qw</span> <span class='ocrx_word' id='word_1_63' title='bbox 486 1221 562 1272; x_wconf 70' lang='lat' dir='ltr'>Lus</span> <span class='ocrx_word' id='word_1_64' title='bbox 578 1221 688 1286; x_wconf 66' lang='lat' dir='ltr'>mois</span> <span class='ocrx_word' id='word_1_65' title='bbox 705 1221 775 1272; x_wconf 74' lang='lat' dir='ltr'>vellat</span> <span class='ocrx_word' id='word_1_66' title='bbox 792 1222 887 1287; x_wconf 66' lang='grc' dir='ltr'>ἀείρω</span> <span class='ocrx_word' id='word_1_67' title='bbox 905 1221 1045 1273; x_wconf 59' lang='lat' dir='ltr'>Maec</span> 
     </span>
    </p>
   </div>
   <div class='ocr_carea' id='block_1_5' title="bbox 81 1375 1150 4430">
    <p class='ocr_par' dir='ltr' id='par_1_5' title="bbox 89 1375 1148 1622">
     <span class='ocr_line' id='line_1_9' title="bbox 90 1375 1148 1454; baseline 0.005 -24"><span class='ocrx_word' id='word_1_68' title='bbox 90 1375 188 1450; x_wconf 78' lang='lat' dir='ltr'>redqna</span> <span class='ocrx_word' id='word_1_69' title='bbox 207 1377 341 1454; x_wconf 71' lang='lat' dir='ltr'>analogia</span> <span class='ocrx_word' id='word_1_70' title='bbox 363 1387 394 1434; x_wconf 88' lang='lat' dir='ltr'>et</span> <span class='ocrx_word' id='word_1_71' title='bbox 416 1377 501 1435; x_wconf 83' lang='lat' dir='ltr'>codd.</span> <span class='ocrx_word' id='word_1_72' title='bbox 524 1378 633 1454; x_wconf 85' lang='lat' dir='ltr'>(tribus</span> <span class='ocrx_word' id='word_1_73' title='bbox 656 1377 740 1453; x_wconf 89' lang='lat' dir='ltr'>Gzii)</span> <span class='ocrx_word' id='word_1_74' title='bbox 770 1387 800 1434; x_wconf 89' lang='lat' dir='ltr'>et</span> <span class='ocrx_word' id='word_1_75' title='bbox 821 1377 948 1435; x_wconf 87' lang='lat' dir='ltr'>aliorum</span> <span class='ocrx_word' id='word_1_76' title='bbox 970 1377 1148 1454; x_wconf 86' lang='lat' dir='ltr'>scriptorum</span> 
     </span>
     <span class='ocr_line' id='line_1_10' title="bbox 90 1459 1147 1538; baseline 0.005 -23"><span class='ocrx_word' id='word_1_77' title='bbox 90 1479 135 1516; x_wconf 80' lang='lat' dir='ltr'>inu</span> <span class='ocrx_word' id='word_1_78' title='bbox 151 1459 317 1520; x_wconf 83' lang='lat' dir='ltr'>defenditur.</span> <span class='ocrx_word' id='word_1_79' title='bbox 340 1463 415 1520; x_wconf 87' lang='lat' dir='ltr'>Mox</span> <span class='ocrx_word' id='word_1_80' title='bbox 438 1463 555 1538; x_wconf 69' lang='lat' dir='ltr'>iumrobe</span> <span class='ocrx_word' id='word_1_81' title='bbox 576 1463 684 1538; x_wconf 81' lang='lat' dir='ltr'>aliquid</span> <span class='ocrx_word' id='word_1_82' title='bbox 705 1463 796 1520; x_wconf 87' lang='lat' dir='ltr'>etism</span> <span class='ocrx_word' id='word_1_83' title='bbox 807 1462 887 1521; x_wconf 87' lang='lat' dir='ltr'>Gud.</span> <span class='ocrx_word' id='word_1_84' title='bbox 910 1472 1044 1538; x_wconf 84' lang='lat' dir='ltr'>uterque,</span> <span class='ocrx_word' id='word_1_85' title='bbox 1067 1463 1147 1532; x_wconf 74' lang='lat' dir='ltr'>Bas,</span> 
     </span>
     <span class='ocr_line' id='line_1_11' title="bbox 89 1543 543 1622; baseline 0.009 -22"><span class='ocrx_word' id='word_1_86' title='bbox 89 1545 126 1600; x_wconf 84' lang='lat' dir='ltr'>ed</span> <span class='ocrx_word' id='word_1_87' title='bbox 146 1543 218 1604; x_wconf 82' lang='lat' dir='ltr'>Crat.</span> <span class='ocrx_word' id='word_1_88' title='bbox 239 1557 267 1604; x_wconf 92' lang='lat' dir='ltr'>et</span> <span class='ocrx_word' id='word_1_89' title='bbox 288 1548 366 1604; x_wconf 85' lang='lat' dir='ltr'>aliae</span> <span class='ocrx_word' id='word_1_90' title='bbox 389 1548 543 1622; x_wconf 75' lang='lat' dir='ltr'><strong>quaedam.</strong></span> 
     </span>
    </p>

    <p class='ocr_par' dir='ltr' id='par_1_6' title="bbox 86 1629 1148 2556">
     <span class='ocr_line' id='line_1_12' title="bbox 161 1629 1147 1708; baseline 0 -18"><span class='ocrx_word' id='word_1_91' title='bbox 161 1629 226 1707; x_wconf 88' lang='lat' dir='ltr'>Cap.</span> <span class='ocrx_word' id='word_1_92' title='bbox 235 1633 357 1690; x_wconf 85' lang='lat' dir='ltr'>XVIII.</span> <span class='ocrx_word' id='word_1_93' title='bbox 379 1636 421 1690; x_wconf 78' lang='lat' dir='ltr'>oti</span> <span class='ocrx_word' id='word_1_94' title='bbox 429 1651 479 1690; x_wconf 79' lang='lat' dir='ltr'>ouo</span> <span class='ocrx_word' id='word_1_95' title='bbox 490 1632 569 1708; x_wconf 70' lang='lat' dir='ltr'>borso)</span> <span class='ocrx_word' id='word_1_96' title='bbox 590 1632 761 1690; x_wconf 75' lang='lat' dir='ltr'>Potentiam</span> <span class='ocrx_word' id='word_1_97' title='bbox 773 1631 932 1707; x_wconf 85' lang='lat' dir='ltr'>significari</span> <span class='ocrx_word' id='word_1_98' title='bbox 944 1641 1059 1708; x_wconf 79' lang='lat' dir='ltr'>putant,</span> <span class='ocrx_word' id='word_1_99' title='bbox 1071 1651 1147 1708; x_wconf 84' lang='lat' dir='ltr'>quoe</span> 
     </span>
     <span class='ocr_line' id='line_1_13' title="bbox 88 1715 1148 1793; baseline 0.004 -23"><span class='ocrx_word' id='word_1_100' title='bbox 88 1715 196 1786; x_wconf 78' lang='lat' dir='ltr'>prImnm</span> <span class='ocrx_word' id='word_1_101' title='bbox 212 1719 282 1774; x_wconf 85' lang='lat' dir='ltr'>mire</span> <span class='ocrx_word' id='word_1_102' title='bbox 293 1719 392 1775; x_wconf 73' lang='grc' dir='ltr'><em>ὸοηωη</em></span> <span class='ocrx_word' id='word_1_103' title='bbox 413 1718 623 1793; x_wconf 74' lang='lat' dir='ltr'>appellatus-in</span> <span class='ocrx_word' id='word_1_104' title='bbox 634 1717 690 1774; x_wconf 87' lang='lat' dir='ltr'>hac</span> <span class='ocrx_word' id='word_1_105' title='bbox 701 1717 901 1792; x_wconf 83' lang='lat' dir='ltr'>disputatione</span> <span class='ocrx_word' id='word_1_106' title='bbox 918 1727 947 1774; x_wconf 85' lang='lat' dir='ltr'>et</span> <span class='ocrx_word' id='word_1_107' title='bbox 963 1738 1051 1788; x_wconf 70' lang='lat' dir='ltr'>mum,</span> <span class='ocrx_word' id='word_1_108' title='bbox 1074 1727 1148 1774; x_wconf 88' lang='lat' dir='ltr'>tarn·</span> 
     </span>
     <span class='ocr_line' id='line_1_14' title="bbox 89 1801 1148 1878; baseline 0.006 -24"><span class='ocrx_word' id='word_1_109' title='bbox 89 1803 334 1878; x_wconf 82' lang='lat' dir='ltr'>quamproprium3</span> <span class='ocrx_word' id='word_1_110' title='bbox 358 1801 464 1859; x_wconf 88' lang='lat' dir='ltr'>deinde</span> <span class='ocrx_word' id='word_1_111' title='bbox 486 1803 586 1860; x_wconf 88' lang='lat' dir='ltr'>omnia</span> <span class='ocrx_word' id='word_1_112' title='bbox 606 1803 709 1858; x_wconf 87' lang='lat' dir='ltr'>turbat</span> <span class='ocrx_word' id='word_1_113' title='bbox 718 1803 865 1877; x_wconf 85' lang='lat' dir='ltr'>particula</span> <span class='ocrx_word' id='word_1_114' title='bbox 876 1813 978 1872; x_wconf 71' lang='lat' dir='ltr'>mosen,</span> <span class='ocrx_word' id='word_1_115' title='bbox 1000 1821 1068 1859; x_wconf 87' lang='lat' dir='ltr'>nam</span> <span class='ocrx_word' id='word_1_116' title='bbox 1092 1803 1148 1860; x_wconf 92' lang='lat' dir='ltr'>hoc</span> 
     </span>
     <span class='ocr_line' id='line_1_15' title="bbox 88 1882 1147 1963; baseline 0.001 -21"><span class='ocrx_word' id='word_1_117' title='bbox 88 1882 143 1957; x_wconf 77' lang='lat' dir='ltr'>ipso</span> <span class='ocrx_word' id='word_1_118' title='bbox 162 1887 252 1962; x_wconf 83' lang='lat' dir='ltr'>aptius</span> <span class='ocrx_word' id='word_1_119' title='bbox 273 1888 307 1944; x_wconf 86' lang='lat' dir='ltr'>fit</span> <span class='ocrx_word' id='word_1_120' title='bbox 318 1887 420 1947; x_wconf 83' lang='lat' dir='ltr'>Crassi</span> <span class='ocrx_word' id='word_1_121' title='bbox 437 1887 621 1963; x_wconf 85' lang='lat' dir='ltr'>exemplum,</span> <span class='ocrx_word' id='word_1_122' title='bbox 644 1887 670 1944; x_wconf 85' lang='lat' dir='ltr'>si</span> <span class='ocrx_word' id='word_1_123' title='bbox 692 1887 782 1945; x_wconf 86' lang='lat' dir='ltr'>etism</span> <span class='ocrx_word' id='word_1_124' title='bbox 798 1906 870 1945; x_wconf 87' lang='lat' dir='ltr'>usus</span> <span class='ocrx_word' id='word_1_125' title='bbox 886 1887 1020 1962; x_wconf 89' lang='lat' dir='ltr'>potentia</span> <span class='ocrx_word' id='word_1_126' title='bbox 1031 1887 1147 1945; x_wconf 85' lang='lat' dir='ltr'>dicitur.</span> 
     </span>
     <span class='ocr_line' id='line_1_16' title="bbox 88 1967 1147 2048; baseline 0.006 -24"><span class='ocrx_word' id='word_1_127' title='bbox 88 1967 179 2044; x_wconf 86' lang='lat' dir='ltr'>ltaque</span> <span class='ocrx_word' id='word_1_128' title='bbox 198 1971 304 2042; x_wconf 74' lang='lat' dir='ltr'>Gaius,</span> <span class='ocrx_word' id='word_1_129' title='bbox 337 1973 430 2030; x_wconf 85' lang='lat' dir='ltr'>mirus</span> <span class='ocrx_word' id='word_1_130' title='bbox 463 1971 710 2048; x_wconf 83' lang='lat' dir='ltr'>significationum</span> <span class='ocrx_word' id='word_1_131' title='bbox 733 1971 852 2042; x_wconf 78' lang='lat' dir='ltr'>artifex,</span> <span class='ocrx_word' id='word_1_132' title='bbox 886 1983 973 2029; x_wconf 73' lang='lat' dir='ltr'>tammo</span> <span class='ocrx_word' id='word_1_133' title='bbox 996 1972 1061 2029; x_wconf 87' lang='lat' dir='ltr'>vnlt</span> <span class='ocrx_word' id='word_1_134' title='bbox 1082 1991 1147 2030; x_wconf 88' lang='lat' dir='ltr'>esse</span> 
     </span>
     <span class='ocr_line' id='line_1_17' title="bbox 88 2056 1147 2132; baseline 0.002 -20"><span class='ocrx_word' id='word_1_135' title='bbox 88 2057 178 2126; x_wconf 70' lang='lat' dir='ltr'>prodens</span> <span class='ocrx_word' id='word_1_136' title='bbox 189 2056 252 2132; x_wconf 74' lang='lat' dir='ltr'>(eir.</span> <span class='ocrx_word' id='word_1_137' title='bbox 269 2058 306 2114; x_wconf 88' lang='lat' dir='ltr'>ad</span> <span class='ocrx_word' id='word_1_138' title='bbox 320 2062 335 2128; x_wconf 83' lang='lat'>§</span> <span class='ocrx_word' id='word_1_139' title='bbox 348 2057 419 2132; x_wconf 70' lang='lat'>31),</span> <span class='ocrx_word' id='word_1_140' title='bbox 442 2057 514 2116; x_wconf 86' lang='lat' dir='ltr'>Otto</span> <span class='ocrx_word' id='word_1_141' title='bbox 525 2067 625 2115; x_wconf 84' lang='lat' dir='ltr'>eutem</span> <span class='ocrx_word' id='word_1_142' title='bbox 641 2057 774 2132; x_wconf 79' lang='lat' dir='ltr'>scripsit:</span> <span class='ocrx_word' id='word_1_143' title='bbox 797 2062 847 2132; x_wconf 84' lang='lat' dir='ltr'>qui</span> <span class='ocrx_word' id='word_1_144' title='bbox 866 2067 921 2114; x_wconf 84' lang='lat' dir='ltr'>tom</span> <span class='ocrx_word' id='word_1_145' title='bbox 943 2059 1053 2114; x_wconf 79' lang='lat' dir='ltr'>solebat.</span> <span class='ocrx_word' id='word_1_146' title='bbox 1087 2057 1147 2117; x_wconf 86' lang='lat' dir='ltr'>Sed</span> 
     </span>
     <span class='ocr_line' id='line_1_18' title="bbox 88 2137 1146 2218; baseline 0.003 -22"><span class='ocrx_word' id='word_1_147' title='bbox 88 2137 151 2196; x_wconf 87' lang='lat' dir='ltr'>nihil</span> <span class='ocrx_word' id='word_1_148' title='bbox 170 2142 296 2200; x_wconf 87' lang='lat' dir='ltr'>artificiis</span> <span class='ocrx_word' id='word_1_149' title='bbox 320 2161 409 2218; x_wconf 83' lang='lat' dir='ltr'>opns3</span> <span class='ocrx_word' id='word_1_150' title='bbox 443 2140 585 2201; x_wconf 85' lang='lat' dir='ltr'>Crassum</span> <span class='ocrx_word' id='word_1_151' title='bbox 612 2140 733 2212; x_wconf 87' lang='lat' dir='ltr'>Cicero,</span> <span class='ocrx_word' id='word_1_152' title='bbox 768 2143 824 2200; x_wconf 84' lang='lat' dir='ltr'>etsi</span> <span class='ocrx_word' id='word_1_153' title='bbox 853 2150 931 2200; x_wconf 88' lang='lat' dir='ltr'>esset</span> <span class='ocrx_word' id='word_1_154' title='bbox 958 2153 1146 2218; x_wconf 78' lang='lat' dir='ltr'>praepotens,</span> 
     </span>
     <span class='ocr_line' id='line_1_19' title="bbox 87 2227 1147 2304; baseline 0.006 -26"><span class='ocrx_word' id='word_1_155' title='bbox 87 2231 240 2285; x_wconf 88' lang='lat' dir='ltr'>tamennon</span> <span class='ocrx_word' id='word_1_156' title='bbox 257 2227 403 2302; x_wconf 87' lang='lat' dir='ltr'>potantia,</span> <span class='ocrx_word' id='word_1_157' title='bbox 426 2227 543 2284; x_wconf 86' lang='lat' dir='ltr'>sedsuo</span> <span class='ocrx_word' id='word_1_158' title='bbox 565 2227 653 2298; x_wconf 89' lang='lat' dir='ltr'>bono,</span> <span class='ocrx_word' id='word_1_159' title='bbox 676 2227 707 2284; x_wconf 89' lang='lat' dir='ltr'>id</span> <span class='ocrx_word' id='word_1_160' title='bbox 729 2237 788 2297; x_wconf 89' lang='lat' dir='ltr'>est,</span> <span class='ocrx_word' id='word_1_161' title='bbox 812 2227 891 2303; x_wconf 88' lang='lat' dir='ltr'>quod</span> <span class='ocrx_word' id='word_1_162' title='bbox 908 2227 972 2284; x_wconf 88' lang='lat' dir='ltr'>eius</span> <span class='ocrx_word' id='word_1_163' title='bbox 994 2228 1147 2304; x_wconf 83' lang='lat' dir='ltr'>proprium</span> 
     </span>
     <span class='ocr_line' id='line_1_20' title="bbox 87 2311 1147 2388; baseline 0.002 -22"><span class='ocrx_word' id='word_1_164' title='bbox 87 2319 153 2366; x_wconf 79' lang='lat' dir='ltr'>esset</span> <span class='ocrx_word' id='word_1_165' title='bbox 162 2321 188 2367; x_wconf 87' lang='lat' dir='ltr'>et</span> <span class='ocrx_word' id='word_1_166' title='bbox 201 2313 279 2388; x_wconf 92' lang='lat' dir='ltr'>quod</span> <span class='ocrx_word' id='word_1_167' title='bbox 290 2312 327 2382; x_wconf 87' lang='lat' dir='ltr'>is,</span> <span class='ocrx_word' id='word_1_168' title='bbox 350 2311 457 2369; x_wconf 85' lang='lat' dir='ltr'>ceteris</span> <span class='ocrx_word' id='word_1_169' title='bbox 479 2312 612 2384; x_wconf 86' lang='lat' dir='ltr'>omissis,</span> <span class='ocrx_word' id='word_1_170' title='bbox 635 2322 822 2386; x_wconf 87' lang='lat' dir='ltr'>sequeretur,</span> <span class='ocrx_word' id='word_1_171' title='bbox 847 2313 987 2388; x_wconf 87' lang='lat' dir='ltr'>pecunia,</span> <span class='ocrx_word' id='word_1_172' title='bbox 1010 2312 1054 2368; x_wconf 90' lang='lat' dir='ltr'>uti</span> <span class='ocrx_word' id='word_1_173' title='bbox 1077 2312 1147 2370; x_wconf 88' lang='lat' dir='ltr'>soli-</span> 
     </span>
     <span class='ocr_line' id='line_1_21' title="bbox 87 2395 1146 2472; baseline 0.003 -21"><span class='ocrx_word' id='word_1_174' title='bbox 87 2401 139 2450; x_wconf 85' lang='lat' dir='ltr'>tum</span> <span class='ocrx_word' id='word_1_175' title='bbox 159 2395 225 2454; x_wconf 85' lang='lat' dir='ltr'>dicit</span> <span class='ocrx_word' id='word_1_176' title='bbox 245 2397 284 2454; x_wconf 85' lang='lat' dir='ltr'>ad</span> <span class='ocrx_word' id='word_1_177' title='bbox 307 2415 358 2468; x_wconf 86' lang='lat' dir='ltr'>ea,</span> <span class='ocrx_word' id='word_1_178' title='bbox 381 2415 457 2472; x_wconf 88' lang='lat' dir='ltr'>quae</span> <span class='ocrx_word' id='word_1_179' title='bbox 479 2397 584 2468; x_wconf 83' lang='lat' dir='ltr'>vellet,</span> <span class='ocrx_word' id='word_1_180' title='bbox 613 2395 778 2454; x_wconf 78' lang='lat' dir='ltr'>efficienda</span> <span class='ocrx_word' id='word_1_181' title='bbox 824 2396 874 2456; x_wconf 86' lang='lat' dir='ltr'>Sic</span> <span class='ocrx_word' id='word_1_182' title='bbox 896 2407 976 2454; x_wconf 85' lang='lat' dir='ltr'>recte</span> <span class='ocrx_word' id='word_1_183' title='bbox 998 2397 1094 2454; x_wconf 81' lang='lat' dir='ltr'>donum</span> <span class='ocrx_word' id='word_1_184' title='bbox 1116 2407 1146 2454; x_wconf 89' lang='lat' dir='ltr'>et</span> 
     </span>
     <span class='ocr_line' id='line_1_22' title="bbox 86 2479 861 2556; baseline 0.009 -25"><span class='ocrx_word' id='word_1_185' title='bbox 86 2479 185 2552; x_wconf 84' lang='lat' dir='ltr'>acerbe,</span> <span class='ocrx_word' id='word_1_186' title='bbox 206 2491 357 2556; x_wconf 77' lang='lat' dir='ltr'>tamquam</span> <span class='ocrx_word' id='word_1_187' title='bbox 379 2501 418 2539; x_wconf 84' lang='lat' dir='ltr'>ex</span> <span class='ocrx_word' id='word_1_188' title='bbox 440 2481 542 2540; x_wconf 87' lang='lat' dir='ltr'>Crassi</span> <span class='ocrx_word' id='word_1_189' title='bbox 564 2481 720 2552; x_wconf 87' lang='lat' dir='ltr'>sententia,</span> <span class='ocrx_word' id='word_1_190' title='bbox 744 2481 861 2539; x_wconf 85' lang='lat' dir='ltr'>dieitur.</span> 
     </span>
    </p>

    <p class='ocr_par' dir='ltr' id='par_1_7' title="bbox 81 2565 1150 4430">
     <span class='ocr_line' id='line_1_23' title="bbox 159 2565 1145 2643; baseline -0.002 -19"><span class='ocrx_word' id='word_1_191' title='bbox 159 2585 211 2624; x_wconf 80' lang='lat' dir='ltr'>esse</span> <span class='ocrx_word' id='word_1_192' title='bbox 231 2570 301 2624; x_wconf 72' lang='lat' dir='ltr'>enin</span> <span class='ocrx_word' id='word_1_193' title='bbox 323 2586 405 2642; x_wconf 82' lang='lat' dir='ltr'>quom</span> <span class='ocrx_word' id='word_1_194' title='bbox 427 2569 503 2624; x_wconf 78' lang='lat' dir='ltr'>vellet</span> <span class='ocrx_word' id='word_1_195' title='bbox 525 2565 648 2642; x_wconf 71' lang='grc' dir='ltr'>ὺιίᾳιιιιε)</span> <span class='ocrx_word' id='word_1_196' title='bbox 683 2566 734 2625; x_wconf 88' lang='lat' dir='ltr'>Sic</span> <span class='ocrx_word' id='word_1_197' title='bbox 755 2566 869 2643; x_wconf 87' lang='lat' dir='ltr'>primus</span> <span class='ocrx_word' id='word_1_198' title='bbox 891 2565 1022 2625; x_wconf 90' lang='lat' dir='ltr'>Orellius</span> <span class='ocrx_word' id='word_1_199' title='bbox 1044 2566 1145 2624; x_wconf 84' lang='lat' dir='ltr'>edidit.</span> 
     </span>
     <span class='ocr_line' id='line_1_24' title="bbox 90 2645 1146 2730; baseline -0.006 -16"><span class='ocrx_word' id='word_1_200' title='bbox 90 2645 165 2714; x_wconf 69' lang='lat' dir='ltr'>me</span> <span class='ocrx_word' id='word_1_201' title='bbox 188 2653 263 2709; x_wconf 81' lang='lat' dir='ltr'>vellet</span> <span class='ocrx_word' id='word_1_202' title='bbox 291 2670 394 2710; x_wconf 87' lang='lat' dir='ltr'>omnes</span> <span class='ocrx_word' id='word_1_203' title='bbox 426 2651 499 2709; x_wconf 90' lang='lat' dir='ltr'>boni</span> <span class='ocrx_word' id='word_1_204' title='bbox 530 2651 629 2722; x_wconf 82' lang='lat' dir='ltr'>codd,</span> <span class='ocrx_word' id='word_1_205' title='bbox 662 2651 729 2709; x_wconf 84' lang='lat' dir='ltr'>Pal.</span> <span class='ocrx_word' id='word_1_206' title='bbox 755 2655 785 2722; x_wconf 92' lang='lat'>1,</span> <span class='ocrx_word' id='word_1_207' title='bbox 820 2651 898 2728; x_wconf 90' lang='lat' dir='ltr'>Spir.</span> <span class='ocrx_word' id='word_1_208' title='bbox 932 2649 1002 2730; x_wconf 91' lang='lat' dir='ltr'>[B],</span> <span class='ocrx_word' id='word_1_209' title='bbox 1031 2650 1146 2710; x_wconf 82' lang='lat' dir='ltr'>Gifanii</span> 
     </span>
     <span class='ocr_line' id='line_1_25' title="bbox 87 2729 1144 2813; baseline 0.005 -26"><span class='ocrx_word' id='word_1_210' title='bbox 87 2729 122 2806; x_wconf 84' lang='lat' dir='ltr'>(in</span> <span class='ocrx_word' id='word_1_211' title='bbox 146 2734 303 2794; x_wconf 86' lang='lat' dir='ltr'>Burmanni</span> <span class='ocrx_word' id='word_1_212' title='bbox 333 2736 406 2812; x_wconf 85' lang='lat' dir='ltr'><strong>Syll.</strong></span> <span class='ocrx_word' id='word_1_213' title='bbox 434 2737 531 2812; x_wconf 84' lang='lat' dir='ltr'>Epist.</span> <span class='ocrx_word' id='word_1_214' title='bbox 557 2737 591 2794; x_wconf 91' lang='lat'>11</span> <span class='ocrx_word' id='word_1_215' title='bbox 617 2757 647 2812; x_wconf 94' lang='lat' dir='ltr'>p.</span> <span class='ocrx_word' id='word_1_216' title='bbox 677 2734 763 2811; x_wconf 84' lang='lat'>308),</span> <span class='ocrx_word' id='word_1_217' title='bbox 797 2735 844 2793; x_wconf 87' lang='lat' dir='ltr'>El.</span> <span class='ocrx_word' id='word_1_218' title='bbox 877 2737 954 2813; x_wconf 90' lang='lat' dir='ltr'>(sine</span> <span class='ocrx_word' id='word_1_219' title='bbox 982 2736 1072 2794; x_wconf 88' lang='lat' dir='ltr'>dubio</span> <span class='ocrx_word' id='word_1_220' title='bbox 1101 2737 1144 2812; x_wconf 75' lang='lat'>2),</span> 
     </span>
     <span class='ocr_line' id='line_1_26' title="bbox 87 2814 1145 2899; baseline 0.003 -24"><span class='ocrx_word' id='word_1_221' title='bbox 87 2814 154 2875; x_wconf 85' lang='lat' dir='ltr'>Gnd.</span> <span class='ocrx_word' id='word_1_222' title='bbox 173 2822 205 2892; x_wconf 79' lang='lat'>23</span> <span class='ocrx_word' id='word_1_223' title='bbox 238 2821 401 2878; x_wconf 79' lang='lat' dir='ltr'>deteriores</span> <span class='ocrx_word' id='word_1_224' title='bbox 422 2820 609 2899; x_wconf 82' lang='lat' dir='ltr'>(Davisiani,</span> <span class='ocrx_word' id='word_1_225' title='bbox 643 2819 737 2897; x_wconf 83' lang='lat' dir='ltr'>Oxx.)</span> <span class='ocrx_word' id='word_1_226' title='bbox 760 2825 893 2896; x_wconf 77' lang='lat' dir='ltr'>quamvis,</span> <span class='ocrx_word' id='word_1_227' title='bbox 928 2822 959 2878; x_wconf 91' lang='lat' dir='ltr'>in</span> <span class='ocrx_word' id='word_1_228' title='bbox 987 2840 1045 2896; x_wconf 86' lang='lat' dir='ltr'>quo</span> <span class='ocrx_word' id='word_1_229' title='bbox 1073 2841 1145 2897; x_wconf 86' lang='lat' dir='ltr'>pne-</span> 
     </span>
     <span class='ocr_line' id='line_1_27' title="bbox 86 2902 1145 2982; baseline 0.007 -25"><span class='ocrx_word' id='word_1_230' title='bbox 86 2902 167 2962; x_wconf 85' lang='lat' dir='ltr'>riliter</span> <span class='ocrx_word' id='word_1_231' title='bbox 186 2916 265 2964; x_wconf 85' lang='lat' dir='ltr'>errat</span> <span class='ocrx_word' id='word_1_232' title='bbox 287 2904 391 2978; x_wconf 85' lang='lat' dir='ltr'>Gzins,</span> <span class='ocrx_word' id='word_1_233' title='bbox 413 2925 468 2982; x_wconf 88' lang='lat' dir='ltr'>pro</span> <span class='ocrx_word' id='word_1_234' title='bbox 491 2925 536 2978; x_wconf 90' lang='lat' dir='ltr'>eo,</span> <span class='ocrx_word' id='word_1_235' title='bbox 559 2906 639 2982; x_wconf 89' lang='lat' dir='ltr'>qnod</span> <span class='ocrx_word' id='word_1_236' title='bbox 656 2917 715 2964; x_wconf 87' lang='lat' dir='ltr'>est:</span> <span class='ocrx_word' id='word_1_237' title='bbox 733 2925 847 2981; x_wconf 80' lang='lat' dir='ltr'>possum</span> <span class='ocrx_word' id='word_1_238' title='bbox 869 2927 926 2964; x_wconf 80' lang='lat' dir='ltr'>esee</span> <span class='ocrx_word' id='word_1_239' title='bbox 948 2911 1072 2982; x_wconf 81' lang='lat' dir='ltr'>quamvis</span> <span class='ocrx_word' id='word_1_240' title='bbox 1094 2917 1145 2965; x_wconf 89' lang='lat' dir='ltr'>ant</span> 
     </span>
     <span class='ocr_line' id='line_1_28' title="bbox 87 2991 1144 3068; baseline 0.005 -25"><span class='ocrx_word' id='word_1_241' title='bbox 87 3004 154 3059; x_wconf 78' lang='lat' dir='ltr'>quom</span> <span class='ocrx_word' id='word_1_242' title='bbox 173 2993 230 3048; x_wconf 78' lang='lat' dir='ltr'>solo</span> <span class='ocrx_word' id='word_1_243' title='bbox 252 2994 367 3049; x_wconf 77' lang='lat' dir='ltr'>irrinstoa</span> <span class='ocrx_word' id='word_1_244' title='bbox 388 2991 514 3068; x_wconf 88' lang='lat' dir='ltr'>(tirones</span> <span class='ocrx_word' id='word_1_245' title='bbox 537 2991 674 3066; x_wconf 84' lang='lat' dir='ltr'>exempla</span> <span class='ocrx_word' id='word_1_246' title='bbox 695 2992 845 3067; x_wconf 85' lang='lat' dir='ltr'>reperient</span> <span class='ocrx_word' id='word_1_247' title='bbox 866 2992 945 3067; x_wconf 86' lang='lat' dir='ltr'>apud</span> <span class='ocrx_word' id='word_1_248' title='bbox 967 2992 1144 3050; x_wconf 84' lang='lat' dir='ltr'>Ramshorn.</span> 
     </span>
     <span class='ocr_line' id='line_1_29' title="bbox 86 3073 1143 3152; baseline 0.003 -22"><span class='ocrx_word' id='word_1_249' title='bbox 86 3089 108 3144; x_wconf 88' lang='lat' dir='ltr'>p.</span> <span class='ocrx_word' id='word_1_250' title='bbox 128 3073 181 3132; x_wconf 83' lang='grc'>885</span> <span class='ocrx_word' id='word_1_251' title='bbox 204 3076 250 3134; x_wconf 91' lang='lat' dir='ltr'>ed.</span> <span class='ocrx_word' id='word_1_252' title='bbox 274 3077 293 3132; x_wconf 79' lang='lat'>2</span> <span class='ocrx_word' id='word_1_253' title='bbox 316 3087 346 3134; x_wconf 88' lang='lat' dir='ltr'>et</span> <span class='ocrx_word' id='word_1_254' title='bbox 367 3075 398 3133; x_wconf 91' lang='lat' dir='ltr'>in</span> <span class='ocrx_word' id='word_1_255' title='bbox 420 3075 556 3152; x_wconf 78' lang='lat' dir='ltr'>lexicis),</span> <span class='ocrx_word' id='word_1_256' title='bbox 588 3076 695 3134; x_wconf 83' lang='lat' dir='ltr'>Latine</span> <span class='ocrx_word' id='word_1_257' title='bbox 717 3076 777 3134; x_wconf 87' lang='lat' dir='ltr'>dici</span> <span class='ocrx_word' id='word_1_258' title='bbox 798 3085 922 3152; x_wconf 84' lang='lat' dir='ltr'>putans:</span> <span class='ocrx_word' id='word_1_259' title='bbox 955 3080 1079 3151; x_wconf 66' lang='lat' dir='ltr'>quamtis</span> <span class='ocrx_word' id='word_1_260' title='bbox 1101 3097 1143 3133; x_wconf 77' lang='lat' dir='ltr'>oe·</span> 
     </span>
     <span class='ocr_line' id='line_1_30' title="bbox 87 3157 1144 3238; baseline -0.001 -19"><span class='ocrx_word' id='word_1_261' title='bbox 87 3157 123 3212; x_wconf 75' lang='lat' dir='ltr'>lini</span> <span class='ocrx_word' id='word_1_262' title='bbox 141 3179 192 3218; x_wconf 77' lang='lat' dir='ltr'>esee</span> <span class='ocrx_word' id='word_1_263' title='bbox 213 3163 338 3231; x_wconf 65' lang='lat' dir='ltr'>inlotus,</span> <span class='ocrx_word' id='word_1_264' title='bbox 356 3181 478 3238; x_wconf 81' lang='lat' dir='ltr'>possum,</span> <span class='ocrx_word' id='word_1_265' title='bbox 502 3171 532 3218; x_wconf 84' lang='lat' dir='ltr'>et</span> <span class='ocrx_word' id='word_1_266' title='bbox 554 3161 692 3218; x_wconf 85' lang='lat' dir='ltr'>librarios</span> <span class='ocrx_word' id='word_1_267' title='bbox 714 3161 880 3237; x_wconf 87' lang='lat' dir='ltr'>increpans,</span> <span class='ocrx_word' id='word_1_268' title='bbox 905 3161 956 3236; x_wconf 89' lang='lat' dir='ltr'>qui</span> <span class='ocrx_word' id='word_1_269' title='bbox 979 3161 1008 3218; x_wconf 92' lang='lat' dir='ltr'>id</span> <span class='ocrx_word' id='word_1_270' title='bbox 1026 3162 1144 3238; x_wconf 84' lang='lat' dir='ltr'>ignoro-</span> 
     </span>
     <span class='ocr_line' id='line_1_31' title="bbox 85 3241 1143 3324; baseline 0.005 -26"><span class='ocrx_word' id='word_1_271' title='bbox 85 3241 141 3299; x_wconf 84' lang='lat' dir='ltr'>n&#39;nt.</span> <span class='ocrx_word' id='word_1_272' title='bbox 170 3245 246 3303; x_wconf 72' lang='lat' dir='ltr'>&#39;Ilrm</span> <span class='ocrx_word' id='word_1_273' title='bbox 259 3249 367 3321; x_wconf 64' lang='lat' dir='ltr'>idquae</span> <span class='ocrx_word' id='word_1_274' title='bbox 383 3256 502 3322; x_wconf 80' lang='lat' dir='ltr'>praeter</span> <span class='ocrx_word' id='word_1_275' title='bbox 517 3245 580 3303; x_wconf 86' lang='lat' dir='ltr'>Erl.</span> <span class='ocrx_word' id='word_1_276' title='bbox 599 3246 688 3303; x_wconf 81' lang='lat' dir='ltr'>etiam</span> <span class='ocrx_word' id='word_1_277' title='bbox 701 3245 779 3321; x_wconf 89' lang='lat' dir='ltr'>Spir.</span> <span class='ocrx_word' id='word_1_278' title='bbox 799 3243 855 3324; x_wconf 91' lang='lat' dir='ltr'>[B]</span> <span class='ocrx_word' id='word_1_279' title='bbox 878 3255 909 3304; x_wconf 87' lang='lat' dir='ltr'>et</span> <span class='ocrx_word' id='word_1_280' title='bbox 930 3247 995 3304; x_wconf 88' lang='lat' dir='ltr'>cod.</span> <span class='ocrx_word' id='word_1_281' title='bbox 1018 3245 1143 3306; x_wconf 81' lang='lat' dir='ltr'>Gifanii.</span> 
     </span>
     <span class='ocr_line' id='line_1_32' title="bbox 86 3323 1143 3406; baseline 0.005 -22"><span class='ocrx_word' id='word_1_282' title='bbox 86 3323 134 3384; x_wconf 81' lang='lat' dir='ltr'>Sed</span> <span class='ocrx_word' id='word_1_283' title='bbox 152 3331 213 3388; x_wconf 85' lang='lat' dir='ltr'>Pal.</span> <span class='ocrx_word' id='word_1_284' title='bbox 241 3334 255 3387; x_wconf 96' lang='lat' dir='ltr'>l</span> <span class='ocrx_word' id='word_1_285' title='bbox 279 3333 389 3406; x_wconf 76' lang='lat' dir='ltr'>iniquos</span> <span class='ocrx_word' id='word_1_286' title='bbox 410 3335 512 3402; x_wconf 80' lang='lat' dir='ltr'>iustus,</span> <span class='ocrx_word' id='word_1_287' title='bbox 535 3331 665 3406; x_wconf 87' lang='lat' dir='ltr'>itemque</span> <span class='ocrx_word' id='word_1_288' title='bbox 687 3331 734 3388; x_wconf 84' lang='lat' dir='ltr'>El.</span> <span class='ocrx_word' id='word_1_289' title='bbox 758 3332 793 3402; x_wconf 80' lang='lat'>2,</span> <span class='ocrx_word' id='word_1_290' title='bbox 817 3331 881 3388; x_wconf 86' lang='lat' dir='ltr'>cod.</span> <span class='ocrx_word' id='word_1_291' title='bbox 903 3331 929 3389; x_wconf 92' lang='grc' dir='ltr'>Ι.</span> <span class='ocrx_word' id='word_1_292' title='bbox 952 3331 1002 3388; x_wconf 86' lang='lat' dir='ltr'>Fr.</span> <span class='ocrx_word' id='word_1_293' title='bbox 1024 3331 1143 3390; x_wconf 88' lang='lat' dir='ltr'>Grono-</span> 
     </span>
     <span class='ocr_line' id='line_1_33' title="bbox 85 3410 1143 3490; baseline 0.007 -23"><span class='ocrx_word' id='word_1_294' title='bbox 85 3410 117 3467; x_wconf 71' lang='lat' dir='ltr'>rii</span> <span class='ocrx_word' id='word_1_295' title='bbox 150 3415 212 3490; x_wconf 88' lang='lat' dir='ltr'>(qni</span> <span class='ocrx_word' id='word_1_296' title='bbox 245 3417 320 3474; x_wconf 80' lang='lat' dir='ltr'>mire</span> <span class='ocrx_word' id='word_1_297' title='bbox 357 3415 535 3474; x_wconf 86' lang='lat' dir='ltr'>defendebat</span> <span class='ocrx_word' id='word_1_298' title='bbox 568 3415 693 3474; x_wconf 85' lang='lat' dir='ltr'>Observ.</span> <span class='ocrx_word' id='word_1_299' title='bbox 720 3415 785 3488; x_wconf 90' lang='lat'>111,</span> <span class='ocrx_word' id='word_1_300' title='bbox 829 3415 881 3490; x_wconf 91' lang='grc'>10)</span> <span class='ocrx_word' id='word_1_301' title='bbox 919 3426 950 3473; x_wconf 90' lang='lat' dir='ltr'>et</span> <span class='ocrx_word' id='word_1_302' title='bbox 988 3415 1143 3476; x_wconf 82' lang='lat' dir='ltr'>Guelferb.</span> 
     </span>
     <span class='ocr_line' id='line_1_34' title="bbox 84 3493 1144 3578; baseline 0.005 -24"><span class='ocrx_word' id='word_1_303' title='bbox 84 3493 179 3557; x_wconf 84' lang='lat' dir='ltr'>Bromii</span> <span class='ocrx_word' id='word_1_304' title='bbox 200 3499 295 3578; x_wconf 81' lang='lat' dir='ltr'>(Gnd</span> <span class='ocrx_word' id='word_1_305' title='bbox 319 3500 367 3576; x_wconf 78' lang='lat'>2),</span> <span class='ocrx_word' id='word_1_306' title='bbox 407 3499 541 3577; x_wconf 83' lang='lat' dir='ltr'>Scaliger</span> <span class='ocrx_word' id='word_1_307' title='bbox 562 3501 724 3577; x_wconf 85' lang='lat' dir='ltr'>ascriptum</span> <span class='ocrx_word' id='word_1_308' title='bbox 746 3501 876 3559; x_wconf 85' lang='lat' dir='ltr'>habebat</span> <span class='ocrx_word' id='word_1_309' title='bbox 896 3501 974 3558; x_wconf 88' lang='lat' dir='ltr'>libro</span> <span class='ocrx_word' id='word_1_310' title='bbox 995 3521 1064 3559; x_wconf 87' lang='lat' dir='ltr'>sno:</span> <span class='ocrx_word' id='word_1_311' title='bbox 1087 3503 1144 3560; x_wconf 82' lang='lat' dir='ltr'>Est</span> 
     </span>
     <span class='ocr_line' id='line_1_35' title="bbox 83 3584 1143 3663; baseline 0.002 -21"><span class='ocrx_word' id='word_1_312' title='bbox 83 3584 146 3654; x_wconf 64' lang='grc' dir='ltr'>ωἰπι,</span> <span class='ocrx_word' id='word_1_313' title='bbox 166 3605 249 3660; x_wconf 81' lang='lat' dir='ltr'>quom</span> <span class='ocrx_word' id='word_1_314' title='bbox 260 3587 351 3656; x_wconf 82' lang='lat' dir='ltr'>vellet,</span> <span class='ocrx_word' id='word_1_315' title='bbox 373 3588 496 3662; x_wconf 68' lang='lat' dir='ltr'>iniquus:</span> <span class='ocrx_word' id='word_1_316' title='bbox 523 3589 611 3644; x_wconf 76' lang='lat' dir='ltr'>iustus</span> <span class='ocrx_word' id='word_1_317' title='bbox 633 3595 742 3663; x_wconf 79' lang='lat' dir='ltr'>poterat</span> <span class='ocrx_word' id='word_1_318' title='bbox 757 3589 877 3662; x_wconf 80' lang='lat' dir='ltr'>impune3</span> <span class='ocrx_word' id='word_1_319' title='bbox 909 3605 947 3644; x_wconf 86' lang='lat' dir='ltr'>ox</span> <span class='ocrx_word' id='word_1_320' title='bbox 970 3587 1076 3646; x_wconf 80' lang='lat' dir='ltr'>ceterIs</span> <span class='ocrx_word' id='word_1_321' title='bbox 1098 3587 1143 3644; x_wconf 92' lang='lat' dir='ltr'>ni·</span> 
     </span>
     <span class='ocr_line' id='line_1_36' title="bbox 83 3662 1143 3748; baseline 0.005 -23"><span class='ocrx_word' id='word_1_322' title='bbox 83 3662 116 3722; x_wconf 83' lang='lat' dir='ltr'>hss</span> <span class='ocrx_word' id='word_1_323' title='bbox 138 3679 295 3728; x_wconf 83' lang='lat' dir='ltr'>annotatur</span> <span class='ocrx_word' id='word_1_324' title='bbox 322 3671 361 3728; x_wconf 86' lang='lat' dir='ltr'>ad</span> <span class='ocrx_word' id='word_1_325' title='bbox 387 3671 541 3747; x_wconf 82' lang='lat' dir='ltr'>vulgarem</span> <span class='ocrx_word' id='word_1_326' title='bbox 569 3671 761 3747; x_wconf 85' lang='lat' dir='ltr'>scripturam:</span> <span class='ocrx_word' id='word_1_327' title='bbox 794 3675 895 3742; x_wconf 74' lang='lat' dir='ltr'>tostus,</span> <span class='ocrx_word' id='word_1_328' title='bbox 928 3675 1051 3748; x_wconf 75' lang='lat' dir='ltr'>iniquae,</span> <span class='ocrx_word' id='word_1_329' title='bbox 1084 3673 1143 3731; x_wconf 91' lang='lat' dir='ltr'>nisi</span> 
     </span>
     <span class='ocr_line' id='line_1_37' title="bbox 85 3754 1142 3833; baseline 0.006 -23"><span class='ocrx_word' id='word_1_330' title='bbox 85 3754 148 3822; x_wconf 85' lang='lat' dir='ltr'>quod</span> <span class='ocrx_word' id='word_1_331' title='bbox 167 3756 238 3814; x_wconf 83' lang='lat' dir='ltr'>Bas.</span> <span class='ocrx_word' id='word_1_332' title='bbox 261 3759 377 3814; x_wconf 65' lang='lat' dir='ltr'>anmatos</span> <span class='ocrx_word' id='word_1_333' title='bbox 397 3759 474 3814; x_wconf 77' lang='lat' dir='ltr'>vellet</span> <span class='ocrx_word' id='word_1_334' title='bbox 495 3759 613 3831; x_wconf 56' lang='lat' dir='ltr'>aitqaue,</span> <span class='ocrx_word' id='word_1_335' title='bbox 636 3755 725 3833; x_wconf 71' lang='lat' dir='ltr'><strong>Ox.2</strong></span> <span class='ocrx_word' id='word_1_336' title='bbox 746 3759 855 3833; x_wconf 81' lang='lat' dir='ltr'>iniquus</span> <span class='ocrx_word' id='word_1_337' title='bbox 877 3761 999 3815; x_wconf 77' lang='lat' dir='ltr'>iniustus.</span> <span class='ocrx_word' id='word_1_338' title='bbox 1033 3759 1142 3816; x_wconf 86' lang='lat' dir='ltr'>Emen-</span> 
     </span>
     <span class='ocr_line' id='line_1_38' title="bbox 83 3833 1141 3918; baseline 0.009 -25"><span class='ocrx_word' id='word_1_339' title='bbox 83 3833 153 3896; x_wconf 85' lang='lat' dir='ltr'>dator</span> <span class='ocrx_word' id='word_1_340' title='bbox 183 3859 243 3897; x_wconf 91' lang='lat' dir='ltr'>non</span> <span class='ocrx_word' id='word_1_341' title='bbox 276 3841 349 3899; x_wconf 76' lang='lat' dir='ltr'>astla</span> <span class='ocrx_word' id='word_1_342' title='bbox 372 3841 488 3912; x_wconf 76' lang='lat' dir='ltr'>scitus,</span> <span class='ocrx_word' id='word_1_343' title='bbox 523 3859 589 3898; x_wconf 90' lang='lat' dir='ltr'>cum</span> <span class='ocrx_word' id='word_1_344' title='bbox 622 3841 777 3900; x_wconf 84' lang='lat' dir='ltr'>incidisset</span> <span class='ocrx_word' id='word_1_345' title='bbox 802 3843 834 3900; x_wconf 92' lang='lat' dir='ltr'>in</span> <span class='ocrx_word' id='word_1_346' title='bbox 861 3860 926 3898; x_wconf 82' lang='lat' dir='ltr'>earn</span> <span class='ocrx_word' id='word_1_347' title='bbox 954 3843 1141 3918; x_wconf 85' lang='lat' dir='ltr'>scripturam,</span> 
     </span>
     <span class='ocr_line' id='line_1_39' title="bbox 83 3925 1141 4003; baseline 0.004 -23"><span class='ocrx_word' id='word_1_348' title='bbox 83 3937 144 3992; x_wconf 85' lang='lat' dir='ltr'>qnae</span> <span class='ocrx_word' id='word_1_349' title='bbox 162 3934 210 3982; x_wconf 85' lang='lat' dir='ltr'>eat</span> <span class='ocrx_word' id='word_1_350' title='bbox 230 3926 261 3982; x_wconf 90' lang='lat' dir='ltr'>in</span> <span class='ocrx_word' id='word_1_351' title='bbox 283 3925 350 3984; x_wconf 87' lang='lat' dir='ltr'>Pal.</span> <span class='ocrx_word' id='word_1_352' title='bbox 377 3929 409 3997; x_wconf 94' lang='lat'>1,</span> <span class='ocrx_word' id='word_1_353' title='bbox 438 3928 657 4003; x_wconf 87' lang='lat' dir='ltr'>transponendo</span> <span class='ocrx_word' id='word_1_354' title='bbox 680 3938 710 3984; x_wconf 90' lang='lat' dir='ltr'>et</span> <span class='ocrx_word' id='word_1_355' title='bbox 732 3927 906 4003; x_wconf 87' lang='lat' dir='ltr'>corrigendo</span> <span class='ocrx_word' id='word_1_356' title='bbox 934 3925 1059 3984; x_wconf 83' lang='lat' dir='ltr'>formam</span> <span class='ocrx_word' id='word_1_357' title='bbox 1087 3929 1141 3985; x_wconf 90' lang='lat' dir='ltr'>ali-</span> 
     </span>
     <span class='ocr_line' id='line_1_40' title="bbox 83 4009 1140 4088; baseline 0.007 -24"><span class='ocrx_word' id='word_1_358' title='bbox 83 4022 155 4077; x_wconf 83' lang='lat' dir='ltr'>qnam</span> <span class='ocrx_word' id='word_1_359' title='bbox 174 4010 293 4087; x_wconf 87' lang='lat' dir='ltr'>periodi</span> <span class='ocrx_word' id='word_1_360' title='bbox 315 4009 428 4069; x_wconf 80' lang='lat' dir='ltr'>effecit:</span> <span class='ocrx_word' id='word_1_361' title='bbox 460 4031 517 4070; x_wconf 78' lang='lat' dir='ltr'>esse</span> <span class='ocrx_word' id='word_1_362' title='bbox 543 4016 611 4069; x_wconf 75' lang='lat' dir='ltr'>enlm</span> <span class='ocrx_word' id='word_1_363' title='bbox 638 4015 762 4087; x_wconf 79' lang='lat' dir='ltr'>quamvis</span> <span class='ocrx_word' id='word_1_364' title='bbox 794 4014 870 4068; x_wconf 83' lang='lat' dir='ltr'>vellet</span> <span class='ocrx_word' id='word_1_365' title='bbox 896 4013 996 4082; x_wconf 81' lang='lat' dir='ltr'>iustos,</span> <span class='ocrx_word' id='word_1_366' title='bbox 1032 4015 1140 4088; x_wconf 77' lang='lat' dir='ltr'>r&#39;oo&#39;quus</span> 
     </span>
     <span class='ocr_line' id='line_1_41' title="bbox 81 4096 1140 4173; baseline 0.002 -19"><span class='ocrx_word' id='word_1_367' title='bbox 81 4102 170 4163; x_wconf 68' lang='lat' dir='ltr'>potant</span> <span class='ocrx_word' id='word_1_368' title='bbox 193 4099 313 4172; x_wconf 67' lang='lat' dir='ltr'>impuno,</span> <span class='ocrx_word' id='word_1_369' title='bbox 348 4096 411 4167; x_wconf 84' lang='lat' dir='ltr'>cui,</span> <span class='ocrx_word' id='word_1_370' title='bbox 444 4096 666 4173; x_wconf 84' lang='lat' dir='ltr'>grammaticam</span> <span class='ocrx_word' id='word_1_371' title='bbox 696 4115 756 4154; x_wconf 90' lang='lat' dir='ltr'>non</span> <span class='ocrx_word' id='word_1_372' title='bbox 788 4097 877 4154; x_wconf 89' lang='lat' dir='ltr'>nimis</span> <span class='ocrx_word' id='word_1_373' title='bbox 910 4115 1030 4169; x_wconf 84' lang='lat' dir='ltr'>curans,</span> <span class='ocrx_word' id='word_1_374' title='bbox 1064 4097 1140 4156; x_wconf 88' lang='lat' dir='ltr'>hanc</span> 
     </span>
     <span class='ocr_line' id='line_1_42' title="bbox 82 4167 1150 4257; baseline 0.003 -20"><span class='ocrx_word' id='word_1_375' title='bbox 82 4177 230 4238; x_wconf 69' lang='lat' dir='ltr'>tundebat</span> <span class='ocrx_word' id='word_1_376' title='bbox 262 4181 455 4239; x_wconf 70' lang='lat' dir='ltr'>sententiam:</span> <span class='ocrx_word' id='word_1_377' title='bbox 489 4200 666 4257; x_wconf 84' lang='lat' dir='ltr'>quamquam</span> <span class='ocrx_word' id='word_1_378' title='bbox 694 4181 772 4238; x_wconf 87' lang='lat' dir='ltr'>enim</span> <span class='ocrx_word' id='word_1_379' title='bbox 801 4181 913 4238; x_wconf 84' lang='lat' dir='ltr'>mavult</span> <span class='ocrx_word' id='word_1_380' title='bbox 942 4200 1007 4240; x_wconf 85' lang='lat' dir='ltr'>esse</span> <span class='ocrx_word' id='word_1_381' title='bbox 1034 4167 1150 4255; x_wconf 53' lang='lat' dir='ltr'>iustus?</span> 
     </span>
     <span class='ocr_line' id='line_1_43' title="bbox 82 4265 1139 4342; baseline 0.002 -18"><span class='ocrx_word' id='word_1_382' title='bbox 82 4270 182 4333; x_wconf 74' lang='lat' dir='ltr'>moret</span> <span class='ocrx_word' id='word_1_383' title='bbox 203 4277 303 4324; x_wconf 88' lang='lat' dir='ltr'>tamen</span> <span class='ocrx_word' id='word_1_384' title='bbox 326 4275 382 4324; x_wconf 79' lang='lat' dir='ltr'>cet</span> <span class='ocrx_word' id='word_1_385' title='bbox 428 4265 488 4326; x_wconf 87' lang='lat' dir='ltr'>Sed</span> <span class='ocrx_word' id='word_1_386' title='bbox 509 4266 557 4323; x_wconf 91' lang='lat' dir='ltr'>hic</span> <span class='ocrx_word' id='word_1_387' title='bbox 579 4266 644 4323; x_wconf 84' lang='lat' dir='ltr'>Pol.</span> <span class='ocrx_word' id='word_1_388' title='bbox 670 4269 684 4322; x_wconf 93' lang='lat'>1</span> <span class='ocrx_word' id='word_1_389' title='bbox 715 4284 781 4322; x_wconf 87' lang='lat' dir='ltr'>curn</span> <span class='ocrx_word' id='word_1_390' title='bbox 803 4265 937 4342; x_wconf 83' lang='lat' dir='ltr'>vestigiis</span> <span class='ocrx_word' id='word_1_391' title='bbox 960 4267 1139 4326; x_wconf 85' lang='lat' dir='ltr'>deteriorum</span> 
     </span>
     <span class='ocr_line' id='line_1_44' title="bbox 83 4347 1140 4430; baseline 0.006 -24"><span class='ocrx_word' id='word_1_392' title='bbox 83 4347 198 4410; x_wconf 74' lang='lat' dir='ltr'>odeum</span> <span class='ocrx_word' id='word_1_393' title='bbox 221 4369 384 4410; x_wconf 85' lang='lat' dir='ltr'>consensus</span> <span class='ocrx_word' id='word_1_394' title='bbox 406 4360 572 4426; x_wconf 85' lang='lat' dir='ltr'>suspectam</span> <span class='ocrx_word' id='word_1_395' title='bbox 594 4349 667 4409; x_wconf 84' lang='lat' dir='ltr'>facit</span> <span class='ocrx_word' id='word_1_396' title='bbox 688 4369 791 4410; x_wconf 81' lang='lat' dir='ltr'>vocem</span> <span class='ocrx_word' id='word_1_397' title='bbox 818 4355 940 4427; x_wconf 66' lang='lat' dir='ltr'>mopsus,</span> <span class='ocrx_word' id='word_1_398' title='bbox 974 4371 1050 4426; x_wconf 84' lang='lat' dir='ltr'>quse</span> <span class='ocrx_word' id='word_1_399' title='bbox 1074 4353 1140 4430; x_wconf 87' lang='lat' dir='ltr'>ipsa</span> 
     </span>
    </p>
   </div>
   <div class='ocr_carea' id='block_1_6' title="bbox 934 4467 968 4522">
    <p class='ocr_par' dir='ltr' id='par_1_8' title="bbox 934 4467 968 4522">
     <span class='ocr_line' id='line_1_45' title="bbox 934 4467 968 4522; baseline 0.059 -2"><span class='ocrx_word' id='word_1_400' title='bbox 934 4467 968 4522; x_wconf 79' lang='lat'>16</span> 
     </span>
    </p>
   </div>
   <div class='ocr_carea' id='block_1_7' title="bbox 0 0 1482 5028">
    <p class='ocr_par' dir='ltr' id='par_1_9' title="bbox 0 0 1482 5028">
     <span class='ocr_line' id='line_1_46' title="bbox 0 0 1482 5028; baseline 0 3"><span class='ocrx_word' id='word_1_401' title='bbox 0 0 1482 5028; x_wconf 95' lang='lat' dir='ltr'> </span> 
     </span>
    </p>
   </div>
  </div>
 </body>
</html>
