2928 5012
482 451 678 498 annoanlo.
975 434 1126 499 XXXVII

79 628 136 682 unte
153 621 304 702 descripsi,
326 621 441 702 partim
463 622 565 702 (extra
585 622 698 686 librum
719 623 735 686 Ι
757 629 789 686 et
809 621 854 702 ΙΙ)
876 623 917 686 ad
939 621 1016 687 aiios
1037 623 1124 687 dete·

78 727 150 791 n'oris
174 727 301 796 familiae
335 730 471 808 codices;
509 731 613 812 itaque
641 731 720 795 hanc
748 749 829 796 nunc
856 741 929 811 post
955 730 1125 795 deteriores

77 835 172 915 aliquot
182 837 302 902 codices
320 845 464 904 acuuate
482 838 609 902 collatos
621 857 713 904 unam
724 839 887 903 utilitatem
909 837 1010 915 habet
1032 845 1077 918 ut,
1099 838 1126 904 si

77 942 262 1025 quiapropter
274 945 414 1024 Gruteri
433 946 561 1024 Davisii,
582 946 744 1011 Goerenzii
755 945 910 1011 silentium
922 947 961 1010 de
973 963 1126 1011 consensu

76 1051 237 1117 deterioium
260 1065 315 1118 aut
339 1053 477 1118 omnium
498 1055 637 1118 codicum
649 1055 778 1132 dubitet,
800 1055 826 1118 is
849 1054 942 1118 etiam
954 1053 1126 1118 Victorium

76 1168 165 1223 testem
185 1162 303 1236 habeat
326 1167 362 1225 ut
384 1163 408 1240 1,
420 1165 462 1228 64
484 1162 632 1245 (nomed
652 1167 680 1225 et
700 1161 814 1241 recipi).
829 1164 856 1242 ¹)

142 1267 248 1334 Paulus
265 1269 426 1335 Manutius
439 1272 581 1336 omnibus
592 1257 733 1352 partibus
748 1271 895 1350 pauciora
911 1271 944 1333 in
962 1269 1011 1334 his
1033 1269 1122 1333 libris

74 1377 177 1440 nundi
196 1397 288 1459 quani
310 1387 448 1458 putatur.
493 1379 576 1444 Nihil
599 1379 680 1443 emm
703 1379 762 1443 nisi
773 1378 919 1459 expolivit
944 1375 1014 1442 Aldi
1025 1377 1125 1458 patris

72 1484 221 1550 editionem.
266 1488 371 1568 Atque
398 1505 436 1551 aa
462 1487 492 1551 in
516 1505 636 1551 sumnia
658 1506 693 1552 re
715 1486 804 1568 quasi
828 1491 1047 1566 superstructa
1077 1490 1127 1549 est

73 1592 173 1669 primae
193 1594 337 1658 editionis
364 1593 573 1660 dindamanto.
623 1596 734 1677 Itaque
763 1593 915 1675 plurimae
943 1593 1126 1673 sciipturau

72 1716 138 1778 qtae
157 1707 186 1764 et
204 1701 275 1767 alibi
298 1710 330 1767 et
352 1703 391 1767 ab
414 1703 530 1768 (brollio
553 1703 692 1768 Manutio
714 1703 920 1780 ascribuntur,
942 1721 980 1766 ex
991 1701 1126 1766 editione

72 1806 157 1886 pn'ma
175 1817 312 1875 retentae
336 1817 423 1889 sunt;
451 1829 508 1876 uec
530 1829 606 1875 sane
627 1816 773 1892 poterant
794 1829 813 1874 a
836 1810 975 1874 Manutio
999 1809 1125 1874 consilio

71 1913 159 1980 ilaue
179 1917 282 1982 videri.
328 1918 390 1983 Sed
412 1919 496 1999 apud
519 1917 632 1982 Aldum
661 1924 825 1998 praetcrea
846 1929 941 1999 atque
957 1918 1067 2000 ¹aliqua
1089 1937 1126 1982 ex

70 2033 145 2101 parte
165 2026 245 2105 apud
267 2045 331 2105 eos,
355 2026 409 2108 qui
430 2025 510 2090 inter
532 2026 665 2108 primam
678 2026 842 2090 editionem
862 2027 1125 2091 etAidumintar·

70 2129 128 2194 ieeti
147 2141 223 2210 sunt
246 2153 380 2215 quorum
403 2152 460 2215 ago
471 2134 622 2198 editiones
634 2154 695 2199 non
707 2142 922 2215 perscrutatus
935 2154 1012 2213 sum,
1029 2133 1127 2198 multa

70 2238 118 2302 aiio
138 2243 354 2320 partim‘casu,
377 2242 491 2324 partim
513 2242 697 2321 coniectura,
720 2243 873 2324 quaedam
886 2243 979 2307 atiani
1002 2261 1019 2306 e
1041 2242 1125 2306 codi-
1202 2245 1205 2252 '

69 2347 140 2412 dius
161 2348 313 2414 inferioris
337 2348 470 2414 familiae
491 2357 611 2414 mutata
629 2356 710 2415 suut.
742 2352 852 2432 ltaque
875 2352 925 2429 (ut
938 2350 1126 2430 exempiaex

68 2472 152 2532 parva
171 2465 258 2538 pnite
280 2457 350 2522 libri
373 2457 465 2538 primi
487 2477 548 2522 non
572 2458 692 2522 curiose
714 2458 869 2540 colligam)
894 2459 964 2522 didi
988 2460 1058 2537 (aut
1074 2477 1125 2521 su-

66 2564 180 2640 perioris
190 2565 345 2646 adoinus),
358 2585 419 2630 non
430 2565 519 2630 Pauli
531 2566 608 2630 haec
620 2572 701 2644 sunt,
724 2567 773 2630 cui
786 2567 976 2632 tribuuntur:
1000 2563 1127 2630 dacium

67 2669 143 2743 notu,
168 2675 199 2736 li
226 2693 341 2755 mayaco
362 2693 421 2755 pro
442 2693 578 2752 sumno·
601 2676 641 2738 16
664 2673 725 2738 Hac
745 2673 804 2737 nisi
824 2673 898 2736 mibi
920 2675 1030 2754 (mixta
1051 2689 1127 2737 vera

66 2777 219 2859 scriptura,
253 2799 334 2863 qnae
368 2789 436 2846 erat
468 2781 561 2846 etiam
592 2781 625 2845 in
657 2781 765 2862 paucis
798 2782 1003 2846 deterioribus
1031 2781 1127 2858 libris,

66 2902 121 2949 uini
146 2889 272 2970 prava),
297 2890 334 2953 ii
358 2888 392 2951 in
414 2908 474 2971 qao
494 2909 556 2969 nec,
579 2891 617 2953 21
641 2894 758 2953 sactus
779 2894 822 2953 ast
843 2890 963 2971 aliaque
985 2889 1126 2969 mutan

66 2993 317 3076 tSupplementum
349 2997 478 3062 lacunae
505 2999 536 3062 in
558 2999 583 3077 Ι,
601 2999 641 3062 22
664 3017 725 3062 uon
748 3005 795 3063 est
816 2999 848 3062 in
871 2997 941 3062 didi
964 2997 1127 3077 exemplo.)

68 3099 129 3166 Sunt
162 3105 252 3185 pauci
297 3104 424 3186 quidam
467 3106 545 3184 loci,
590 3107 642 3186 qui
675 3105 810 3170 melioris
843 3106 956 3170 codicis
999 3103 1128 3169 adhibiti

67 3213 254 3292 suspicionem
275 3210 379 3277 facere
401 3213 572 3278 videantun
605 3214 722 3279 Verum
744 3215 852 3278 eadem
868 3213 1043 3278 coniectura
1064 3211 1128 3276 fere

66 3317 88 3380 in
106 3321 207 3399 parvis
230 3329 262 3385 et
284 3319 455 3386 manifestis
472 3322 565 3386 rebus
588 3341 696 3387 varum
715 3322 858 3400 restituit
881 3322 995 3402 quael,
1014 3322 1056 3384 10
1076 3339 1127 3384 sa-

67 3427 180 3492 b'sante
200 3428 314 3491 macri
331 3437 363 3494 et
373 3429 411 3508 V,
423 3431 464 3494 38
481 3449 544 3492 aon
565 3436 638 3495 ante
659 3429 753 3493 inulto
774 3449 856 3494 secus
877 3428 998 3494 addidit
1019 3434 1128 3492 contra

85 3725 103 3759 ²·
119 3725 245 3776 i'tctortus
265 3727 294 3783 11.
306 3725 339 3780 ῖ3
356 3725 435 3777 babet
453 3740 528 3778 voces
546 3727 569 3776 si
584 3729 670 3790 paedor
688 3733 712 3778 et
731 3727 764 3779 75
782 3717 945 3783 eum'dicitia,
974 3739 1020 3775 nec
1039 3732 1126 3774 iumen

119 3825 160 3861 ens
171 3815 197 3862 in
210 3814 327 3874 margine
338 3812 458 3862 editionis
469 3815 643 3862 ascensiones
654 3816 798 3869 annotavit;
818 3826 861 3862 eas
872 3815 954 3876 potuit
973 3818 1017 3860 aut
1035 3825 1065 3860 ex
1083 3810 1127 3859 iiio

118 3897 206 3947 codiee
224 3903 313 3962 postea
336 3899 363 3946 in
383 3897 495 3947 editione
514 3899 627 3960 paranda
656 3899 805 3961 diligentius
831 3901 946 3960 inspecto
970 3909 1073 3946 sumere
1092 3895 1128 3954 (et

119 3989 180 4032 suni
198 3987 224 4031 in
238 3981 285 4056 Εξ)
304 3989 348 4031 aut
367 3995 380 4031 e
399 3983 533 4033 Croundri
554 3983 673 4033 editione.
715 3984 742 4032 in
755 3981 974 4046 (instigationibus
999 3981 1127 4030 Victorius

118 4069 183 4118 duos
202 4071 312 4118 omnino
330 4069 425 4118 horum
444 4067 570 4118 librorum
590 4069 661 4118 locos
680 4071 790 4128 attingit,
811 4068 901 4125 iv,10,
922 4069 964 4117 ubi
976 4067 1031 4116 didi
1048 4070 1126 4116 inter·

118 4153 276 4216 poiaiionem
296 4153 431 4216 improbat,
451 4153 513 4213 etv,
525 4153 564 4211 70.
585 4155 628 4204 ubi
649 4155 764 4204 deiondit
782 4155 901 4204 codicum
916 4156 1064 4223 testimonio
1075 4152 1126 4200 dis·

117 4239 203 4296 anno,
222 4245 249 4288 et
267 4245 363 4296 tamen,
382 4251 433 4301 quo
451 4241 584 4301 pertineat,
604 4247 680 4303 negat
699 4253 726 4289 so
745 4243 818 4289 seire.

83 4322 101 4370 '-
120 4321 211 4388 {tunm
231 4327 257 4374 in
278 4325 326 4373 hac
346 4324 457 4374 editione
479 4327 614 4387 inprimis
634 4325 707 4374 libris
726 4325 851 4387 quaedam
872 4323 895 4373 P.
908 4323 1126 4373 Manutiotnbnea

118 4416 185 4464 sunt.
205 4423 273 4474 quae
292 4409 361 4473 apud
379 4410 472 4462 Aldum
492 4408 570 4473 aunt]
640 4464 648 4474 ,
