<?xml version="1.0" encoding="UTF-8"?>
<!DOCTYPE html PUBLIC "-//W3C//DTD XHTML 1.0 Transitional//EN"
    "http://www.w3.org/TR/xhtml1/DTD/xhtml1-transitional.dtd">
<html xmlns="http://www.w3.org/1999/xhtml" xml:lang="en" lang="en">
 <head>
  <title>
</title>
<meta http-equiv="Content-Type" content="text/html;charset=utf-8" />
  <meta name='ocr-system' content='tesseract 3.04.00' />
  <meta name='ocr-capabilities' content='ocr_page ocr_carea ocr_par ocr_line ocrx_word'/>
</head>
<body>
  <div class='ocr_page' id='page_1' title='image "./definibusbonoru04cicegoog_0172.png"; bbox 0 0 2920 5012; ppageno 0'>
   <div class='ocr_carea' id='block_1_1' title="bbox 333 379 1008 444">
    <p class='ocr_par' dir='ltr' id='par_1_1' title="bbox 333 379 1008 444">
     <span class='ocr_line' id='line_1_1' title="bbox 333 379 1008 444; baseline 0 -2"><span class='ocrx_word' id='word_1_1' title='bbox 333 379 376 442; x_wconf 84' lang='grc'>94</span> <span class='ocrx_word' id='word_1_2' title='bbox 719 397 763 441; x_wconf 83' lang='lat' dir='ltr'>nu</span> <span class='ocrx_word' id='word_1_3' title='bbox 785 395 916 444; x_wconf 78' lang='lat' dir='ltr'>nummus</span> <span class='ocrx_word' id='word_1_4' title='bbox 937 397 1008 442; x_wconf 86' lang='lat' dir='ltr'>non.</span> 
     </span>
    </p>
   </div>
   <div class='ocr_carea' id='block_1_2' title="bbox 296 564 1396 1159">
    <p class='ocr_par' dir='ltr' id='par_1_2' title="bbox 296 564 1396 1159">
     <span class='ocr_line' id='line_1_2' title="bbox 334 564 1392 647; baseline -0.001 -17"><span class='ocrx_word' id='word_1_5' title='bbox 334 566 405 646; x_wconf 84' lang='lat' dir='ltr'>ipsa</span> <span class='ocrx_word' id='word_1_6' title='bbox 426 573 538 630; x_wconf 88' lang='lat' dir='ltr'>natura</span> <span class='ocrx_word' id='word_1_7' title='bbox 559 565 698 640; x_wconf 77' lang='lat' dir='ltr'>diutins,</span> <span class='ocrx_word' id='word_1_8' title='bbox 732 564 843 645; x_wconf 82' lang='lat' dir='ltr'>qubus</span> <span class='ocrx_word' id='word_1_9' title='bbox 871 571 1015 630; x_wconf 85' lang='lat' dir='ltr'>contenta</span> <span class='ocrx_word' id='word_1_10' title='bbox 1043 565 1096 644; x_wconf 91' lang='lat' dir='ltr'>sit,</span> <span class='ocrx_word' id='word_1_11' title='bbox 1130 571 1161 630; x_wconf 92' lang='lat' dir='ltr'>et</span> <span class='ocrx_word' id='word_1_12' title='bbox 1189 565 1342 647; x_wconf 84' lang='lat' dir='ltr'>parabiles</span> <span class='ocrx_word' id='word_1_13' title='bbox 1366 571 1392 630; x_wconf 94' lang='lat' dir='ltr'>et</span> 
     </span>
     <span class='ocr_line' id='line_1_3' title="bbox 334 666 1393 748; baseline -0.001 -15"><span class='ocrx_word' id='word_1_14' title='bbox 334 667 515 733; x_wconf 83' lang='lat' dir='ltr'>terminatas</span> <span class='ocrx_word' id='word_1_15' title='bbox 538 667 644 745; x_wconf 79' lang='lat' dir='ltr'>habet3</span> <span class='ocrx_word' id='word_1_16' title='bbox 676 666 813 730; x_wconf 89' lang='lat' dir='ltr'>inanium</span> <span class='ocrx_word' id='word_1_17' title='bbox 840 674 944 732; x_wconf 88' lang='lat' dir='ltr'>autem</span> <span class='ocrx_word' id='word_1_18' title='bbox 979 667 1183 748; x_wconf 76' lang='lat' dir='ltr'><strong>cupiditatum</strong></span> <span class='ocrx_word' id='word_1_19' title='bbox 1210 686 1268 734; x_wconf 87' lang='lat' dir='ltr'>nec</span> <span class='ocrx_word' id='word_1_20' title='bbox 1294 669 1393 732; x_wconf 85' lang='lat' dir='ltr'>modus</span> 
     </span>
     <span class='ocr_line' id='line_1_4' title="bbox 335 767 871 850; baseline 0 -16"><span class='ocrx_word' id='word_1_21' title='bbox 335 769 415 834; x_wconf 90' lang='lat' dir='ltr'>ullus</span> <span class='ocrx_word' id='word_1_22' title='bbox 437 789 494 834; x_wconf 90' lang='lat' dir='ltr'>nec</span> <span class='ocrx_word' id='word_1_23' title='bbox 515 767 585 834; x_wconf 90' lang='lat' dir='ltr'>finis</span> <span class='ocrx_word' id='word_1_24' title='bbox 607 769 737 834; x_wconf 91' lang='lat' dir='ltr'>inveniri</span> <span class='ocrx_word' id='word_1_25' title='bbox 758 777 871 850; x_wconf 89' lang='lat' dir='ltr'>potest.</span> 
     </span>
     <span class='ocr_line' id='line_1_5' title="bbox 378 872 1394 953; baseline 0.002 -17"><span class='ocrx_word' id='word_1_26' title='bbox 378 872 461 937; x_wconf 88' lang='lat' dir='ltr'><strong>XIV.</strong></span> <span class='ocrx_word' id='word_1_27' title='bbox 494 874 546 938; x_wconf 82' lang='lat'>46.</span> <span class='ocrx_word' id='word_1_28' title='bbox 569 872 659 949; x_wconf 87' lang='lat' dir='ltr'>Quod</span> <span class='ocrx_word' id='word_1_29' title='bbox 671 872 697 936; x_wconf 90' lang='lat' dir='ltr'>si</span> <span class='ocrx_word' id='word_1_30' title='bbox 708 872 804 936; x_wconf 85' lang='lat' dir='ltr'>vitam</span> <span class='ocrx_word' id='word_1_31' title='bbox 826 890 948 937; x_wconf 92' lang='lat' dir='ltr'>omnem</span> <span class='ocrx_word' id='word_1_32' title='bbox 958 872 1135 953; x_wconf 88' lang='lat' dir='ltr'>perturbari</span> <span class='ocrx_word' id='word_1_33' title='bbox 1147 872 1286 938; x_wconf 90' lang='lat' dir='ltr'>videmus</span> <span class='ocrx_word' id='word_1_34' title='bbox 1297 891 1394 938; x_wconf 87' lang='lat' dir='ltr'>errore</span> 
     </span>
     <span class='ocr_line' id='line_1_6' title="bbox 296 973 1394 1055; baseline -0.002 -15"><span class='ocrx_word' id='word_1_35' title='bbox 296 977 366 1040; x_wconf 78' lang='lat' dir='ltr'>bet</span> <span class='ocrx_word' id='word_1_36' title='bbox 386 973 555 1053; x_wconf 81' lang='lat' dir='ltr'>inscientia,</span> <span class='ocrx_word' id='word_1_37' title='bbox 577 973 822 1055; x_wconf 79' lang='lat' dir='ltr'>sapientiamque</span> <span class='ocrx_word' id='word_1_38' title='bbox 844 974 1032 1052; x_wconf 87' lang='lat' dir='ltr'>essesolam,</span> <span class='ocrx_word' id='word_1_39' title='bbox 1055 975 1394 1055; x_wconf 87' lang='lat' dir='ltr'>quaenosalibidinum</span> 
     </span>
     <span class='ocr_line' id='line_1_7' title="bbox 334 1075 1396 1159; baseline 0.002 -19"><span class='ocrx_word' id='word_1_40' title='bbox 334 1077 453 1158; x_wconf 90' lang='lat' dir='ltr'>impetu</span> <span class='ocrx_word' id='word_1_41' title='bbox 473 1085 505 1142; x_wconf 90' lang='lat' dir='ltr'>et</span> <span class='ocrx_word' id='word_1_42' title='bbox 525 1095 545 1141; x_wconf 89' lang='lat' dir='ltr'>a</span> <span class='ocrx_word' id='word_1_43' title='bbox 567 1075 764 1142; x_wconf 81' lang='lat' dir='ltr'>formidinum</span> <span class='ocrx_word' id='word_1_44' title='bbox 785 1081 907 1141; x_wconf 90' lang='lat' dir='ltr'>terrore</span> <span class='ocrx_word' id='word_1_45' title='bbox 929 1076 1063 1142; x_wconf 87' lang='lat' dir='ltr'>vindicet</span> <span class='ocrx_word' id='word_1_46' title='bbox 1089 1085 1121 1142; x_wconf 91' lang='lat' dir='ltr'>et</span> <span class='ocrx_word' id='word_1_47' title='bbox 1141 1078 1239 1159; x_wconf 88' lang='lat' dir='ltr'>ipsius</span> <span class='ocrx_word' id='word_1_48' title='bbox 1261 1075 1396 1142; x_wconf 83' lang='lat' dir='ltr'>fortunae</span> 
     </span>
    </p>
   </div>
   <div class='ocr_carea' id='block_1_3' title="bbox 334 1178 1396 1362">
    <p class='ocr_par' dir='ltr' id='par_1_3' title="bbox 334 1178 1396 1362">
     <span class='ocr_line' id='line_1_8' title="bbox 334 1178 1396 1272; baseline 0 -28"><span class='ocrx_word' id='word_1_49' title='bbox 334 1179 453 1272; x_wconf 88' lang='lat' dir='ltr'>modice</span> <span class='ocrx_word' id='word_1_50' title='bbox 473 1178 557 1245; x_wconf 87' lang='lat' dir='ltr'>ferre</span> <span class='ocrx_word' id='word_1_51' title='bbox 577 1179 688 1244; x_wconf 88' lang='lat' dir='ltr'>doceat</span> <span class='ocrx_word' id='word_1_52' title='bbox 703 1178 834 1243; x_wconf 86' lang='lat' dir='ltr'>iniurias</span> <span class='ocrx_word' id='word_1_53' title='bbox 856 1183 888 1243; x_wconf 90' lang='lat' dir='ltr'>et</span> <span class='ocrx_word' id='word_1_54' title='bbox 910 1196 1016 1243; x_wconf 89' lang='lat' dir='ltr'>omnes</span> <span class='ocrx_word' id='word_1_55' title='bbox 1038 1185 1190 1244; x_wconf 82' lang='lat' dir='ltr'>monstret</span> <span class='ocrx_word' id='word_1_56' title='bbox 1210 1178 1291 1260; x_wconf 87' lang='lat' dir='ltr'>vias,</span> <span class='ocrx_word' id='word_1_57' title='bbox 1324 1199 1396 1262; x_wconf 88' lang='lat' dir='ltr'>quae</span> 
     </span>
     <span class='ocr_line' id='line_1_9' title="bbox 334 1279 1396 1362; baseline -0.001 -16"><span class='ocrx_word' id='word_1_58' title='bbox 334 1283 375 1346; x_wconf 87' lang='lat' dir='ltr'>ad</span> <span class='ocrx_word' id='word_1_59' title='bbox 397 1281 531 1362; x_wconf 88' lang='lat' dir='ltr'>quietern</span> <span class='ocrx_word' id='word_1_60' title='bbox 553 1280 847 1362; x_wconf 84' lang='lat' dir='ltr'>ettranquillitatem</span> <span class='ocrx_word' id='word_1_61' title='bbox 860 1279 970 1356; x_wconf 77' lang='lat' dir='ltr'>ferant,</span> <span class='ocrx_word' id='word_1_62' title='bbox 993 1281 1135 1362; x_wconf 86' lang='lat' dir='ltr'>quidest,</span> <span class='ocrx_word' id='word_1_63' title='bbox 1158 1300 1213 1346; x_wconf 83' lang='lat' dir='ltr'>arur</span> <span class='ocrx_word' id='word_1_64' title='bbox 1229 1282 1396 1347; x_wconf 88' lang='lat' dir='ltr'>dubitemus</span> 
     </span>
    </p>
   </div>
   <div class='ocr_carea' id='block_1_4' title="bbox 277 1383 1398 1568">
    <p class='ocr_par' dir='ltr' id='par_1_4' title="bbox 277 1383 1398 1568">
     <span class='ocr_line' id='line_1_10' title="bbox 334 1383 1397 1465; baseline -0.002 -15"><span class='ocrx_word' id='word_1_65' title='bbox 334 1384 449 1462; x_wconf 80' lang='lat' dir='ltr'>dicere,</span> <span class='ocrx_word' id='word_1_66' title='bbox 472 1390 504 1448; x_wconf 90' lang='lat' dir='ltr'>et</span> <span class='ocrx_word' id='word_1_67' title='bbox 525 1383 709 1465; x_wconf 80' lang='lat' dir='ltr'>sapientiam</span> <span class='ocrx_word' id='word_1_68' title='bbox 730 1390 861 1464; x_wconf 89' lang='lat' dir='ltr'>propter</span> <span class='ocrx_word' id='word_1_69' title='bbox 883 1383 1057 1464; x_wconf 88' lang='lat' dir='ltr'>voluptates</span> <span class='ocrx_word' id='word_1_70' title='bbox 1079 1386 1283 1464; x_wconf 83' lang='lat' dir='ltr'>expetendam</span> <span class='ocrx_word' id='word_1_71' title='bbox 1306 1391 1337 1450; x_wconf 91' lang='lat' dir='ltr'>et</span> <span class='ocrx_word' id='word_1_72' title='bbox 1356 1386 1397 1448; x_wconf 93' lang='lat' dir='ltr'>in·</span> 
     </span>
     <span class='ocr_line' id='line_1_11' title="bbox 277 1483 1398 1568; baseline -0.004 -14"><span class='ocrx_word' id='word_1_73' title='bbox 277 1486 510 1568; x_wconf 76' lang='lat' dir='ltr'>insipientiam</span> <span class='ocrx_word' id='word_1_74' title='bbox 531 1493 662 1568; x_wconf 89' lang='lat' dir='ltr'>propter</span> <span class='ocrx_word' id='word_1_75' title='bbox 677 1485 833 1551; x_wconf 86' lang='lat' dir='ltr'>molestias</span> <span class='ocrx_word' id='word_1_76' title='bbox 845 1483 1126 1566; x_wconf 86' lang='lat' dir='ltr'>esseiugiendam?</span> <span class='ocrx_word' id='word_1_77' title='bbox 1152 1488 1204 1551; x_wconf 74' lang='lat'>47.</span> <span class='ocrx_word' id='word_1_78' title='bbox 1226 1487 1398 1568; x_wconf 84' lang='lat' dir='ltr'>Eademque</span> 
     </span>
    </p>
   </div>
   <div class='ocr_carea' id='block_1_5' title="bbox 336 1705 1399 1844">
    <p class='ocr_par' dir='ltr' id='par_1_5' title="bbox 336 1705 1399 1844">
     <span class='ocr_line' id='line_1_12' title="bbox 403 1705 1399 1775; baseline 0.003 -20"><span class='ocrx_word' id='word_1_79' title='bbox 403 1713 427 1760; x_wconf 81' lang='grc'>4,</span> <span class='ocrx_word' id='word_1_80' title='bbox 449 1705 517 1774; x_wconf 74' lang='lat' dir='ltr'>[quid</span> <span class='ocrx_word' id='word_1_81' title='bbox 532 1708 557 1758; x_wconf 80' lang='lat' dir='ltr'>ai</span> <span class='ocrx_word' id='word_1_82' title='bbox 572 1706 618 1775; x_wconf 73' lang='grc' dir='ltr'>ΔΙ]</span> <span class='ocrx_word' id='word_1_83' title='bbox 675 1713 698 1760; x_wconf 84' lang='lat'>5.</span> <span class='ocrx_word' id='word_1_84' title='bbox 717 1707 812 1758; x_wconf 66' lang='lat' dir='ltr'>inedia</span> <span class='ocrx_word' id='word_1_85' title='bbox 831 1707 851 1758; x_wconf 85' lang='lat' dir='ltr'>C</span> <span class='ocrx_word' id='word_1_86' title='bbox 904 1723 947 1756; x_wconf 81' lang='lat' dir='ltr'>noc</span> <span class='ocrx_word' id='word_1_87' title='bbox 964 1715 986 1756; x_wconf 79' lang='lat' dir='ltr'>et</span> <span class='ocrx_word' id='word_1_88' title='bbox 1003 1705 1065 1756; x_wconf 68' lang='lat' dir='ltr'>idid.</span> <span class='ocrx_word' id='word_1_89' title='bbox 1088 1709 1104 1756; x_wconf 86' lang='lat' dir='ltr'>L</span> <span class='ocrx_word' id='word_1_90' title='bbox 1158 1711 1180 1757; x_wconf 86' lang='grc'>6.</span> <span class='ocrx_word' id='word_1_91' title='bbox 1204 1718 1226 1758; x_wconf 82' lang='lat' dir='ltr'>at</span> <span class='ocrx_word' id='word_1_92' title='bbox 1240 1708 1341 1774; x_wconf 65' lang='lat' dir='ltr'>scamni.</span> <span class='ocrx_word' id='word_1_93' title='bbox 1361 1707 1399 1758; x_wconf 80' lang='lat' dir='ltr'>LC</span> 
     </span>
     <span class='ocr_line' id='line_1_13' title="bbox 336 1775 1399 1844; baseline 0.005 -20"><span class='ocrx_word' id='word_1_94' title='bbox 336 1779 359 1828; x_wconf 85' lang='grc'>7,</span> <span class='ocrx_word' id='word_1_95' title='bbox 377 1775 508 1828; x_wconf 73' lang='lat' dir='ltr'>modestae</span> <span class='ocrx_word' id='word_1_96' title='bbox 544 1777 627 1827; x_wconf 80' lang='lat' dir='ltr'>doceat</span> <span class='ocrx_word' id='word_1_97' title='bbox 637 1780 693 1844; x_wconf 88' lang='lat' dir='ltr'>(pro</span> <span class='ocrx_word' id='word_1_98' title='bbox 702 1783 823 1832; x_wconf 75' lang='lat' dir='ltr'>monstret)</span> <span class='ocrx_word' id='word_1_99' title='bbox 842 1775 905 1824; x_wconf 83' lang='lat' dir='ltr'>LPll</span> <span class='ocrx_word' id='word_1_100' title='bbox 916 1791 964 1826; x_wconf 90' lang='lat' dir='ltr'>om.</span> <span class='ocrx_word' id='word_1_101' title='bbox 976 1775 1026 1826; x_wconf 83' lang='lat' dir='ltr'>MC</span> <span class='ocrx_word' id='word_1_102' title='bbox 1063 1775 1233 1841; x_wconf 54' lang='lat' dir='ltr'>inclamatam</span> <span class='ocrx_word' id='word_1_103' title='bbox 1244 1777 1399 1828; x_wconf 84' lang='lat' dir='ltr'>LPMCROr.</span> 
     </span>
    </p>
   </div>
   <div class='ocr_carea' id='block_1_6' title="bbox 329 1987 1451 4458">
    <p class='ocr_par' dir='ltr' id='par_1_6' title="bbox 331 1987 1451 3090">
     <span class='ocr_line' id='line_1_14' title="bbox 334 1987 1399 2062; baseline -0.002 -21"><span class='ocrx_word' id='word_1_104' title='bbox 334 1995 518 2051; x_wconf 79' lang='lat' dir='ltr'>entennuntnr,</span> <span class='ocrx_word' id='word_1_105' title='bbox 541 2005 657 2060; x_wconf 72' lang='lat' dir='ltr'>pararunt</span> <span class='ocrx_word' id='word_1_106' title='bbox 676 2003 774 2059; x_wconf 74' lang='lat' dir='ltr'>panaro</span> <span class='ocrx_word' id='word_1_107' title='bbox 796 1993 1033 2054; x_wconf 83' lang='lat' dir='ltr'>noncontcmonnt,</span> <span class='ocrx_word' id='word_1_108' title='bbox 1046 1995 1179 2060; x_wconf 72' lang='lat' dir='ltr'>quaerant</span> <span class='ocrx_word' id='word_1_109' title='bbox 1195 1995 1282 2043; x_wconf 81' lang='lat' dir='ltr'>tomen</span> <span class='ocrx_word' id='word_1_110' title='bbox 1293 1987 1399 2062; x_wconf 77' lang='lat' dir='ltr'>eopionrr.</span> 
     </span>
     <span class='ocr_line' id='line_1_15' title="bbox 334 2069 1402 2146; baseline -0.001 -19"><span class='ocrx_word' id='word_1_111' title='bbox 334 2069 398 2127; x_wconf 88' lang='lat' dir='ltr'>Nec</span> <span class='ocrx_word' id='word_1_112' title='bbox 420 2081 596 2128; x_wconf 80' lang='lat' dir='ltr'>entcnuontur</span> <span class='ocrx_word' id='word_1_113' title='bbox 617 2080 647 2128; x_wconf 90' lang='lat' dir='ltr'>et</span> <span class='ocrx_word' id='word_1_114' title='bbox 669 2091 719 2127; x_wconf 73' lang='lat' dir='ltr'>cnon</span> <span class='ocrx_word' id='word_1_115' title='bbox 731 2079 907 2140; x_wconf 80' lang='lat' dir='ltr'>contemnunt,</span> <span class='ocrx_word' id='word_1_116' title='bbox 930 2087 984 2126; x_wconf 88' lang='lat' dir='ltr'>nec</span> <span class='ocrx_word' id='word_1_117' title='bbox 995 2089 1046 2126; x_wconf 74' lang='lat' dir='ltr'>naon</span> <span class='ocrx_word' id='word_1_118' title='bbox 1058 2081 1222 2128; x_wconf 76' lang='lat' dir='ltr'>condemnant</span> <span class='ocrx_word' id='word_1_119' title='bbox 1233 2080 1402 2146; x_wconf 81' lang='lat' dir='ltr'>etquocrunt</span> 
     </span>
     <span class='ocr_line' id='line_1_16' title="bbox 335 2155 1402 2232; baseline -0.003 -19"><span class='ocrx_word' id='word_1_120' title='bbox 335 2167 421 2214; x_wconf 79' lang='lat' dir='ltr'>tomen</span> <span class='ocrx_word' id='word_1_121' title='bbox 436 2158 628 2225; x_wconf 82' lang='lat' dir='ltr'>conveniunt3</span> <span class='ocrx_word' id='word_1_122' title='bbox 651 2156 743 2214; x_wconf 90' lang='lat' dir='ltr'>multo</span> <span class='ocrx_word' id='word_1_123' title='bbox 766 2156 876 2225; x_wconf 87' lang='lat' dir='ltr'>minua,</span> <span class='ocrx_word' id='word_1_124' title='bbox 900 2174 975 2229; x_wconf 90' lang='lat' dir='ltr'>quae</span> <span class='ocrx_word' id='word_1_125' title='bbox 998 2155 1034 2212; x_wconf 91' lang='lat' dir='ltr'>de</span> <span class='ocrx_word' id='word_1_126' title='bbox 1056 2156 1212 2232; x_wconf 88' lang='lat' dir='ltr'>generibus</span> <span class='ocrx_word' id='word_1_127' title='bbox 1234 2167 1402 2230; x_wconf 85' lang='lat' dir='ltr'>sequnntur.</span> 
     </span>
     <span class='ocr_line' id='line_1_17' title="bbox 334 2240 1402 2318; baseline -0.003 -19"><span class='ocrx_word' id='word_1_128' title='bbox 334 2242 402 2311; x_wconf 87' lang='lat' dir='ltr'>Hic,</span> <span class='ocrx_word' id='word_1_129' title='bbox 425 2253 459 2298; x_wconf 88' lang='lat' dir='ltr'>ut</span> <span class='ocrx_word' id='word_1_130' title='bbox 480 2242 661 2318; x_wconf 87' lang='lat' dir='ltr'>alibisaepe,</span> <span class='ocrx_word' id='word_1_131' title='bbox 683 2261 735 2298; x_wconf 86' lang='lat' dir='ltr'>non</span> <span class='ocrx_word' id='word_1_132' title='bbox 757 2250 858 2298; x_wconf 83' lang='lat' dir='ltr'>natum</span> <span class='ocrx_word' id='word_1_133' title='bbox 881 2259 918 2297; x_wconf 87' lang='lat' dir='ltr'>ex</span> <span class='ocrx_word' id='word_1_134' title='bbox 940 2259 1002 2310; x_wconf 81' lang='lat' dir='ltr'>con3</span> <span class='ocrx_word' id='word_1_135' title='bbox 1030 2240 1128 2298; x_wconf 86' lang='lat' dir='ltr'>fuerat</span> <span class='ocrx_word' id='word_1_136' title='bbox 1149 2243 1228 2299; x_wconf 89' lang='lat' dir='ltr'>enim</span> <span class='ocrx_word' id='word_1_137' title='bbox 1250 2243 1402 2318; x_wconf 88' lang='lat' dir='ltr'>scriptum:</span> 
     </span>
     <span class='ocr_line' id='line_1_18' title="bbox 334 2327 1403 2402; baseline -0.002 -18"><span class='ocrx_word' id='word_1_138' title='bbox 334 2347 449 2402; x_wconf 83' lang='lat' dir='ltr'>qrcorom</span> <span class='ocrx_word' id='word_1_139' title='bbox 469 2347 568 2402; x_wconf 72' lang='lat' dir='ltr'>ymera</span> <span class='ocrx_word' id='word_1_140' title='bbox 596 2337 774 2392; x_wconf 70' lang='lat' dir='ltr'>conmanunt,</span> <span class='ocrx_word' id='word_1_141' title='bbox 809 2335 942 2400; x_wconf 69' lang='lat' dir='ltr'>quaereret</span> <span class='ocrx_word' id='word_1_142' title='bbox 964 2336 1051 2383; x_wconf 83' lang='lat' dir='ltr'>tomen</span> <span class='ocrx_word' id='word_1_143' title='bbox 1068 2331 1180 2402; x_wconf 81' lang='lat' dir='ltr'>copiam.</span> <span class='ocrx_word' id='word_1_144' title='bbox 1233 2327 1403 2386; x_wconf 82' lang='lat' dir='ltr'>Generatim</span> 
     </span>
     <span class='ocr_line' id='line_1_19' title="bbox 334 2411 1451 2484; baseline 0 -14"><span class='ocrx_word' id='word_1_145' title='bbox 334 2414 560 2471; x_wconf 77' lang='lat' dir='ltr'>contemnebant</span> <span class='ocrx_word' id='word_1_146' title='bbox 582 2424 611 2471; x_wconf 86' lang='lat' dir='ltr'>et</span> <span class='ocrx_word' id='word_1_147' title='bbox 632 2413 846 2484; x_wconf 84' lang='lat' dir='ltr'>extenuabant,</span> <span class='ocrx_word' id='word_1_148' title='bbox 876 2411 959 2469; x_wconf 89' lang='lat' dir='ltr'>velut</span> <span class='ocrx_word' id='word_1_149' title='bbox 980 2411 1137 2482; x_wconf 81' lang='lat' dir='ltr'>obscenas,</span> <span class='ocrx_word' id='word_1_150' title='bbox 1171 2413 1244 2484; x_wconf 88' lang='lat' dir='ltr'>eibi,</span> <span class='ocrx_word' id='word_1_151' title='bbox 1278 2425 1403 2482; x_wconf 65' lang='lat' dir='ltr'>ceteram</span> <span class='ocrx_word' id='word_1_152' title='bbox 1450 2481 1451 2484; x_wconf 7' lang='grc' dir='ltr'><strong>Ἴ</strong></span> 
     </span>
     <span class='ocr_line' id='line_1_20' title="bbox 333 2498 1451 2573; baseline -0.004 -17"><span class='ocrx_word' id='word_1_153' title='bbox 333 2498 435 2556; x_wconf 86' lang='lat' dir='ltr'>vivere</span> <span class='ocrx_word' id='word_1_154' title='bbox 467 2509 565 2558; x_wconf 85' lang='lat' dir='ltr'>tamen</span> <span class='ocrx_word' id='word_1_155' title='bbox 592 2500 623 2556; x_wconf 92' lang='lat' dir='ltr'>in</span> <span class='ocrx_word' id='word_1_156' title='bbox 650 2499 780 2556; x_wconf 90' lang='lat' dir='ltr'>omnium</span> <span class='ocrx_word' id='word_1_157' title='bbox 808 2498 893 2573; x_wconf 87' lang='lat' dir='ltr'>copia</span> <span class='ocrx_word' id='word_1_158' title='bbox 921 2498 1079 2554; x_wconf 83' lang='lat' dir='ltr'>malebant</span> <span class='ocrx_word' id='word_1_159' title='bbox 1122 2499 1275 2556; x_wconf 91' lang='lat' dir='ltr'>Bentleius</span> <span class='ocrx_word' id='word_1_160' title='bbox 1303 2499 1402 2558; x_wconf 88' lang='lat' dir='ltr'>vitium</span> <span class='ocrx_word' id='word_1_161' title='bbox 1450 2547 1451 2552; x_wconf 73' lang='grc'>,</span> 
     </span>
     <span class='ocr_line' id='line_1_21' title="bbox 334 2583 1404 2662; baseline -0.002 -20"><span class='ocrx_word' id='word_1_162' title='bbox 334 2585 475 2642; x_wconf 88' lang='lat' dir='ltr'>orationis</span> <span class='ocrx_word' id='word_1_163' title='bbox 504 2595 649 2657; x_wconf 79' lang='lat' dir='ltr'>senserat,</span> <span class='ocrx_word' id='word_1_164' title='bbox 684 2603 702 2640; x_wconf 89' lang='lat' dir='ltr'>a</span> <span class='ocrx_word' id='word_1_165' title='bbox 734 2583 880 2642; x_wconf 78' lang='lat' dir='ltr'>sententia</span> <span class='ocrx_word' id='word_1_166' title='bbox 912 2583 1075 2652; x_wconf 84' lang='lat' dir='ltr'>aberravit,</span> <span class='ocrx_word' id='word_1_167' title='bbox 1109 2584 1147 2641; x_wconf 82' lang='lat' dir='ltr'>ad</span> <span class='ocrx_word' id='word_1_168' title='bbox 1175 2603 1262 2659; x_wconf 84' lang='lat' dir='ltr'>quarn</span> <span class='ocrx_word' id='word_1_169' title='bbox 1286 2585 1404 2662; x_wconf 90' lang='lat' dir='ltr'>propius</span> 
     </span>
     <span class='ocr_line' id='line_1_22' title="bbox 333 2667 1404 2740; baseline -0.004 -12"><span class='ocrx_word' id='word_1_170' title='bbox 333 2671 460 2728; x_wconf 87' lang='lat' dir='ltr'>accessit</span> <span class='ocrx_word' id='word_1_171' title='bbox 479 2671 519 2730; x_wconf 90' lang='grc' dir='ltr'>Η.</span> <span class='ocrx_word' id='word_1_172' title='bbox 542 2671 678 2740; x_wconf 88' lang='lat' dir='ltr'>Wolfius,</span> <span class='ocrx_word' id='word_1_173' title='bbox 702 2669 754 2726; x_wconf 88' lang='lat' dir='ltr'>sed</span> <span class='ocrx_word' id='word_1_174' title='bbox 776 2667 1023 2727; x_wconf 76' lang='lat' dir='ltr'>soloecamiecit</span> <span class='ocrx_word' id='word_1_175' title='bbox 1051 2669 1223 2728; x_wconf 87' lang='lat' dir='ltr'>orationem.</span> <span class='ocrx_word' id='word_1_176' title='bbox 1273 2671 1404 2728; x_wconf 80' lang='lat' dir='ltr'>Mosarna</span> 
     </span>
     <span class='ocr_line' id='line_1_23' title="bbox 331 2753 1404 2830; baseline -0.003 -18"><span class='ocrx_word' id='word_1_177' title='bbox 331 2773 386 2813; x_wconf 89' lang='lat' dir='ltr'>nec</span> <span class='ocrx_word' id='word_1_178' title='bbox 403 2756 529 2814; x_wconf 87' lang='lat' dir='ltr'>retinere</span> <span class='ocrx_word' id='word_1_179' title='bbox 541 2777 593 2814; x_wconf 84' lang='lat' dir='ltr'>non</span> <span class='ocrx_word' id='word_1_180' title='bbox 603 2773 657 2814; x_wconf 89' lang='lat' dir='ltr'>nec</span> <span class='ocrx_word' id='word_1_181' title='bbox 669 2755 772 2813; x_wconf 89' lang='lat' dir='ltr'>tollere</span> <span class='ocrx_word' id='word_1_182' title='bbox 783 2754 942 2812; x_wconf 85' lang='lat' dir='ltr'>absurdum</span> <span class='ocrx_word' id='word_1_183' title='bbox 954 2765 1047 2830; x_wconf 86' lang='lat' dir='ltr'>putat.</span> <span class='ocrx_word' id='word_1_184' title='bbox 1075 2753 1102 2813; x_wconf 94' lang='grc' dir='ltr'>Ο</span> <span class='ocrx_word' id='word_1_185' title='bbox 1114 2756 1232 2813; x_wconf 86' lang='lat' dir='ltr'>beatum</span> <span class='ocrx_word' id='word_1_186' title='bbox 1244 2757 1377 2814; x_wconf 83' lang='lat' dir='ltr'>criticum</span> <span class='ocrx_word' id='word_1_187' title='bbox 1385 2753 1404 2828; x_wconf 83' lang='lat' dir='ltr'>l)</span> 
     </span>
     <span class='ocr_line' id='line_1_24' title="bbox 333 2840 1451 2920; baseline -0.005 -22"><span class='ocrx_word' id='word_1_188' title='bbox 333 2840 492 2920; x_wconf 87' lang='lat' dir='ltr'>[Perverse</span> <span class='ocrx_word' id='word_1_189' title='bbox 515 2851 617 2900; x_wconf 86' lang='lat' dir='ltr'>contra</span> <span class='ocrx_word' id='word_1_190' title='bbox 641 2841 717 2899; x_wconf 87' lang='lat' dir='ltr'>dixit</span> <span class='ocrx_word' id='word_1_191' title='bbox 738 2840 894 2910; x_wconf 85' lang='lat' dir='ltr'>Kuehner,</span> <span class='ocrx_word' id='word_1_192' title='bbox 917 2859 977 2897; x_wconf 90' lang='lat' dir='ltr'>non</span> <span class='ocrx_word' id='word_1_193' title='bbox 998 2840 1173 2917; x_wconf 85' lang='lat' dir='ltr'>intellegens</span> <span class='ocrx_word' id='word_1_194' title='bbox 1205 2842 1271 2917; x_wconf 86' lang='lat' dir='ltr'>ipsa</span> <span class='ocrx_word' id='word_1_195' title='bbox 1300 2858 1405 2918; x_wconf 88' lang='lat' dir='ltr'>genera</span> <span class='ocrx_word' id='word_1_196' title='bbox 1450 2887 1451 2892; x_wconf 73' lang='grc'>,</span> 
     </span>
     <span class='ocr_line' id='line_1_25' title="bbox 333 2925 1404 3004; baseline -0.002 -20"><span class='ocrx_word' id='word_1_197' title='bbox 333 2927 501 3004; x_wconf 85' lang='lat' dir='ltr'>singulatim</span> <span class='ocrx_word' id='word_1_198' title='bbox 524 2925 702 3004; x_wconf 80' lang='lat' dir='ltr'>extenuari]</span> <span class='ocrx_word' id='word_1_199' title='bbox 736 2926 901 2986; x_wconf 89' lang='lat' dir='ltr'>Coniuncta</span> <span class='ocrx_word' id='word_1_200' title='bbox 922 2925 991 2983; x_wconf 88' lang='lat' dir='ltr'>huie</span> <span class='ocrx_word' id='word_1_201' title='bbox 1020 2928 1183 2984; x_wconf 77' lang='lat' dir='ltr'>sentamiae</span> <span class='ocrx_word' id='word_1_202' title='bbox 1206 2937 1308 3000; x_wconf 81' lang='lat' dir='ltr'>erant,</span> <span class='ocrx_word' id='word_1_203' title='bbox 1333 2944 1404 3002; x_wconf 85' lang='lat' dir='ltr'>quae</span> 
     </span>
     <span class='ocr_line' id='line_1_26' title="bbox 333 3011 1073 3090; baseline -0.001 -20"><span class='ocrx_word' id='word_1_204' title='bbox 333 3013 369 3070; x_wconf 91' lang='lat' dir='ltr'>de</span> <span class='ocrx_word' id='word_1_205' title='bbox 389 3011 559 3090; x_wconf 70' lang='lat' dir='ltr'>stugalitate</span> <span class='ocrx_word' id='word_1_206' title='bbox 582 3013 852 3090; x_wconf 81' lang='lat' dir='ltr'>praecipiebantur3</span> <span class='ocrx_word' id='word_1_207' title='bbox 875 3011 934 3069; x_wconf 89' lang='lat' dir='ltr'>vid.</span> <span class='ocrx_word' id='word_1_208' title='bbox 956 3012 999 3081; x_wconf 90' lang='lat'>11,</span> <span class='ocrx_word' id='word_1_209' title='bbox 1024 3013 1073 3069; x_wconf 89' lang='grc'>90.</span> 
     </span>
    </p>

    <p class='ocr_par' dir='ltr' id='par_1_7' title="bbox 330 3097 1451 3688">
     <span class='ocr_line' id='line_1_27' title="bbox 418 3097 1406 3175; baseline -0.005 -17"><span class='ocrx_word' id='word_1_210' title='bbox 418 3098 490 3175; x_wconf 77' lang='lat' dir='ltr'>Cap.</span> <span class='ocrx_word' id='word_1_211' title='bbox 501 3100 589 3170; x_wconf 90' lang='lat' dir='ltr'>XIV,</span> <span class='ocrx_word' id='word_1_212' title='bbox 608 3101 658 3156; x_wconf 83' lang='lat'>46.</span> <span class='ocrx_word' id='word_1_213' title='bbox 680 3097 829 3173; x_wconf 80' lang='lat' dir='ltr'>irracicntio)</span> <span class='ocrx_word' id='word_1_214' title='bbox 853 3101 1015 3170; x_wconf 77' lang='lat' dir='ltr'>ignoratione</span> <span class='ocrx_word' id='word_1_215' title='bbox 1036 3097 1266 3156; x_wconf 77' lang='lat' dir='ltr'>remmdonorum</span> <span class='ocrx_word' id='word_1_216' title='bbox 1282 3108 1308 3155; x_wconf 83' lang='lat' dir='ltr'>at</span> <span class='ocrx_word' id='word_1_217' title='bbox 1324 3099 1406 3154; x_wconf 79' lang='lat' dir='ltr'>omln-</span> 
     </span>
     <span class='ocr_line' id='line_1_28' title="bbox 331 3179 1407 3260; baseline -0.003 -19"><span class='ocrx_word' id='word_1_218' title='bbox 331 3205 400 3258; x_wconf 85' lang='lat' dir='ltr'>rnm,</span> <span class='ocrx_word' id='word_1_219' title='bbox 423 3189 439 3255; x_wconf 69' lang='grc' dir='ltr'><strong>ξ</strong></span> <span class='ocrx_word' id='word_1_220' title='bbox 452 3186 501 3243; x_wconf 85' lang='grc'>43.</span> <span class='ocrx_word' id='word_1_221' title='bbox 529 3186 673 3242; x_wconf 84' lang='lat' dir='ltr'>Perverse</span> <span class='ocrx_word' id='word_1_222' title='bbox 685 3179 737 3254; x_wconf 80' lang='grc' dir='ltr'>Εξ,</span> <span class='ocrx_word' id='word_1_223' title='bbox 751 3183 838 3260; x_wconf 76' lang='lat' dir='ltr'>Spin,</span> <span class='ocrx_word' id='word_1_224' title='bbox 850 3184 919 3240; x_wconf 72' lang='lat' dir='ltr'>Bon.</span> <span class='ocrx_word' id='word_1_225' title='bbox 931 3185 1045 3254; x_wconf 81' lang='lat' dir='ltr'>inscitia,</span> <span class='ocrx_word' id='word_1_226' title='bbox 1063 3202 1139 3258; x_wconf 84' lang='lat' dir='ltr'>quaa</span> <span class='ocrx_word' id='word_1_227' title='bbox 1150 3182 1286 3241; x_wconf 77' lang='lat' dir='ltr'>facultati</span> <span class='ocrx_word' id='word_1_228' title='bbox 1297 3182 1407 3257; x_wconf 77' lang='lat' dir='ltr'>aliquid</span> 
     </span>
     <span class='ocr_line' id='line_1_29' title="bbox 330 3268 1407 3346; baseline -0.005 -19"><span class='ocrx_word' id='word_1_229' title='bbox 330 3279 409 3330; x_wconf 88' lang='lat' dir='ltr'>reete</span> <span class='ocrx_word' id='word_1_230' title='bbox 432 3281 463 3328; x_wconf 89' lang='lat' dir='ltr'>et</span> <span class='ocrx_word' id='word_1_231' title='bbox 485 3271 596 3344; x_wconf 86' lang='lat' dir='ltr'>ordine,</span> <span class='ocrx_word' id='word_1_232' title='bbox 618 3271 675 3328; x_wconf 90' lang='lat' dir='ltr'>hoc</span> <span class='ocrx_word' id='word_1_233' title='bbox 697 3279 751 3340; x_wconf 90' lang='lat' dir='ltr'>est,</span> <span class='ocrx_word' id='word_1_234' title='bbox 774 3269 846 3326; x_wconf 83' lang='lat' dir='ltr'>scite</span> <span class='ocrx_word' id='word_1_235' title='bbox 868 3268 975 3344; x_wconf 84' lang='lat' dir='ltr'>agendi</span> <span class='ocrx_word' id='word_1_236' title='bbox 997 3269 1146 3326; x_wconf 83' lang='lat' dir='ltr'>contrario</span> <span class='ocrx_word' id='word_1_237' title='bbox 1167 3277 1213 3326; x_wconf 87' lang='lat' dir='ltr'>est</span> <span class='ocrx_word' id='word_1_238' title='bbox 1234 3270 1282 3346; x_wconf 85' lang='lat' dir='ltr'>(ut</span> <span class='ocrx_word' id='word_1_239' title='bbox 1304 3272 1407 3327; x_wconf 69' lang='lat' dir='ltr'>mentio</span> 
     </span>
     <span class='ocr_line' id='line_1_30' title="bbox 333 3354 1406 3431; baseline -0.006 -17"><span class='ocrx_word' id='word_1_240' title='bbox 333 3357 470 3431; x_wconf 77' lang='lat' dir='ltr'>loquendi,</span> <span class='ocrx_word' id='word_1_241' title='bbox 492 3359 589 3431; x_wconf 72' lang='lat' dir='ltr'>negotii</span> <span class='ocrx_word' id='word_1_242' title='bbox 601 3355 739 3431; x_wconf 70' lang='lat' dir='ltr'>peranda),</span> <span class='ocrx_word' id='word_1_243' title='bbox 762 3373 821 3412; x_wconf 91' lang='lat' dir='ltr'>nou</span> <span class='ocrx_word' id='word_1_244' title='bbox 844 3354 1004 3431; x_wconf 84' lang='lat' dir='ltr'>cognitioni</span> <span class='ocrx_word' id='word_1_245' title='bbox 1026 3354 1295 3431; x_wconf 84' lang='lat' dir='ltr'>etintellegentiaa.</span> <span class='ocrx_word' id='word_1_246' title='bbox 1340 3354 1406 3412; x_wconf 74' lang='lat' dir='ltr'>l&#39;id.</span> 
     </span>
     <span class='ocr_line' id='line_1_31' title="bbox 333 3440 1406 3508; baseline -0.005 -8"><span class='ocrx_word' id='word_1_247' title='bbox 333 3441 525 3500; x_wconf 84' lang='lat' dir='ltr'>Gernbardus</span> <span class='ocrx_word' id='word_1_248' title='bbox 555 3442 585 3499; x_wconf 91' lang='lat' dir='ltr'>in</span> <span class='ocrx_word' id='word_1_249' title='bbox 613 3460 676 3500; x_wconf 85' lang='lat' dir='ltr'>exc.</span> <span class='ocrx_word' id='word_1_250' title='bbox 705 3441 743 3498; x_wconf 87' lang='lat' dir='ltr'>ad</span> <span class='ocrx_word' id='word_1_251' title='bbox 766 3440 830 3499; x_wconf 80' lang='lat' dir='ltr'>Cat</span> <span class='ocrx_word' id='word_1_252' title='bbox 853 3441 939 3508; x_wconf 86' lang='lat' dir='ltr'>Mai.;</span> <span class='ocrx_word' id='word_1_253' title='bbox 974 3441 1113 3498; x_wconf 85' lang='lat' dir='ltr'>tractavit</span> <span class='ocrx_word' id='word_1_254' title='bbox 1137 3459 1200 3497; x_wconf 88' lang='lat' dir='ltr'>ram</span> <span class='ocrx_word' id='word_1_255' title='bbox 1223 3441 1314 3498; x_wconf 86' lang='lat' dir='ltr'>etiarn</span> <span class='ocrx_word' id='word_1_256' title='bbox 1338 3440 1406 3498; x_wconf 88' lang='lat' dir='ltr'>Otto</span> 
     </span>
     <span class='ocr_line' id='line_1_32' title="bbox 331 3524 1407 3603; baseline -0.004 -18"><span class='ocrx_word' id='word_1_257' title='bbox 331 3527 420 3585; x_wconf 84' lang='lat' dir='ltr'>adh.</span> <span class='ocrx_word' id='word_1_258' title='bbox 442 3528 462 3584; x_wconf 89' lang='lat' dir='ltr'>l.</span> <span class='ocrx_word' id='word_1_259' title='bbox 505 3528 615 3586; x_wconf 85' lang='lat' dir='ltr'>Nescio</span> <span class='ocrx_word' id='word_1_260' title='bbox 637 3537 745 3598; x_wconf 77' lang='lat' dir='ltr'>tamen,</span> <span class='ocrx_word' id='word_1_261' title='bbox 768 3544 821 3583; x_wconf 87' lang='lat' dir='ltr'>cur</span> <span class='ocrx_word' id='word_1_262' title='bbox 846 3524 939 3584; x_wconf 86' lang='lat' dir='ltr'>10ff.</span> <span class='ocrx_word' id='word_1_263' title='bbox 965 3528 1025 3582; x_wconf 80' lang='lat'>144</span> <span class='ocrx_word' id='word_1_264' title='bbox 1054 3529 1185 3584; x_wconf 77' lang='lat' dir='ltr'>inscitiam</span> <span class='ocrx_word' id='word_1_265' title='bbox 1206 3530 1334 3603; x_wconf 62' lang='lat' dir='ltr'>temporie</span> <span class='ocrx_word' id='word_1_266' title='bbox 1355 3545 1407 3602; x_wconf 91' lang='lat' dir='ltr'>pro</span> 
     </span>
     <span class='ocr_line' id='line_1_33' title="bbox 332 3611 1451 3688; baseline -0.003 -18"><span class='ocrx_word' id='word_1_267' title='bbox 332 3616 437 3671; x_wconf 64' lang='lat' dir='ltr'>inantia</span> <span class='ocrx_word' id='word_1_268' title='bbox 460 3616 584 3688; x_wconf 71' lang='lat' dir='ltr'>tenporie</span> <span class='ocrx_word' id='word_1_269' title='bbox 606 3615 730 3688; x_wconf 78' lang='lat' dir='ltr'>cupierndi</span> <span class='ocrx_word' id='word_1_270' title='bbox 750 3612 931 3669; x_wconf 79' lang='lat' dir='ltr'>nominatam</span> <span class='ocrx_word' id='word_1_271' title='bbox 955 3631 1013 3669; x_wconf 91' lang='lat' dir='ltr'>non</span> <span class='ocrx_word' id='word_1_272' title='bbox 1035 3611 1140 3670; x_wconf 80' lang='lat' dir='ltr'>ferant</span> <span class='ocrx_word' id='word_1_273' title='bbox 1450 3681 1451 3684; x_wconf 7' lang='grc' dir='ltr'><strong>Ἰ</strong></span> 
     </span>
    </p>

    <p class='ocr_par' dir='ltr' id='par_1_8' title="bbox 330 3697 1407 3858">
     <span class='ocr_line' id='line_1_34' title="bbox 416 3697 1407 3774; baseline -0.001 -20"><span class='ocrx_word' id='word_1_274' title='bbox 416 3719 434 3754; x_wconf 89' lang='grc' dir='ltr'><strong><em>α</em></strong></span> <span class='ocrx_word' id='word_1_275' title='bbox 449 3697 641 3774; x_wconf 82' lang='lat' dir='ltr'>formidinum)</span> <span class='ocrx_word' id='word_1_276' title='bbox 677 3697 941 3773; x_wconf 77' lang='lat' dir='ltr'>Praepositionam,</span> <span class='ocrx_word' id='word_1_277' title='bbox 972 3716 1060 3771; x_wconf 85' lang='lat' dir='ltr'>quam</span> <span class='ocrx_word' id='word_1_278' title='bbox 1077 3699 1153 3755; x_wconf 85' lang='lat' dir='ltr'>Dav.</span> <span class='ocrx_word' id='word_1_279' title='bbox 1177 3698 1290 3755; x_wconf 82' lang='lat' dir='ltr'>eParr.</span> <span class='ocrx_word' id='word_1_280' title='bbox 1315 3697 1407 3754; x_wconf 84' lang='lat' dir='ltr'>tribua</span> 
     </span>
     <span class='ocr_line' id='line_1_35' title="bbox 330 3778 1214 3858; baseline -0.001 -18"><span class='ocrx_word' id='word_1_281' title='bbox 330 3795 360 3841; x_wconf 92' lang='lat' dir='ltr'>et</span> <span class='ocrx_word' id='word_1_282' title='bbox 381 3784 479 3842; x_wconf 83' lang='lat' dir='ltr'>illaad.</span> <span class='ocrx_word' id='word_1_283' title='bbox 501 3784 624 3856; x_wconf 80' lang='lat' dir='ltr'>addidit,</span> <span class='ocrx_word' id='word_1_284' title='bbox 647 3782 796 3840; x_wconf 85' lang='lat' dir='ltr'>hebebant</span> <span class='ocrx_word' id='word_1_285' title='bbox 817 3782 896 3843; x_wconf 85' lang='lat' dir='ltr'><strong>Oxx.</strong></span> <span class='ocrx_word' id='word_1_286' title='bbox 919 3778 988 3858; x_wconf 77' lang='grc' dir='ltr'><em>Εξχ,</em></span> <span class='ocrx_word' id='word_1_287' title='bbox 1012 3781 1081 3842; x_wconf 79' lang='lat' dir='ltr'>Gzii</span> <span class='ocrx_word' id='word_1_288' title='bbox 1104 3801 1214 3840; x_wconf 90' lang='lat' dir='ltr'>omnes.</span> 
     </span>
    </p>

    <p class='ocr_par' dir='ltr' id='par_1_9' title="bbox 329 3867 1451 4204">
     <span class='ocr_line' id='line_1_36' title="bbox 416 3867 1407 3945; baseline -0.002 -19"><span class='ocrx_word' id='word_1_289' title='bbox 416 3869 556 3945; x_wconf 21' lang='lat' dir='ltr'>maornstree)</span> <span class='ocrx_word' id='word_1_290' title='bbox 579 3869 652 3929; x_wconf 87' lang='lat' dir='ltr'>Cum</span> <span class='ocrx_word' id='word_1_291' title='bbox 666 3869 727 3926; x_wconf 87' lang='lat' dir='ltr'>Eri.</span> <span class='ocrx_word' id='word_1_292' title='bbox 740 3867 853 3926; x_wconf 87' lang='lat' dir='ltr'>faciunt</span> <span class='ocrx_word' id='word_1_293' title='bbox 864 3869 929 3925; x_wconf 86' lang='lat' dir='ltr'>Pal.</span> <span class='ocrx_word' id='word_1_294' title='bbox 945 3871 971 3938; x_wconf 90' lang='lat'>1,</span> <span class='ocrx_word' id='word_1_295' title='bbox 985 3868 1072 3944; x_wconf 75' lang='lat' dir='ltr'>Spin,</span> <span class='ocrx_word' id='word_1_296' title='bbox 1092 3868 1175 3926; x_wconf 85' lang='lat' dir='ltr'>codd.</span> <span class='ocrx_word' id='word_1_297' title='bbox 1188 3867 1310 3944; x_wconf 78' lang='lat' dir='ltr'>scalig,</span> <span class='ocrx_word' id='word_1_298' title='bbox 1322 3869 1407 3926; x_wconf 84' lang='lat' dir='ltr'>Mor..</span> 
     </span>
     <span class='ocr_line' id='line_1_37' title="bbox 330 3952 1451 4031; baseline -0.003 -19"><span class='ocrx_word' id='word_1_299' title='bbox 330 3975 387 4031; x_wconf 90' lang='lat' dir='ltr'>mg.</span> <span class='ocrx_word' id='word_1_300' title='bbox 405 3955 485 4014; x_wconf 85' lang='lat' dir='ltr'>Crat.</span> <span class='ocrx_word' id='word_1_301' title='bbox 513 3955 634 4012; x_wconf 83' lang='lat' dir='ltr'>Excidit</span> <span class='ocrx_word' id='word_1_302' title='bbox 644 3955 766 4012; x_wconf 89' lang='lat' dir='ltr'>verbum</span> <span class='ocrx_word' id='word_1_303' title='bbox 784 3955 815 4010; x_wconf 91' lang='lat' dir='ltr'>in</span> <span class='ocrx_word' id='word_1_304' title='bbox 833 3953 1004 4030; x_wconf 84' lang='lat' dir='ltr'>vulgaribus</span> <span class='ocrx_word' id='word_1_305' title='bbox 1027 3955 1105 4031; x_wconf 85' lang='lat' dir='ltr'>(Pal.</span> <span class='ocrx_word' id='word_1_306' title='bbox 1124 3955 1152 4026; x_wconf 80' lang='lat'>5,</span> <span class='ocrx_word' id='word_1_307' title='bbox 1174 3968 1235 4030; x_wconf 77' lang='grc' dir='ltr'>χψ,</span> <span class='ocrx_word' id='word_1_308' title='bbox 1258 3953 1342 4012; x_wconf 81' lang='lat' dir='ltr'>Gud</span> <span class='ocrx_word' id='word_1_309' title='bbox 1363 3952 1406 4028; x_wconf 85' lang='lat'>1);</span> <span class='ocrx_word' id='word_1_310' title='bbox 1450 3957 1451 3996; x_wconf 72' lang='grc' dir='ltr'><strong>ἓ</strong></span> 
     </span>
     <span class='ocr_line' id='line_1_38' title="bbox 329 4034 1407 4116; baseline -0.002 -19"><span class='ocrx_word' id='word_1_311' title='bbox 329 4041 435 4098; x_wconf 88' lang='lat' dir='ltr'>deinde</span> <span class='ocrx_word' id='word_1_312' title='bbox 458 4041 648 4100; x_wconf 88' lang='lat' dir='ltr'>substitutum</span> <span class='ocrx_word' id='word_1_313' title='bbox 670 4040 864 4116; x_wconf 67' lang='lat' dir='ltr'>‹iocentffall</span> <span class='ocrx_word' id='word_1_314' title='bbox 877 4047 1024 4115; x_wconf 87' lang='lat' dir='ltr'>quattuor,</span> <span class='ocrx_word' id='word_1_315' title='bbox 1046 4034 1129 4112; x_wconf 68' lang='lat' dir='ltr'>Eut,</span> <span class='ocrx_word' id='word_1_316' title='bbox 1159 4039 1238 4098; x_wconf 88' lang='lat' dir='ltr'>Gud.</span> <span class='ocrx_word' id='word_1_317' title='bbox 1263 4038 1307 4116; x_wconf 83' lang='lat'>2).</span> <span class='ocrx_word' id='word_1_318' title='bbox 1336 4040 1407 4096; x_wconf 86' lang='lat' dir='ltr'>Mox</span> 
     </span>
     <span class='ocr_line' id='line_1_39' title="bbox 331 4115 1251 4204; baseline 0 -22"><span class='ocrx_word' id='word_1_319' title='bbox 331 4116 441 4182; x_wconf 74' lang='grc' dir='ltr'><strong><em>ἀπονία</em></strong></span> <span class='ocrx_word' id='word_1_320' title='bbox 463 4115 511 4184; x_wconf 74' lang='grc' dir='ltr'>καὶ</span> <span class='ocrx_word' id='word_1_321' title='bbox 535 4117 685 4204; x_wconf 73' lang='grc' dir='ltr'><strong><em>ἀταραξία</em></strong></span> <span class='ocrx_word' id='word_1_322' title='bbox 708 4126 745 4182; x_wconf 87' lang='lat' dir='ltr'>ab</span> <span class='ocrx_word' id='word_1_323' title='bbox 767 4126 897 4202; x_wconf 87' lang='lat' dir='ltr'>Epicuro</span> <span class='ocrx_word' id='word_1_324' title='bbox 919 4125 1039 4183; x_wconf 86' lang='lat' dir='ltr'>laudata</span> <span class='ocrx_word' id='word_1_325' title='bbox 1061 4125 1251 4202; x_wconf 87' lang='lat' dir='ltr'>significatur.</span> 
     </span>
    </p>

    <p class='ocr_par' dir='ltr' id='par_1_10' title="bbox 329 4211 1408 4458">
     <span class='ocr_line' id='line_1_40' title="bbox 417 4211 1407 4289; baseline -0.004 -21"><span class='ocrx_word' id='word_1_326' title='bbox 417 4213 466 4269; x_wconf 80' lang='lat'>47.</span> <span class='ocrx_word' id='word_1_327' title='bbox 511 4211 701 4289; x_wconf 70' lang='lat' dir='ltr'>intrationem)</span> <span class='ocrx_word' id='word_1_328' title='bbox 723 4215 759 4272; x_wconf 93' lang='lat' dir='ltr'>In</span> <span class='ocrx_word' id='word_1_329' title='bbox 778 4211 981 4270; x_wconf 84' lang='lat' dir='ltr'>Manutianam</span> <span class='ocrx_word' id='word_1_330' title='bbox 1004 4211 1260 4288; x_wconf 82' lang='lat' dir='ltr'>irrepsitrotionem</span> <span class='ocrx_word' id='word_1_331' title='bbox 1272 4221 1303 4268; x_wconf 83' lang='lat' dir='ltr'>nt</span> <span class='ocrx_word' id='word_1_332' title='bbox 1327 4211 1407 4286; x_wconf 85' lang='lat' dir='ltr'>(nam</span> 
     </span>
     <span class='ocr_line' id='line_1_41' title="bbox 330 4295 1408 4373; baseline 0 -21"><span class='ocrx_word' id='word_1_333' title='bbox 330 4295 423 4352; x_wconf 86' lang='lat' dir='ltr'>altaro</span> <span class='ocrx_word' id='word_1_334' title='bbox 462 4297 564 4355; x_wconf 90' lang='lat' dir='ltr'>ordine</span> <span class='ocrx_word' id='word_1_335' title='bbox 602 4298 689 4355; x_wconf 87' lang='lat' dir='ltr'>etiam</span> <span class='ocrx_word' id='word_1_336' title='bbox 718 4300 850 4368; x_wconf 84' lang='lat' dir='ltr'>Marsus,</span> <span class='ocrx_word' id='word_1_337' title='bbox 885 4295 990 4373; x_wconf 83' lang='lat' dir='ltr'>Crat),</span> <span class='ocrx_word' id='word_1_338' title='bbox 1025 4297 1113 4372; x_wconf 89' lang='lat' dir='ltr'>idque</span> <span class='ocrx_word' id='word_1_339' title='bbox 1148 4296 1266 4354; x_wconf 86' lang='lat' dir='ltr'>silentio</span> <span class='ocrx_word' id='word_1_340' title='bbox 1302 4315 1408 4373; x_wconf 87' lang='lat' dir='ltr'>propo-</span> 
     </span>
     <span class='ocr_line' id='line_1_42' title="bbox 329 4390 505 4458; baseline 0.006 -20"><span class='ocrx_word' id='word_1_341' title='bbox 329 4390 429 4458; x_wconf 83' lang='lat' dir='ltr'>gatum</span> <span class='ocrx_word' id='word_1_342' title='bbox 452 4391 505 4440; x_wconf 89' lang='lat' dir='ltr'>est.</span> 
     </span>
    </p>
   </div>
   <div class='ocr_carea' id='block_1_7' title="bbox 0 0 1464 5012">
    <p class='ocr_par' dir='ltr' id='par_1_11' title="bbox 0 0 1464 5012">
     <span class='ocr_line' id='line_1_43' title="bbox 0 0 1464 5012; baseline 0 0"><span class='ocrx_word' id='word_1_343' title='bbox 0 0 1464 5012; x_wconf 95' lang='lat' dir='ltr'> </span> 
     </span>
    </p>
   </div>
  </div>
 </body>
</html>
