2948 5024
325 459 353 504 nn
373 457 452 504 nnn.
474 457 538 504 rina.
562 459 582 504 v
605 457 679 506 can.
702 463 743 505 oo.
988 439 1048 506 741

97 643 175 706 nogna
190 627 301 692 dissensio.
331 626 401 691 Nihil
433 634 482 693 est
509 627 590 692 enim
617 627 716 707 aliud,
750 622 949 709 quamobrem
976 627 1051 692 mihi

91 727 176 808 percipi
193 729 244 793 nihi
258 749 325 810 posse
342 730 490 808 rideatnu,
524 730 584 794 nisi
611 730 695 812 quod
721 729 913 810 percipiendi
939 729 1051 794 visita

89 828 193 895 definitur
208 850 222 895 a
237 831 321 910 Stoicis,
337 839 364 896 ut
385 840 499 913 negent
520 834 691 914 quidquam
717 849 812 912 posse
839 832 958 914 percipi
992 833 1051 896 nisi

89 932 129 996 oie
145 952 228 1012 norun,
244 933 310 1015 quade
326 933 422 998 dlsum
444 952 514 998 esse
536 953 597 999 non
619 934 727 1016 possit
772 934 1051 1016 Itaquehaeccum

89 1033 122 1098 dis
139 1043 175 1099 est
191 1035 313 1114 dissensio,
334 1053 393 1100 cam
413 1035 631 1118 Peripateticis
654 1037 739 1102 nulia
761 1055 845 1102 sane
891 1036 952 1101 Sed
974 1037 1089 1105 haece

89 1137 218 1216 mittenda
234 1137 321 1202 habent
340 1138 414 1203 enim
437 1143 469 1203 et
490 1138 569 1204 bene
590 1138 715 1221 longam
736 1147 769 1206 et
790 1138 867 1204 satis
884 1138 1052 1222 litigiosam

120 1346 136 1392 i.
150 1341 196 1392 4444
210 1341 286 1392 44114
317 1341 510 1408 ima
482 1342 570 1394 ''.Or
592 1343 764 1409 taedt'dpcrcspo
735 1341 838 1392 *recedi
854 1344 881 1402 C>
934 1360 977 1393 aec
994 1345 1053 1410 (pro

89 1410 138 1474 o')L
166 1415 184 1461 ³
201 1409 329 1479 [44944481]
364 1409 459 1476 podda
505 1419 527 1462 4.
545 1412 608 1464 Post
623 1413 700 1480 penit
717 1413 775 1462 add.
796 1413 907 1478 (1444444)
925 1411 974 1462 on'ac'
990 1412 1055 1477 qued

92 1479 266 1544 pmceperepo'd'
294 1485 375 1530 14444
393 1479 502 1530 nallaR

115 1686 283 1746 d'o'do'lestenion
292 1689 363 1758 oded,
379 1689 550 1764 quamodrem
562 1685 632 1772 eet)
655 1690 739 1746 Enim
749 1698 789 1746 eet
800 1687 888 1746 etiam
903 1689 1053 1748 Victorius

89 1771 189 1830 ‘ortesse
207 1773 291 1849 plures
309 1773 415 1832 codices
437 1775 606 1832 deteriores.
656 1775 732 1832 Tum
766 1775 833 1831 midi
854 1779 961 1850 percipi
987 1776 1054 1832 nidd

89 1879 108 1914 nn
124 1857 183 1936 [B,]
201 1859 386 1930 exddMansus,
410 1858 490 1919 cmo
522 1861 675 1918 Manutius
693 1868 723 1916 et
739 1860 829 1916 ceteri
846 1879 883 1916 ex
901 1859 1054 1936 adprime

98 1945 272 2019 perspicite,
291 1964 338 2021 pno
358 1965 415 2020 quo
438 1945 532 2005 Gzius
554 1955 703 2022 tamquam
726 1965 763 2002 ex
781 1945 917 2002 omnibus
939 1946 1001 2004 suis
1023 1953 1057 2003 et

90 2031 135 2086 fob.
156 2029 227 2087 dedit
245 2031 304 2087 modi
320 2032 381 2088 addid
398 2035 518 2107 percepi,
548 2032 600 2089 sed
628 2031 746 2088 erravit
791 2029 957 2090 Stoicorum
986 2049 1056 2108 pen·-

90 2115 132 2171 ndi
151 2115 338 2188 definitionem,
359 2135 433 2191 quae
456 2127 518 2174 tota
540 2136 577 2174 ex
600 2137 635 2174 eo
658 2115 819 2193 pendebat,
850 2117 929 2191 quod
951 2135 1055 2174 omues

90 2201 236 2258 frontones
256 2202 428 2260 extrinsecus
451 2202 523 2260 visis
545 2195 754 2280 (φαντασίαις)
778 2209 926 2276 tamquam
948 2201 1054 2279 imagi·

105 2305 193 2343 rerum
215 2285 286 2344 effici
307 2287 456 2360 docebant,
479 2287 584 2348 Cicero
605 2287 636 2344 in
658 2287 850 2345 Academicis
869 2288 968 2345 multis
980 2288 1053 2346 locis

90 2381 196 2428 emeret
217 2371 253 2449 (Ι
266 2375 312 2442 41
335 2373 374 2444 ΙΙ,
392 2375 429 2431 18
452 2383 482 2430 44
505 2373 772 2448 40sqq.,.54sqq,
796 2373 846 2444 77,
873 2373 942 2443 112,
964 2371 1052 2448 118);
1120 2383 1123 2389 ‘

98 2459 170 2514 enirn
194 2459 323 2515 vexanda
344 2459 437 2516 omnis
449 2459 643 2516 recentiorum
655 2459 900 2516 Academicorum
920 2458 1053 2518 velitatio

90 2544 187 2600 ebatur.
231 2543 303 2604 Cum
326 2545 402 2601 enim
425 2545 521 2602 risum
544 2543 830 2602 venumdefinissent
851 2544 890 2614 id,
913 2545 993 2620 quod
1015 2564 1052 2602 ex

90 2629 236 2695 adesset,
260 2629 448 2699 simstesset,
483 2631 657 2706 impressum
680 2629 710 2686 in
732 2609 831 2688 ianime
854 2638 884 2686 et
905 2631 1052 2707 signatum

90 2713 144 2771 cfr.
168 2714 251 2774 Sext.
274 2715 360 2790 Emp.
389 2717 455 2773 adv
479 2715 619 2774 Methana.
641 2715 713 2777 VH
739 2717 815 2786 248,
843 2715 932 2792 Diog.
954 2717 1053 2774 Laert-

90 2805 146 2856 Ι44
169 2798 235 2880 50),
259 2801 289 2858 id
313 2801 431 2860 demum
453 2802 550 2859 visum
567 2819 669 2858 nen-um
681 2802 892 2878 percipipesse
905 2802 1051 2904 dieebapt,

90 2895 146 2942 crta
170 2898 242 2944 nota
265 2887 304 2944 ab
328 2888 410 2944 omni
437 2887 513 2946 salso
537 2887 601 2946 viso
623 2887 853 2983 discerneretur,
882 2881 1055 2960 paneadae

90 2961 132 3028 rori
156 2957 321 3070 τοιαύτην,
358 2962 409 3030 cicc
433 2963 485 3029 οὐκ
508 2991 545 3028 cce
567 2964 679 3066 γένοιτο
702 2960 817 3046 ψευδής
845 2967 944 3050 (Sext.
967 2971 1055 3049 Emp.

91 3057 117 3124 ἒς
143 3045 198 3112 οἵα
224 3046 280 3112 coin
293 3043 333 3113 de
345 3051 460 3133 γένοιτο
473 3048 532 3114 oiosd
544 3047 584 3133 μὴ
596 3044 792 3133 ὑπάρχοντος,
816 3057 903 3134 Diog.
916 3057 988 3130 VII,
1002 3059 1053 3129 50,

91 3145 165 3199 maeel
188 3143 226 3199 ab
250 3161 292 3214 eo,
318 3144 398 3217 quod
417 3152 557 3213 44444444,
580 3161 638 3199 esee
653 3151 813 3215 nonposset,
835 3143 929 3200 Aead.
942 3144 983 3206 Π
996 3144 1056 3214 77;

91 3227 207 3286 Cicero
232 3227 265 3284 id
285 3229 423 3286 scribere
446 3227 556 3299 debuit,
576 3246 633 3284 non
651 3225 777 3302 scripsit,
801 3228 1053 3303 quodLambinus

91 3312 262 3371 Eiusmodi
277 3323 387 3372 autem
398 3323 498 3371 notam
505 3312 657 3372 Arcesilas
669 3321 698 3370 et
709 3311 877 3372 Carneades
889 3333 953 3372 esse
964 3333 1055 3390 nega-

91 3401 201 3474 risque
227 3399 300 3456 veri
327 3399 389 3456 visi
411 3399 518 3457 falsum
537 3408 596 3456 tam
609 3398 705 3456 simile
724 3415 896 3475 esseposse,
919 3399 1053 3457 4414444-

116 3491 270 3560 possent
311 3485 425 3544 Cicero
448 3485 548 3543 ethic
570 3493 600 3542 et
614 3485 710 3542 Acad.
728 3483 769 3554 II,
791 3485 850 3542 113
868 3485 924 3543 visi
946 3503 1052 3543 nomen

92 3571 149 3628 nod
171 3571 258 3628 alibi
285 3571 362 3646 ipse
376 3570 472 3638 addit;
497 3570 548 3628 sed
560 3570 638 3628 idem
650 3569 841 3646 intellegitur,
865 3571 1004 3646 quoniam
1015 3571 1054 3628 ad

92 3675 167 3712 rum
183 3656 372 3714 veritatem
387 3665 417 3714 et
428 3656 646 3732 perceptionem
663 3657 737 3713 haec
748 3657 912 3733 disputatio
917 3657 1054 3732 pertinet.

92 3763 115 3798 nn
146 3741 299 3798 levitate
328 3741 442 3801 Cicero
464 3751 494 3799 et
521 3742 569 3799 hic
597 3749 627 3799 et
648 3743 743 3800 Acad.
760 3743 802 3814 11,
826 3745 884 3800 112
908 3761 944 3800 eo
966 3743 1053 3800 modo

92 3828 245 3885 initione
274 3847 353 3884 rem
380 3828 457 3885 verti
479 3826 599 3898 iudicat,
622 3837 655 3885 ut
677 3829 866 3886 Academicis
879 3829 1053 3886 4414444444-

110 3913 303 3972 Carneadi
333 3931 407 3970 cum
430 3913 655 3989 Peripateticis,
689 3914 740 3988 qui
767 3913 820 3970 illa
842 3933 899 3970 non
922 3923 1052 3986 utantur,

93 3999 166 4057 osio
197 3999 260 4056 ait.
305 3999 380 4057 Illa
402 3999 480 4056 enim
504 3999 673 4056 definitione
696 3997 789 4058 Stoici
812 4009 925 4057 tantum
938 4017 1053 4058 accom-

95 4103 169 4141 4444
199 4085 249 4141 de
284 4085 484 4162 cognitionis
506 4085 619 4162 origine
642 4084 761 4142 decreta
788 4095 818 4142 et
839 4086 877 4142 ad
904 4103 953 4156 ea,
977 4104 1053 4160 quae

93 4179 188 4242 ntur,
213 4171 420 4228 certamina
431 4170 461 4228 id
473 4170 765 4247 comprehenderant,
788 4171 868 4246 quod
885 4189 944 4230 non
956 4172 1054 4229 minus

93 4257 244 4313 eriores
277 4257 453 4328 tenebant,
477 4257 590 4333 percipi
613 4255 725 4331 aliquid
748 4275 844 4333 posse.
887 4258 993 4332 Itaque
1016 4258 1052 4314 de

93 4342 345 4418 rilosophiae
366 4340 563 4401 fundamento
585 4341 679 4400 nihilo
702 4341 798 4400 minor
819 4361 885 4400 cum
908 4343 1052 4404 11114044-

94 4428 150 4484 4ἰο
184 4435 291 4484 erat.
