2928 5012
253 1631 517 1724 PRAEFATIO
549 1631 706 1724 lovan
736 1631 990 1729 anulonis„

1 1997 2 2014 ¹
89 1950 215 2064 labrum
245 2007 378 2064 veterem
407 2003 465 2066 edo
498 2001 642 2065 universa
669 1999 767 2066 lorum
794 2013 826 2067 et
851 2005 1059 2084 descriptione
1086 2024 1146 2069 non

86 2108 169 2173 valde
204 2115 370 2186 mutatum,
409 2109 585 2190 singulatim
623 2127 684 2172 non
710 2109 754 2173 ita
780 2110 887 2179 leviter
918 2119 1088 2176 correctum
1116 2118 1148 2178 et

86 2218 287 2280 emendatum.
319 2217 356 2280 Id
379 2217 459 2280 euim
482 2215 678 2297 redemptori,
701 2235 768 2281 cum
791 2237 848 2298 per
870 2218 987 2300 aliquot
1008 2239 1147 2286 annosa

87 2342 130 2388 me
150 2325 230 2388 bano
252 2323 418 2388 editionem
440 2323 622 2406 flagitasset,
651 2325 775 2390 taudem
797 2326 924 2406 promisi
947 2326 1059 2408 iisque,
1094 2330 1146 2410 qui

86 2433 122 2494 ad
142 2425 306 2497 emendum
333 2431 444 2497 librum
468 2431 685 2508 invitarentur,
717 2433 857 2513 promitti
883 2433 968 2498 iussi.
1017 2435 1097 2500 Nam
1120 2439 1147 2501 si

86 2559 161 2604 nuno
182 2541 319 2622 primum
341 2541 398 2604 hos
421 2539 576 2604 Ciceronis
597 2539 691 2604 libros
713 2542 918 2605 recensendos
945 2549 976 2606 et
998 2561 1146 2608 enarran-

85 2647 138 2710 dos
158 2647 360 2729 sumpsissem
388 2649 486 2729 (quod
513 2665 574 2712 non
602 2645 688 2712 facile
714 2647 745 2711 iu
773 2649 907 2712 animum
933 2649 1146 2732 induxissem),

86 2773 177 2834 nemo,
200 2755 321 2836 opinor,
344 2745 509 2834 dubitabit,
532 2754 604 2836 qiriu
627 2757 835 2820 annotationis
857 2757 981 2822 criticae
1003 2767 1034 2822 et
1055 2779 1145 2824 enar-

85 2837 208 2927 ianonb
239 2863 369 2928 sormam
402 2863 559 2945 aliquanto
592 2863 681 2927 aliter
713 2864 925 2945 descripturus
957 2873 988 2930 et
1024 2866 1145 2932 brevio-

85 2970 162 3034 ribus
195 2971 310 3036 fiuibus
341 2971 516 3036 inclusimus
548 2970 666 3036 fuerim.
724 2971 898 3036 Constituto
926 2975 1006 3038 enim
1042 2976 1145 3054 semel,

84 3083 114 3140 ut
133 3079 202 3143 olim
226 3078 300 3158 feci,
321 3079 352 3142 iu
374 3079 462 3143 bonis
485 3063 638 3144 codicibus
660 3080 847 3144 recensionis
869 3091 901 3144 et
922 3083 1145 3146 emendationis

85 3182 286 3262 fundamento,
308 3187 453 3268 quoniam
479 3205 560 3251 nunc
587 3195 618 3251 et
644 3189 701 3252 hos
728 3189 813 3270 ipsos
836 3189 956 3252 codices
978 3191 1092 3254 certius
1113 3197 1146 3254 et

85 3292 195 3369 plenius
217 3295 359 3359 norimus
381 3301 412 3359 et
433 3295 473 3358 de
493 3299 559 3358 toto
582 3294 638 3360 hoc
659 3315 772 3376 genere
794 3295 939 3378 philologi
966 3297 1074 3362 melius
1096 3299 1143 3362 iu-

85 3399 177 3466 dicare
200 3403 376 3472 didicerunt
397 3402 469 3482 (etsi
492 3421 552 3466 uon
575 3404 695 3482 desunt,
718 3404 770 3484 qui
792 3405 897 3468 autad
914 3411 1034 3469 veteres
1057 3425 1144 3470 erro-

85 3525 129 3570 res
148 3511 328 3575 relabantur
348 3519 404 3576 aut
424 3528 521 3574 novos
549 3511 667 3575 addant
693 3521 837 3592 recteque
863 3513 1038 3593 praeceptis
1065 3513 1145 3578 male

85 3621 225 3700 utantur),
249 3637 370 3684 onmem
386 3617 451 3683 iere
468 3617 639 3700 vulgarium
660 3619 798 3684 coffinum
816 3620 1144 3700 commemorationem,

84 3739 180 3788 eorum
201 3727 398 3807 praesertim,
420 3746 551 3808 quorum
563 3727 717 3806 scriptura
728 3728 872 3792 annotari
883 3728 1019 3792 breviter
1030 3730 1143 3809 nequit,

84 3831 158 3908 quod
188 3843 244 3898 aut
277 3853 349 3898 raro
382 3834 579 3916 appellantur
610 3841 665 3898 aut
702 3836 900 3916 neglegenter
928 3835 1029 3901 collati
1063 3846 1143 3914 suut,
1228 3891 1232 3900 .

84 3939 248 4006 omisissem
271 3960 336 4020 nec,
358 3943 433 4023 quid
455 3961 493 4007 ex
514 3943 562 4007 his
584 3943 738 4008 codicibus
760 3953 816 4008 aut
836 3943 1142 4009 coniecturaveteres

85 4047 305 4130 superiorisque
334 4050 445 4116 aetatis
472 4050 607 4115 editores
634 4069 746 4132 magna
768 4069 862 4132 saepe
883 4052 1090 4116 inconstantia
1112 4057 1144 4116 et

84 4167 147 4217 casu
177 4155 403 4223 interveniente
435 4158 640 4239 scripsissent,
672 4159 931 4240 percensuissem,
964 4177 1033 4223 oum
1066 4159 1142 4224 satis

86 4271 155 4326 esset
176 4283 213 4329 ea
235 4283 362 4346 ponere,
384 4285 464 4347 quae
485 4267 617 4348 quisque
638 4267 757 4348 primus
774 4277 858 4330 recte
875 4268 1069 4332 emendasset
1079 4276 1142 4344 aut,

87 4367 107 4428 si
126 4371 262 4450 mrdtum,
285 4392 323 4438 ea
344 4393 475 4456 quoque,
497 4375 527 4439 in
551 4376 662 4457 quibus
673 4381 842 4457 appareret
852 4374 954 4457 aliqua
972 4375 1011 4439 ad
1023 4383 1142 4440 rectum

920 4521 937 4554 Δ
