2920 5012
409 433 452 479 su
476 433 556 480 usu.
578 433 641 480 nm.
664 433 676 479 l
698 433 771 480 cnr.
792 436 815 481 e.
1107 417 1152 482 43

1 651 2 654 ,
91 600 157 666 dixit
174 609 304 666 atomum
326 601 527 684 perpaulum,
554 621 616 684 quo
638 601 714 667 nihil
735 609 844 684 posset
869 601 938 669 fieri
958 603 1075 684 minus;
1108 603 1153 670 ite

89 909 124 958 dd
150 845 168 888 l.
196 841 298 890 uticmoe
317 839 353 908 A]
390 839 553 908 [porcaster-i
565 850 647 906 posset
663 841 698 902 A,
716 843 760 891 sed
780 842 887 891 alterum
903 852 983 908 posset
1001 843 1032 892 sb
1045 845 1100 893 eud.
1119 857 1151 892 m.

124 918 183 958 etum

87 1083 156 1140 Nam
175 1085 298 1160 primum
322 1088 414 1160 itaque
436 1101 490 1141 nec
502 1084 577 1142 solet
588 1084 659 1160 poni
671 1084 700 1141 in
714 1085 856 1156 cretione,
879 1104 954 1160 quse
971 1105 990 1142 a
1000 1085 1153 1162 proposito

89 1181 114 1224 et
132 1170 237 1244 periodi
260 1169 358 1227 forma
380 1170 469 1245 paulo
497 1170 618 1227 liberius
641 1179 766 1246 evagata
793 1179 852 1242 est,
886 1171 1067 1242 revocanda,
1101 1171 1153 1228 sed

88 1257 165 1327 iciusr.
185 1274 237 1312 nec
260 1256 476 1332 significatione
499 1265 529 1312 et
551 1255 779 1331 compositione,
802 1239 861 1330 qim
873 1257 1070 1334 coniungendi
1092 1256 1152 1313 vim

86 1339 172 1398 hebet.
193 1341 229 1397 ad
252 1360 321 1398 eum
344 1361 428 1398 usum
452 1351 554 1418 aptum
578 1351 636 1410 est;
660 1342 797 1418 exemplo
813 1351 936 1400 utuntur
957 1362 1016 1400 uno
1030 1342 1153 1405 Liuiano

85 1425 165 1497 exII,
181 1428 226 1498 12,
241 1429 270 1497 3,
293 1427 360 1503 ipso
377 1439 499 1503 propter
509 1427 584 1484 hanc
607 1427 793 1484 insolentiam
816 1428 922 1499 dubi0;
945 1428 1050 1485 deinde
1072 1428 1155 1484 nulla

85 1513 190 1570 omnino
211 1513 260 1570 hic
288 1520 334 1568 est
363 1513 476 1588 periodi
504 1512 572 1570 talis
594 1512 729 1584 inflexio,
763 1523 796 1570 ut
822 1513 852 1570 in
881 1514 960 1571 viam
987 1514 1154 1572 revocanda

84 1595 175 1668 fuerit3
196 1599 309 1674 protasi
327 1599 399 1655 setis
423 1599 505 1656 brevi
522 1599 666 1656 subicitur
682 1599 785 1656 ordine
802 1599 949 1675 epodosis,
973 1618 1010 1656 ne
1033 1600 1154 1656 minima

85 1683 188 1756 quidem
211 1684 359 1741 sententie
380 1685 563 1760 interposite
592 1685 696 1758 Itaque
714 1684 762 1741 hic
784 1704 820 1741 ne
832 1689 914 1758 ἐρίων
925 1685 1043 1760 quidem
1055 1684 1153 1742 locum

86 1767 240 1826 habiturum
263 1782 338 1841 eret,
361 1788 415 1826 nec
430 1770 629 1828 similenllum
653 1770 850 1827 anacoluthon
862 1772 1034 1846 reperietur.
1062 1771 1153 1846 Apud

1 1893 2 1896 =
86 1851 211 1912 Ottouem
234 1855 370 1930 quidem,
400 1856 450 1930 qui
478 1873 634 1912 excursum
662 1856 699 1912 de
727 1856 911 1912 anacoluthis
934 1856 1086 1915 Ciceronis
1115 1856 1153 1914 sd

1 1939 2 1954 ¹
86 1937 153 1995 huuc
173 1941 268 2016 ipsum
292 1941 390 1998 locum
413 1941 540 2016 scripsit,
564 1941 606 1997 sic
627 1941 705 1998 inter
727 1949 826 1998 cetera
847 1942 903 1999 hoc
924 1942 1151 2014 intermiscetur,

1 2067 2 2090 ,
86 2035 113 2080 ut
131 2044 214 2082 unum
238 2027 276 2083 de
299 2027 400 2086 multis
422 2045 485 2084 csse
508 2027 657 2095 videatur3
681 2035 770 2102 neget
790 2027 868 2083 enim
891 2027 928 2084 ed
952 2037 1032 2084 cene
1043 2046 1152 2104 genere

1 2133 2 2146 ¹
86 2111 284 2183 possemierri,
308 2123 339 2169 et
351 2113 450 2170 omnia
472 2112 669 2170 dissimillima
689 2131 749 2170 uno
771 2113 873 2169 ordine
891 2123 1051 2170 enumeret.
1084 2113 1153 2170 Non

86 2195 182 2253 iniuria
201 2199 294 2274 igitur
316 2209 484 2274 suspectum
506 2201 598 2273 itaque
618 2196 676 2254 init
697 2197 849 2268 Manutio,
883 2199 1008 2270 Ursino,
1043 2198 1093 2274 qui
1116 2199 1153 2256 ed

87 2281 143 2338 cod
162 2283 242 2340 illum
266 2303 352 2340 suurn
375 2283 516 2360 confugit,
539 2283 692 2354 Ernesti0;
716 2284 770 2340 etsi
788 2283 915 2340 addendi
937 2303 1012 2360 quse
1024 2285 1154 2361 potuerit

87 2384 166 2424 muse
185 2388 258 2437 esse,
283 2389 342 2427 non
365 2379 504 2445 apperetg
538 2380 569 2426 et
589 2368 715 2426 fortasse
737 2369 818 2426 aliud
840 2370 914 2427 latet
936 2371 1087 2441 mendum,
1121 2379 1154 2428 ut

1 2483 2 2502 ι
87 2453 216 2511 exciderit.
237 2455 361 2512 verbum
384 2455 513 2530 aliquod,
537 2455 619 2512 cuius
642 2455 805 2512 subiectum
829 2465 907 2514 esset
930 2458 1005 2512 iorem
1026 2468 1130 2514 acutus.

1 2527 2 2536 ἵ
162 2542 293 2598 declinare
318 2551 435 2598 atomum
459 2543 635 2636 perpaulum)
658 2543 705 2598 De
727 2541 793 2598 Fet.
817 2542 872 2597 22:
906 2544 1021 2599 declirrct
1048 2553 1152 2599 atomus

85 2627 210 2682 munatio
231 2630 355 2692 unnim,-
377 2629 408 2684 id
428 2629 547 2702 appellnt
570 2619 741 2702 iiuptnrom
774 2647 857 2701 quum
879 2629 1076 2685 declinationem
1098 2632 1154 2685 sine

85 2729 158 2766 ccum
173 2714 249 2785 pieri.
283 2716 309 2769 si
334 2713 528 2772 rnirrrsnerbie.
559 2731 588 2768 re
609 2715 712 2784 cupitur
732 2714 857 2786 confiteri.
902 2713 980 2770 Add.
1004 2715 1082 2784 546.
1105 2715 1152 2787 (In

85 2795 172 2868 priore
193 2797 259 2855 loco
272 2799 361 2874 paulo
384 2806 461 2874 post,
484 2798 535 2856 ubi
558 2797 711 2854 scribitur:
736 2798 865 2872 Sequitur
886 2802 962 2859 erun.
986 2810 1028 2868 ut,
1052 2802 1153 2856 siclin

85 2881 115 2934 ni
133 2885 184 2938 ulia
206 2903 353 2959 numqrmm
375 2886 534 2960 depellatur,
557 2885 734 2957 necentinqct
745 2885 851 2958 quidem
865 2887 920 2940 obis
932 2887 1023 2950 ndum,
1047 2883 1152 2943 Cicero

83 2967 199 3025 scribere
222 2970 339 3040 debuit:
373 2981 402 3027 ut
429 2972 485 3026 ulie
506 2970 541 3025 cb
563 2971 619 3026 alia
642 2989 788 3043 numquam
806 2971 970 3045 depellentem.
999 2973 1025 3026 si
1045 2990 1077 3026 ne
1098 2979 1153 3028 etc.

83 3051 151 3110 bem
172 3055 213 3111 ite
235 3056 430 3126 concluditur,
453 3073 519 3112 cum
536 3055 626 3112 atomi
647 3055 736 3112 rectis
752 3054 839 3112 lineis
857 3055 994 3114 deorsum
1011 3055 1154 3126 ferantur,

82 3137 161 3196 uiam
182 3141 270 3198 aliem
293 3160 352 3198 non
375 3141 535 3218 attingere3
557 3141 658 3214 itnque
680 3159 718 3197 ne
729 3141 876 3216 depellere
899 3140 1031 3215 quidcm3
1054 3142 1154 3215 itaque

83 3241 133 3280 non
153 3227 256 3300 pulsu,
280 3227 333 3284 sed
361 3227 424 3285 sine
453 3244 543 3284 censo
569 3226 634 3282 fieri
657 3225 892 3284 declinationem.
936 3226 976 3284 Et
997 3245 1072 3300 quae
1094 3245 1154 3283 non

83 3310 226 3388 mutiugit,
248 3332 307 3370 non
319 3323 418 3389 potest
439 3312 602 3388 depellere;
626 3329 700 3386 quae
723 3331 781 3369 non
793 3312 924 3388 depellit,
947 3321 1045 3388 potest
1056 3321 1154 3369 tamen

83 3413 147 3453 sane
178 3399 359 3475 contingere.
403 3397 451 3470 si,
484 3406 519 3455 ut
545 3397 657 3467 editur,
691 3397 796 3456 Cicero
826 3398 959 3474 scripsit,
992 3397 1097 3455 incidit
1123 3397 1154 3455 in

82 3481 291 3541 conclusionem
320 3503 412 3560 paene
441 3501 534 3558 aeque
563 3483 680 3540 inanem
709 3493 798 3557 etque
825 3483 882 3540 hoc
911 3503 999 3560 opere
1022 3485 1069 3555 11,
1104 3483 1154 3540 35.

81 3567 212 3626 Pluribus
234 3589 296 3626 rem
319 3569 506 3646 persequitur
528 3568 684 3626 Lucretius
707 3569 753 3640 11,
785 3570 845 3626 216
870 3587 933 3644 sqq.
957 3561 1154 3644 Παρέγκλισιν

78 3653 222 3728 appellent
251 3657 379 3713 Ioannes
413 3654 496 3714 Stob.
530 3655 594 3712 Ecl.
624 3654 715 3730 Phys.
738 3675 766 3731 p.
791 3655 852 3712 346
876 3656 981 3727 Hecu,
1015 3655 1094 3711 Plut.
1118 3654 1154 3711 dc

78 3739 147 3813 plac„
169 3739 275 3816 philos.
298 3742 323 3812 I,
350 3742 399 3815 12,
422 3761 450 3817 p.
474 3740 536 3798 883
560 3743 599 3798 A.

155 3829 456 3903 qnoninilpometfieri
467 3828 568 3902 nunus)
597 3825 784 3901 Exprimitur
799 3816 835 3882 τὸ
848 3809 1011 3901 ἐλάχιστον.
1044 3825 1154 3882 Lucre·

77 3911 129 3968 tius
157 3931 184 3967 r.
214 3913 291 3970 219:
332 3915 459 3988 paulurn,
503 3911 633 3977 Tantum,
673 3913 751 3986 quod¹
784 3931 882 3968 momen
911 3920 1041 3967 mutatum
1067 3911 1155 3968 dicere

72 4001 171 4070 purim
193 4017 222 4053 v.
240 3999 320 4055 244:
342 4017 388 4055 nec
406 3999 472 4073 plns
494 4017 576 4072 quum
598 4000 742 4054 minimum.
775 3997 842 4054 Non
856 3995 1028 4052 attendebat
1042 3993 1155 4054 Bekius

76 4083 118 4143 (nd
147 4083 337 4142 cleomedem
365 4104 393 4160 p.
423 4085 512 4157 418),
547 4101 613 4140 cum
642 4083 715 4140 hoec
742 4100 761 4138 a
783 4081 926 4142 Cicerone
948 4089 1074 4158 negante
1097 4081 1156 4138 dici

74 4170 198 4244 putarim
233 4170 335 4244 itaque
363 4169 451 4226 scribi
480 4169 600 4226 volebat
628 4179 724 4244 potest.
779 4167 858 4241 Quid
886 4167 1013 4224 editores
1042 4165 1155 4226 nostri?

74 4253 178 4312 Eodem
207 4255 357 4312 sententie
388 4255 536 4331 accipiunt
564 4264 594 4312 ct
621 4263 720 4311 tomen
748 4253 928 4311 coniunctivi
950 4251 1154 4329 imperfectum

1 4363 2 4418 j
73 4341 237 4410 defendunt,
268 4339 409 4411 Orellius,
436 4340 514 4415 qnod
538 4341 577 4398 sit
598 4339 727 4398 omnium
751 4358 890 4396 sanorum
912 4338 1155 4415 philosophorum

1 4498 2 4504 ἵ
72 4428 212 4487 metentis
234 4428 360 4504 (bonam
378 4444 495 4484 ccumm
513 4425 731 4500 coniunctivil),
765 4424 851 4495 Otto,
874 4423 1048 4500 imperfecto
1070 4441 1155 4482 usum
