2928 5012
391 437 436 482 un
457 435 538 482 usn.
556 437 618 483 nm.
635 437 647 482 1
669 436 741 484 one.
761 439 784 484 a.
1089 419 1129 484 13

81 605 158 669 uicus
186 623 281 686 paene
313 605 432 670 nomini
452 606 593 671 Romano
626 614 688 686 est,
722 607 776 687 qui
797 606 890 670 Ennii
911 605 1054 671 Medeam
1075 615 1130 672 aut

81 707 220 788 Antiopam
241 707 369 772 Pacuvii
391 717 521 789 spernat
541 715 597 772 aut
618 707 734 787 reiciat,
758 709 842 790 quod
864 727 899 774 se
916 708 1026 774 iisdem
1036 707 1128 772 Euri·

136 917 152 957 1.
169 929 223 960 noan.
239 928 318 976 pacare
337 911 359 960 E
397 917 419 960 2.
438 910 503 975 quod
517 916 541 962 ai
559 913 581 962 E
599 911 642 976 qui
657 929 683 962 aa
700 912 866 964 LnnPcssor.

80 1084 185 1154 macerit,
206 1085 357 1160 disputant
379 1086 549 1162 tragoediae
569 1087 719 1144 Romanae
742 1087 968 1156 existimatores
997 1095 1030 1142 ut
1053 1087 1129 1144 Lan-

80 1169 175 1244 giusin
196 1171 340 1228 vindiciis
363 1171 453 1248 Trag.
477 1171 561 1228 Roun
585 1191 613 1248 p.
641 1173 687 1228 16.
1136 1223 1140 1238 ,

144 1275 222 1330 poene
242 1257 354 1331 nomina)
388 1257 430 1316 Ut
462 1256 492 1314 in
521 1257 597 1328 ErL,
621 1257 662 1314 sic
690 1257 720 1314 in
749 1257 863 1315 duobus
892 1267 1046 1333 praeterea
1068 1259 1129 1315 suis

79 1341 207 1415 transponi
229 1340 323 1400 Gaius
350 1343 401 1398 ait.
445 1343 579 1399 Pertinet
606 1361 676 1400 sane
695 1363 782 1418 poene
811 1361 868 1399 non
891 1343 929 1400 ad
951 1343 1130 1418 praecedens

78 1425 240 1498 adjectivum,
263 1437 297 1484 ut
319 1427 345 1484 is
367 1435 461 1503 putat,
486 1428 537 1485 sed
555 1427 592 1484 ad
610 1429 792 1502 subsequens
809 1428 1039 1498 substantivum
1062 1447 1129 1485 nam

78 1530 152 1567 ronan
180 1511 275 1588 ipsum
297 1513 462 1580 Romanurn
495 1513 592 1571 odisse
625 1512 755 1584 videtur,
790 1513 841 1588 qui
874 1513 987 1572 litteras
1009 1514 1130 1572 Latinas

78 1596 135 1652 odit
163 1595 213 1675 [Et
230 1598 378 1673 reperitur
390 1617 476 1674 paena
498 1599 692 1670 substantivo,
715 1599 753 1656 ad
770 1599 849 1673 quod
863 1600 1000 1675 pertinet,
1024 1608 1053 1655 et
1079 1600 1131 1656 ad·

77 1679 166 1740 iectiro
185 1683 400 1759 interpositum,
423 1684 458 1740 de
481 1703 539 1758 quo
562 1684 592 1741 iu
614 1684 712 1760 priore
734 1684 803 1741 edic.
815 1684 1029 1752 dubitaveram,
1052 1685 1130 1761 apud

77 1765 227 1826 Ciceronem
249 1769 341 1846 Legg.
363 1769 410 1838 Π,
435 1771 469 1840 4,
492 1788 579 1844 quem
602 1769 699 1827 locum
720 1769 863 1827 indicavit
885 1771 1021 1828 Haudius
1043 1771 1130 1827 Ture.

77 1852 122 1920 IV,
141 1873 166 1928 p.
183 1855 252 1912 418.
287 1854 349 1914 Sed
370 1855 574 1912 auctoritatam
597 1854 706 1912 codicia
728 1855 790 1912 Erl.
813 1855 906 1914 vincit
926 1857 964 1912 A.
1004 1856 1130 1912 Indnn'oao

74 1957 145 2011 paea
163 1959 214 2014 pro
236 1959 281 2004 eo,
305 1939 384 2014 quod
407 1949 451 1997 est
469 1959 556 2015 paena
576 1943 706 2010 inimicus,
724 1959 742 1996 a
754 1940 896 1999 Cicerone
914 1940 972 1997 dici
989 1940 1129 2017 potuisse,

76 2041 106 2078 ex
126 2024 170 2082 illo
189 2025 254 2083 loeo
276 2043 336 2082 non
358 2033 437 2082 recte
459 2025 595 2084 Handiua
618 2024 717 2096 efficit,
741 2035 878 2100 erratque
901 2027 989 2083 etiam
1012 2026 1047 2084 de
1066 2026 1130 2086 Cat.

77 2107 131 2185 lt]
159 2109 371 2183 Quintilianum
393 2129 452 2168 non
474 2129 541 2169 raro
559 2131 647 2187 paene
662 2111 774 2169 nomini
792 2119 978 2187 postponere,
1002 2111 1132 2169 ostendit

77 2193 195 2252 Bonnclli
215 2197 303 2254 lexic.
327 2196 451 2269 Quintil.

147 2285 239 2346 retunt,
262 2283 338 2357 qnod
349 2317 389 2324 -
406 2280 522 2356 odanti)
544 2282 628 2338 Haec
650 2281 796 2357 scriptura
818 2289 935 2357 praeter
952 2280 996 2360 [A
1008 2279 1052 2360 et]
1070 2282 1131 2339 Eri.

4 2375 5 2384 ¹
75 2365 244 2424 confirmatur
264 2386 284 2424 a
306 2366 438 2444 margine
460 2367 555 2438 Crat,
588 2366 699 2437 idest,
723 2367 856 2442 optimis,
885 2377 947 2424 tum
969 2387 987 2424 a
1009 2367 1088 2426 Gud.
1113 2366 1130 2424 2

76 2461 100 2504 et
118 2451 187 2524 aas,
208 2452 288 2512 Oxx.
300 2448 353 2520 Εξ.
397 2452 521 2526 Quaerit
542 2451 656 2524 Cicero,
680 2452 746 2526 quis
768 2453 811 2509 ita
831 2453 921 2510 Ennii
944 2453 1080 2512 Medeam
1102 2465 1132 2510 et

74 2533 182 2594 Pacarii
200 2539 363 2614 Antiopam
385 2537 498 2608 reiciet,
521 2546 555 2595 ut
575 2538 651 2595 hanc
673 2535 778 2594 afferat
789 2557 916 2610 causam,
940 2538 1020 2613 quod
1037 2538 1131 2597 Grae-

75 2637 115 2676 cae
134 2623 243 2680 easdem
265 2633 361 2694 amet,
389 2623 497 2681 Latina
519 2623 629 2699 scripta
651 2623 754 2680 oderit.
799 2623 846 2700 (Si
868 2643 955 2698 quern
978 2621 1133 2681 offenderit

74 2709 137 2778 qnod
156 2743 193 2751 -
213 2711 295 2774 dicat,
328 2718 549 2784 expectantem:
582 2710 719 2784 qaod-
741 2711 970 2766 delecteturaut:
993 2711 1082 2766 dicans
1104 2729 1133 2766 se

75 2791 196 2853 deonna.
227 2795 300 2852 satis
333 2794 390 2851 erit
421 2794 457 2852 de
491 2794 638 2852 oommuni
660 2794 833 2852 Latinorum
861 2813 942 2852 more
969 2795 999 2852 in
1022 2795 1132 2871 signifi·

75 2876 154 2934 canda
174 2897 269 2949 eausa,
292 2897 381 2953 quam
403 2879 455 2938 alii
477 2879 615 2951 dixerint,
638 2880 807 2956 Zumptium
824 2889 929 2937 testem
942 2881 1047 2938 citasse
1067 2879 1133 2959 [aut

74 2979 112 3018 me
137 2963 242 3040 ipsum,
277 2964 332 3024 Gr.
355 2966 458 3036 ΒΜ
489 2966 548 3022 357
578 2983 597 3022 a
623 2973 684 3022 not.
708 2962 766 3043 2].)
810 2965 940 3042 Vulgata
973 2966 1133 3042 scriptura:

74 3051 114 3119 qni
130 3069 156 3104 sc
176 3053 266 3108 isdem
289 3059 345 3108 eto.
368 3051 442 3109 dnos
463 3049 556 3108 elficit
576 3051 685 3127 gradus
707 3051 917 3126 interrogandi,
951 3060 985 3108 ut
1006 3051 1132 3127 primum

75 3132 229 3210 dupliciter
249 3145 423 3210 quaeratur,
456 3154 550 3211 usque
573 3136 611 3193 ad
633 3139 737 3196 reicim.
772 3137 876 3193 deinde
910 3137 1064 3194 coniuncte
1097 3137 1133 3194 de

75 3215 182 3278 dnobus.
222 3221 314 3294 (Nam
341 3222 421 3296 quod
442 3222 478 3279 R.
500 3221 637 3280 Klotziua
664 3221 695 3279 in
718 3221 930 3295 QuaestTull.
954 3243 982 3299 p.
1006 3223 1045 3279 42
1074 3239 1134 3279 uon

74 3304 257 3376 &Monens
279 3325 345 3365 esse
366 3308 440 3379 vult,
463 3307 515 3365 sed
538 3307 703 3364 continuari
725 3307 838 3378 omnia,
861 3318 895 3365 ut
916 3308 1064 3384 posterius
1085 3311 1135 3382 qni

86 3387 104 3443 it
130 3409 188 3447 men
219 3403 307 3450 tumet
340 3393 423 3462 idem,
457 3411 552 3468 neque
585 3393 709 3469 protulit
741 3411 836 3467 neque
870 3393 968 3469 potuit
1000 3391 1133 3494 proferre

75 3473 151 3533 nilnm
172 3478 355 3554 exemplum,
383 3477 435 3535 ubi
456 3488 525 3554 post
546 3478 714 3536 huiusmodi
735 3477 860 3536 formam
883 3478 1039 3536 orationis:
1061 3482 1134 3571 quis

74 3569 111 3614 tet
130 3574 258 3636 manent,
281 3564 325 3621 sic
341 3563 399 3621 duo
416 3564 542 3620 relativa
552 3573 741 3639 ponerentur,
764 3581 799 3620 ec
816 3583 874 3621 non
887 3554 917 3620 ἐκ
929 3545 1133 3640 παραλλὴλου.

74 3653 98 3700 nt
117 3646 171 3705 duo
191 3657 245 3706 aut
264 3649 352 3725 plura
373 3659 560 3726 negarentur.
599 3649 667 3708 Uno
690 3650 776 3706 modo
799 3649 842 3706 sic
863 3649 933 3724 poni
957 3648 1066 3724 duplex
1089 3668 1135 3705 re-

74 3727 181 3790 lativum
201 3743 270 3810 post
292 3753 367 3792 neno
388 3745 428 3792 eat
449 3743 563 3811 potest,
597 3753 663 3792 cum
696 3735 778 3811 prius
801 3735 939 3792 definitur
961 3734 1134 3806 subiectum,

74 3814 101 3870 de
121 3837 176 3892 quo
196 3831 337 3896 negatur,
372 3819 477 3878 deinde
498 3821 529 3878 id
550 3820 657 3897 ipsum,
691 3821 770 3895 qnod
793 3829 933 3897 negatur,
956 3819 1135 3896 adiungitur,

73 3909 97 3955 ut
116 3904 144 3959 in
165 3903 253 3963 Catil.
275 3907 336 3978 IV,
363 3907 416 3962 16:
450 3906 552 3964 Servus
573 3916 613 3964 cat
639 3925 726 3976 nemo,
755 3909 803 3981 qui
823 3908 900 3964 modo
924 3905 1054 3962 tolerabili
1073 3924 1135 3962 con-

73 3986 159 4046 dicione
173 3994 209 4047 sit
227 3993 370 4056 servitute.
394 3994 444 4066 qni
462 4012 514 4048 non
535 3993 680 4050 amotum
696 3995 792 4049 mnium
809 3993 1007 4066 perhorrescat.
1043 3990 1138 4048 Tollit

74 4073 283 4152 ambiguitatem
305 4076 438 4134 additum
460 4079 558 4152 modo.)
604 4077 663 4137 Sed
691 4095 745 4134 nec
778 4077 850 4135 eatis
880 4076 1031 4134 commode
1053 4076 1136 4152 prius

73 4157 192 4218 obsolute
221 4163 437 4239 interrogabar,
471 4181 537 4220 cum
571 4163 649 4220 de'
640 4181 706 4239 npsa
744 4162 949 4220 coniunctione
983 4161 1136 4237 utriusque

74 4243 108 4300 mi
128 4257 245 4323 agatur,
268 4265 324 4305 uec
345 4257 426 4304 recte
448 4248 479 4305 in
501 4249 557 4306 hae
579 4267 714 4306 connexa
734 4247 966 4325 interrogatione
989 4248 1137 4304 contraria

4 4307 6 4372 l
73 4343 208 4401 ponuntur
230 4335 338 4391 eaedem
360 4335 506 4410 Euripidis
521 4335 637 4409 fabulae
659 4343 689 4392 et
710 4335 828 4392 Latiam
850 4337 967 4402 litteram
991 4333 1137 4390 debebant

4 4453 6 4498 ,
73 4415 138 4474 enin
158 4417 232 4477 haec
253 4427 392 4476 accurate
413 4421 601 4497 respondere.
644 4420 750 4494 Itaque
773 4419 941 4479 Gulielmus
969 4418 1072 4476 etalii
1094 4421 1136 4476 lit-
