3018 5052
420 410 463 456 au
488 407 568 456 unu.
586 408 647 454 nm.
665 407 702 454 111
724 407 796 456 cae.
817 409 855 454 ιι.
1113 388 1178 454 443

102 578 191 644 reddi
212 577 327 660 possim
361 595 436 659 ergo
466 585 501 642 ut
533 577 627 644 etiam
653 575 856 659 probabiliter
887 575 950 641 acti
982 576 1062 642 ratio
1089 575 1178 642 reddi

101 680 216 761 possit;
250 687 299 744 est
320 686 424 745 autom
446 677 595 759 officium,
628 679 713 760 quod
739 667 784 743 ita
809 677 924 744 motum
954 682 1017 757 ost,
1051 684 1086 743 ut
1112 677 1178 744 eim

101 781 174 846 iacti
195 781 365 864 probabilis
388 783 468 848 ratio
491 781 581 848 reddi
602 780 716 864 possit;
738 799 777 846 ex
798 799 860 862 quo
882 780 1085 862 intellegitur,
1108 778 1177 846 offi-

101 884 181 948 cium
203 883 338 950 medium
359 884 509 965 quiddam
531 901 615 962 esse,
649 883 733 965 quod
754 901 855 964 neque
876 883 908 948 in
931 882 1020 948 bonis
1042 888 1178 965 ponatur

177 1109 198 1154 t.
216 1121 271 1172 apo
290 1131 321 1144 ··-
339 1103 403 1156 rotro
420 1104 490 1156 reddi
502 1105 579 1171 possit
594 1106 626 1168 (r.
638 1107 664 1172 2)
683 1119 731 1156 om.
749 1103 802 1156 Mc
837 1109 862 1154 4.
879 1103 999 1169 quoddam
1017 1119 1111 1164 omnes,
1130 1103 1174 1155 Or.

101 1297 322 1374 distipgvnntur
343 1314 390 1354 ras
413 1296 527 1355 mediae
548 1296 579 1354 in
602 1314 726 1372 corpore
739 1305 768 1353 et
785 1303 871 1352 extra
882 1295 956 1353 sitae
968 1292 1018 1375 (ut
1028 1295 1177 1368 valetudo,
1274 1315 1277 1320 ·

99 1393 133 1442 nt
155 1381 295 1461 petuma)
317 1391 348 1440 et
369 1382 447 1440 actio
470 1383 507 1440 ad
529 1401 565 1440 ea
587 1390 732 1458 spectans,
755 1381 841 1439 utin
863 1381 937 1440 illis:
971 1391 1010 1438 eat
1037 1383 1177 1456 quiddam,

99 1469 175 1544 quod
197 1470 259 1525 usui
279 1487 335 1525 csse
351 1471 440 1544 possit
461 1465 556 1546 (quod
577 1467 695 1525 videtur
716 1467 864 1543 pertinere
880 1466 919 1523 ad
935 1485 982 1524 res
994 1463 1178 1546 commodas)

100 1565 144 1611 et:
173 1571 255 1628 opere
285 1555 393 1628 aliquid
420 1563 445 1610 et
476 1555 572 1628 soree
606 1571 716 1610 eorum
748 1553 838 1630 (quae
866 1570 913 1610 res
941 1552 1111 1610 commodae
1133 1553 1178 1610 in·

99 1639 203 1716 tellegi
224 1648 382 1713 nequeunt,
406 1657 481 1714 qnae
504 1657 562 1696 non
585 1632 735 1718 aguntur).
784 1638 856 1713 Ipsa
882 1656 996 1695 summa
1024 1655 1178 1716 argumen-

99 1724 223 1784 tationis
244 1724 326 1782 van'e
349 1725 527 1800 coneipitur,
562 1733 639 1795 tum,
673 1723 703 1782 in
732 1722 821 1782 rebus
849 1723 952 1782 mediis
980 1743 1037 1781 esse
1059 1723 1178 1783 omnino

99 1811 233 1870 officium
255 1809 305 1886 (de
327 1805 593 1891 αιίιιιηιιὶιοὶίὶιίἰ),
616 1809 695 1884 qnod
717 1809 803 1868 initio
814 1809 998 1885 propositum
1011 1819 1096 1868 estet
1109 1814 1123 1880 ξ
1138 1809 1176 1868 59
1255 1867 1258 1876 ,

98 1896 205 1974 primis
227 1895 340 1954 duabus
362 1895 599 1954 conclusionibus
622 1893 759 1966 eflicitur,
782 1903 853 1964 tum,
876 1894 988 1952 versari
1006 1894 1037 1952 id
1047 1895 1079 1952 in
1090 1895 1178 1954 rebus

98 1982 206 2040 mediis
228 1975 279 2060 (de
301 1984 413 2040 muno
441 1989 470 2040 et
491 1981 558 2040 loeo
580 1979 699 2058 officii),
733 1989 810 2049 tum,
843 1979 940 2055 ipsum
962 1999 1027 2038 esse
1050 1979 1178 2038 madium

99 2067 151 2145 (de
173 2063 329 2142 quodidie),
352 2084 477 2142 quorum
500 2067 558 2125 dno
581 2075 730 2142 postrema
741 2066 860 2123 omnino
872 2084 930 2124 non
943 2065 1178 2142 distinguuntur3

99 2164 129 2212 et
151 2163 251 2210 nmen
273 2149 421 2210 differunt
454 2151 606 2210 Nonnulla
628 2151 658 2209 in
680 2151 779 2210 haere
789 2149 916 2210 fortasse
928 2150 1080 2210 Ciceronis
1091 2151 1179 2228 eulpa

101 2249 155 2297 est
186 2233 289 2318 [Quod
300 2237 426 2296 Iacobus
437 2237 468 2294 in
479 2237 588 2296 Philol.
599 2238 645 2296 VI
657 2257 686 2313 p.
698 2237 759 2296 492
772 2236 872 2294 omnia
881 2237 968 2294 haee:
995 2237 1179 2312 Quoniamque

99 2329 126 2382 iu
149 2327 184 2382 ris
206 2323 286 2381 rebus
309 2355 350 2364 -
372 2342 418 2382 nee
439 2325 467 2381 iu
488 2327 632 2382 contrarios
654 2323 782 2394 damnat,
806 2322 869 2380 sine
887 2322 948 2380 nlla
970 2322 1178 2398 probabilitate

98 2409 332 2486 partemceteris
350 2408 490 2467 innexam
512 2427 567 2467 nec
589 2408 693 2467 scholii
715 2408 945 2466 additamentive
967 2427 1004 2464 ne
1027 2408 1177 2468 minimam

98 2495 218 2572 qnidam
241 2494 463 2552 similitudinem
485 2495 642 2552 habentem
665 2493 819 2552 demost
835 2511 890 2550 nee
906 2503 1005 2551 tamen
1017 2494 1177 2569 quidquam

98 2580 277 2655 assequitur.
321 2579 494 2638 Assentitur
515 2590 614 2638 tamen
636 2579 774 2638 Baiterus
796 2579 826 2636 in
849 2579 894 2636 ed.
917 2575 1003 2659 mim]

186 2685 250 2740 erpo
270 2675 300 2723 ut
321 2668 400 2724 mom
417 2667 670 2742 probabiliteroeti
690 2668 759 2722 ratio
781 2666 861 2722 reddi
870 2663 972 2741 possit)
994 2663 1179 2724 Exciderunt

97 2753 174 2810 haee
196 2751 288 2808 verba
309 2760 432 2829 propter
453 2751 578 2809 similem
601 2751 813 2808 sententiarum
835 2749 948 2808 exitum
970 2751 1060 2809 etiarn
1077 2750 1107 2808 in
1125 2745 1177 2822 Εξ,

98 2839 146 2896 ΕΙ.
171 2839 201 2908 2,
225 2835 304 2896 Gud.
331 2840 356 2894 1.
400 2837 533 2894 Haerent
554 2837 730 2912 interpretes
753 2845 783 2894 et
804 2835 835 2893 in
857 2835 999 2894 adverbio
1021 2847 1051 2894 et
1072 2837 1103 2894 in
1125 2840 1180 2896 aeti

98 2923 234 2994 nomine,
263 2923 343 2997 quod
369 2919 463 2983 Gaius
490 2923 583 2992 delet3
615 2922 778 2980 Lambinus
806 2931 836 2979 et
862 2922 913 2979 alii
936 2923 1086 2998 probabilis
1105 2925 1181 2998 sorti

97 3009 297 3076 substitnnnt;
331 3008 375 3086 (et
407 3009 438 3065 in
464 3011 539 3083 sorti
570 3008 732 3066 Lambinus
765 3007 881 3066 codices
915 3007 1063 3084 testatur).
1119 3007 1178 3068 Sed

77 3096 181 3154 'recte
214 3094 308 3151 verbs
340 3094 448 3152 habore
482 3094 626 3152 videntur.
676 3094 810 3153 Primum
832 3093 863 3150 in
884 3093 958 3169 ipsis
985 3093 1082 3164 rebus,
1106 3111 1178 3168 qus-

99 3193 187 3239 tenns
210 3179 340 3238 nondum
363 3179 399 3238 de
421 3179 507 3238 nobis
529 3179 684 3256 agentibus
706 3179 867 3256 cogitatur,
890 3178 1044 3255 probabile
1066 3177 1179 3254 aliquid

98 3285 165 3326 esse
188 3265 305 3334 dieitur,
328 3265 411 3322 ouius
433 3265 509 3323 ratio
520 3265 604 3323 reddi
615 3265 723 3341 possit3
747 3265 851 3322 deinde
869 3263 971 3322 eadem
984 3263 1179 3339 probabilitas

98 3349 281 3410 mansfertnr
302 3350 340 3408 ad
362 3359 494 3408 nostram
516 3351 547 3408 in
569 3351 615 3408 his
638 3350 726 3408 rebus
748 3350 895 3408 actionem
917 3347 984 3427 (cfr.
998 3349 1179 3428 paulopost:

97 3449 139 3496 eat
160 3447 250 3495 ouum
271 3439 327 3494 nus
346 3439 451 3510 penore
472 3439 542 3494 actio
565 3455 670 3511 quoque
692 3433 855 3512 quaedem);
879 3435 978 3510 itaque
995 3446 1084 3494 notum
1107 3436 1178 3494 diei·

98 3535 158 3594 tur,
180 3523 374 3597 nonfurtum,
397 3533 427 3580 et
449 3522 476 3580 ei
498 3521 617 3580 additur
638 3521 826 3592 adverbium;
850 3531 880 3578 et
907 3530 970 3579 tota
997 3521 1071 3578 haec
1098 3539 1177 3598 pars,

98 3611 136 3667 de
160 3627 221 3683 quo
244 3607 341 3666 minus
362 3607 539 3684 interpretes
562 3608 743 3678 laborarunt,
778 3605 893 3666 confert
915 3607 1026 3681 aliquid
1049 3607 1086 3665 ad
1110 3625 1179 3667 eon·

98 3695 273 3754 elusionem.

185 3781 304 3854 offitium
323 3781 439 3837 modim
461 3781 593 3854 quiddam
615 3797 681 3848 esse,
704 3777 791 3856 quod)
818 3767 853 3834 τὸ
876 3774 1010 3851 καθῆκον
1034 3771 1109 3836 εἶναι
1131 3769 1178 3871 με’-

98 3883 154 3924 oor
175 3883 213 3922 τι.
241 3865 328 3922 Hane
350 3865 428 3922 enim
452 3865 628 3922 sententiam
651 3883 726 3936 esse,
750 3883 809 3921 non
830 3863 928 3922 illam:
953 3853 1028 3918 aluus
1045 3849 1179 3937 καθῆκόν

97 3969 128 4008 τι
150 3943 257 4025 μέσον
291 3969 358 4008 cum
386 3951 543 4009 verborum
571 3950 644 4008 ordo
672 3949 802 4008 ostendit
824 3948 964 4024 (debebat
986 3949 1063 4004 enim
1086 3948 1179 4004 altero

98 4035 188 4094 modo
212 4035 284 4093 dici:
306 4038 421 4094 andium
443 4037 581 4110 quoddam
603 4037 720 4110 officium
741 4033 826 4114 esse),
861 4043 924 4092 tum
957 4031 1178 4102 liuentissime,

98 4121 179 4198 quod
202 4123 285 4195 officii
304 4123 386 4180 aredii
411 4121 610 4200 appellatione
622 4122 697 4181 Ceto
716 4139 811 4196 neque
834 4139 905 4178 usus
928 4127 1062 4176 estante
1084 4135 1180 4194 neque

97 4207 129 4264 in
158 4215 223 4265 toto
251 4207 394 4265 hocloco
417 4208 518 4265 utitur.
568 4207 673 4282 Itaque
701 4209 814 4264 nardium
848 4207 980 4282 quiddam
1013 4204 1180 4263 necessario

97 4291 206 4369 scripsi
228 4292 274 4369 (id
295 4302 350 4364 est,
372 4313 426 4351 uem
450 4295 588 4368 querudum
612 4291 755 4372 orediaor);
789 4291 880 4350 ceteri
907 4308 1009 4348 omnes
1031 4293 1178 4366 quoddam.

97 4378 169 4436 viu
193 4377 232 4436 au
253 4380 279 4450 1,
306 4379 353 4436 re.
