2948 5024
329 392 392 454 720
699 411 743 456 ns
765 410 896 460 nmmos
919 413 990 458 sou.

328 582 457 663 copiam,
480 597 572 662 quem
594 579 690 658 potui
712 579 785 660 quie
806 579 958 645 dubitatio
985 581 1016 646 in
1040 581 1170 647 renullo
1192 593 1271 660 eret
1292 602 1390 664 perse

326 686 440 766 cutus),
462 683 518 747 sed
539 680 586 745 his
609 681 702 746 rebus
714 681 906 746 concluditur
928 683 1077 763 prolecto,
1100 694 1131 748 et
1143 684 1276 750 virtutes
1294 705 1390 750 onmes

326 796 358 851 et
378 787 541 850 honestum
562 783 647 858 illud,
670 785 753 864 quod
776 803 813 848 ex
835 785 872 848 iis
895 785 994 850 oritur
1015 787 1100 851 etin
1121 787 1180 851 illis
1204 788 1322 864 luceret
1343 807 1390 869 per

326 909 360 953 so
382 907 452 952 esse
473 886 685 967 expetendum.
730 887 780 952 65.
809 887 845 950 In
873 886 955 951 omni
977 894 1080 954 eutem
1102 889 1249 968 honesto,
1277 891 1390 971 dequo

379 1124 614 1177 ructuatioomc
649 1124 715 1174 nulla
733 1124 757 1172 in
775 1141 800 1174 re
814 1133 866 1174 mut
885 1127 907 1174 R
924 1125 991 1177 nulla
1008 1136 1061 1177 erat
1078 1127 1101 1176 ὺι
1120 1145 1145 1178 re
1163 1127 1185 1178 1.
1225 1133 1249 1177 ³.
1268 1146 1298 1178 ex
1316 1127 1389 1178 omi

324 1193 368 1243 lut
387 1194 408 1242 E
426 1194 462 1243 lis
480 1194 601 1243 urendos
620 1194 725 1244 exoritur
743 1193 876 1244 LPCROr.
946 1195 982 1244 lm
1000 1202 1057 1261 (pro
1075 1195 1133 1260 dtis)
1157 1197 1282 1248 tl’cssor
1346 1213 1388 1246 cert

322 1281 366 1328 per
382 1280 408 1312 se
427 1263 487 1325 tPJC
523 1269 537 1310 4
564 1262 627 1311 omni
642 1263 740 1313 enimll

324 1469 375 1548 Β],
398 1471 477 1546 quod
499 1471 567 1528 iude
589 1490 608 1528 e
630 1470 720 1542 Cret,
744 1471 887 1538 Victorio,
912 1472 1046 1530 Manutio
1069 1472 1180 1531 editum
1198 1485 1272 1530 erat.
1306 1473 1387 1532 Gzius

325 1577 341 1614 e
363 1557 424 1614 suis
446 1557 575 1632 quinque
598 1557 694 1634 (etqui
717 1567 834 1632 praeter
845 1557 905 1614 Erl.
919 1557 1046 1633 etSpir.,
1070 1577 1157 1634 quern
1169 1559 1277 1617 abhoc
1290 1559 1386 1616 discre-

325 1642 423 1718 puisse
445 1661 504 1700 non
525 1652 607 1718 puto,
631 1651 770 1717 quattuor
780 1643 907 1716 hebuit),
931 1643 1010 1702 Oxx.
1033 1639 1103 1719 ξχψ,
1126 1645 1256 1701 Vindob.
1270 1644 1386 1702 invertit,

324 1729 420 1785 Paulo
442 1737 509 1803 post
530 1731 606 1785 nullo
628 1731 654 1785 iu
676 1748 705 1784 re
727 1727 806 1787 Gud.
829 1733 854 1798 1,
878 1730 962 1800 Bes,
985 1729 1110 1786 Marsus.
1156 1729 1244 1788 Nulla
1266 1730 1386 1788 nomine·

324 1814 403 1872 tirus
426 1823 479 1870 est.

409 1901 483 1974 quod
504 1919 536 1956 eo
558 1901 592 1956 iis
613 1897 712 1977 endor)
746 1900 781 1956 In
811 1899 994 1956 excludenda
1022 1919 1094 1958 voce
1115 1901 1260 1959 uirtutibus
1282 1913 1385 1960 secutus

324 2005 387 2042 sum
410 1985 472 2042 Erl.
484 1993 514 2042 et
525 1984 603 2060 Spir.
615 1983 684 2062 [B];
708 1983 787 2043 Gud.
802 1987 819 2041 2
832 1985 941 2042 etPur.
957 1989 982 2054 1,
1007 1986 1031 2042 si
1044 1986 1167 2044 Davisio
1190 1987 1344 2058 credimus,
1362 1994 1384 2039 et

324 2089 387 2128 eam
411 2080 440 2128 et
451 2090 484 2127 eu·
495 2071 642 2128 omittunt
677 2071 708 2129 Si
721 2069 825 2130 Cicero
838 2090 943 2128 nomen
960 2071 1124 2146 repetisset,
1148 2091 1311 2148 pronomen
1328 2072 1384 2147 (liu)

323 2156 483 2225 omisisset,
507 2155 752 2229 quemadmodum
774 2155 847 2213 fucit
870 2158 924 2213 58:
946 2161 1056 2214 uirtutes
1077 2168 1102 2213 et
1123 2161 1240 2214 actiones
1257 2157 1384 2215 tortusue

322 2252 507 2316 conponentem
530 2241 723 2314 nequeenim
746 2241 823 2298 eliae
845 2243 922 2300 ullae
935 2253 1027 2300 erent.
1060 2239 1224 2322 [Obiicitur
1245 2245 1283 2300 ab
1300 2243 1384 2300 Almo

324 2329 409 2384 Verr.
416 2327 474 2396 ΠΙ,
483 2327 500 2382 7
505 2322 547 2405 6.]
569 2326 736 2384 Pronomen
748 2326 811 2384 sine
822 2338 942 2385 auctore
955 2329 1076 2396 mutavi,
1089 2329 1146 2386 nisi
1158 2313 1238 2403 quod
1250 2329 1279 2386 in
1292 2326 1382 2387 Gudt

303 2408 412 2492 {effi}
425 2412 531 2468 dicitur
547 2429 611 2470 esse
623 2413 688 2480 lde
701 2431 793 2487 preve
805 2432 925 2488 prorsus
937 2413 1146 2472 demonstratio
1159 2425 1231 2471 erat.
1245 2414 1330 2488 Quod
1340 2415 1381 2468 on'·

324 2509 368 2555 tur
379 2517 415 2554 ex
429 2497 489 2554 Erl.
502 2494 546 2578 [et
556 2499 582 2555 B
594 2507 623 2554 et
635 2497 698 2554 sine
709 2498 799 2556 dubio
812 2495 904 2578 Spin]
921 2500 1036 2574 scripsi,
1059 2509 1177 2574 praeter
1188 2501 1380 2558 auctoritatem

322 2583 466 2640 rationem
490 2591 606 2640 secutus
618 2602 698 2652 sum3
722 2603 789 2640 nem
802 2583 853 2640 ubi
865 2592 977 2641 tautum
990 2585 1073 2660 origo
1085 2595 1115 2642 et
1125 2583 1192 2642 fons
1204 2585 1379 2661 significetur.

323 2668 427 2727 Cicero
444 2669 519 2726 solet
540 2669 638 2726 dicere
660 2672 727 2726 oriri
736 2690 769 2726 eu
780 2670 828 2726 vel
839 2671 874 2726 ab
885 2672 979 2744 aliqua
1001 2690 1038 2738 re,
1057 2689 1115 2726 non
1127 2675 1236 2742 exoriri,
1259 2669 1332 2746 quod
1352 2668 1380 2722 de

322 2754 358 2812 iis
371 2755 498 2829 ponitur,
521 2773 596 2829 quae
608 2755 706 2812 subito
718 2764 769 2812 eut
780 2773 818 2812 ex
829 2755 954 2813 adverso
966 2765 1090 2832 surgunt
1107 2767 1136 2812 et
1152 2767 1294 2832 apparent
1305 2765 1380 2827 etque

323 2853 432 2896 essunt.
477 2842 583 2915 Itaque
606 2840 642 2896 de
660 2838 717 2898 Off.
729 2841 754 2906 Ι,
772 2841 808 2897 15
832 2841 917 2898 dicit:
940 2861 1022 2911 omne,
1046 2843 1121 2916 quod
1141 2852 1181 2898 est
1198 2844 1337 2899 lottestunu
1356 2837 1381 2894 id

323 2936 450 3000 quatuor
473 2929 596 3002 portoient
623 2929 709 2982 oritur·
737 2947 770 2983 er
786 2929 879 3000 aliquo
901 2924 968 3004 (cfr.
992 2927 1040 2984 hic
1064 2925 1127 3006 69).
1172 2927 1259 3000 Quod
1286 2921 1379 2984 Pered-

323 3013 361 3080 V,
375 3013 414 3068 40
437 3011 558 3069 dicitur:
581 3014 697 3069 elalius
719 3021 759 3068 est
780 3013 902 3068 dominus
924 3023 1032 3070 coortus
1059 3032 1092 3069 ee·
1114 3016 1274 3070 conscientia
1296 3027 1379 3086 pettu-

322 3107 417 3167 torum,
446 3101 537 3168 timor,
570 3097 752 3175 significatur
783 3097 918 3155 dominus
951 3117 1097 3174 exurgens
1133 3099 1199 3175 (dos
1228 3091 1379 3171 Aufinum).

322 3183 460 3240 adiuncto
487 3184 606 3242 notione
634 3183 756 3258 originis
783 3183 814 3239 in
842 3183 941 3240 verbis
974 3204 1007 3240 er
1033 3187 1191 3241 eoruocieutz'u
1215 3192 1380 3259 peccatorum.

321 3269 369 3326 Ne
390 3272 443 3326 illis
465 3269 583 3344 quidem
605 3287 642 3325 ex
665 3269 731 3325 eliis
754 3268 836 3324 codd.
859 3279 1018 3326 annotatur
1036 3268 1108 3348 [nisi
1131 3289 1169 3326 ex
1193 3268 1242 3347 B].

409 3355 457 3411 65.
481 3356 514 3410 In
536 3357 607 3410 omni
627 3365 715 3410 autern
737 3355 843 3411 honesto
865 3353 935 3430 cet.)
963 3355 1061 3411 Etiam
1085 3374 1141 3430 mg.
1166 3353 1247 3414 Crat.
1270 3353 1310 3432 [et
1328 3345 1378 3424 B]:

322 3441 355 3496 In
377 3443 449 3496 moni
468 3442 536 3496 enim
558 3449 613 3496 cet.
658 3439 741 3512 Quae
769 3439 817 3496 hic
845 3440 880 3497 de
909 3440 1039 3497 iustitiae
1067 3440 1144 3497 inter
1166 3441 1289 3498 virtutes
1308 3434 1379 3512 prin·

321 3525 421 3600 cipetu
443 3524 530 3582 etde
553 3525 615 3582 eius
638 3543 691 3600 per
714 3533 826 3582 ceteras
848 3526 972 3583 virtutes
994 3526 1079 3601 quusi
1101 3525 1218 3584 fusione
1236 3527 1264 3601 (ξ
1277 3523 1325 3600 66)
1340 3517 1378 3574 dl·

321 3618 437 3680 cuntur,
460 3611 538 3685 apud
560 3610 741 3667 Antiochum
764 3619 829 3668 ortu
851 3629 916 3668 esse
938 3611 1076 3668 videntur
1098 3612 1199 3680 exiis,
1223 3629 1294 3686 quee
1310 3601 1377 3680 apud

321 3695 513 3752 Aristotelem
535 3695 631 3753 Ethic.
643 3696 759 3754 Nicom.
772 3697 809 3767 V,
823 3697 841 3754 3
864 3693 978 3776 (Magn.
990 3697 1065 3754 Mor.
1083 3697 1109 3767 Ι,
1123 3697 1178 3772 34)
1202 3698 1376 3755 disseruntur,

320 3789 465 3856 quatenus
487 3782 581 3840 virtus
603 3781 634 3838 iu
655 3782 792 3839 convictu
814 3783 963 3839 hominum
986 3782 1045 3857 legi
1067 3781 1244 3852 satisfaciet,
1278 3791 1376 3839 omnem

320 3867 447 3940 quodem
460 3868 546 3926 modo
569 3868 623 3925 sub
635 3867 764 3925 iustitiae
787 3868 936 3925 notionem
949 3867 1062 3938 cedere,
1086 3877 1117 3924 ut
1140 3850 1331 3943 ἡόικαιοσῦη)
1346 3859 1376 3917 sil

321 3942 356 4006 οὐ
378 3946 469 4029 μέρος
481 3943 597 4035 ἀρετῆς,
621 3943 697 4008 ἀλλὰ
720 3941 773 4028 ὅλη
799 3939 896 4028 αἱρετή.
925 3952 984 4012 Sed
996 3953 1044 4010 hic
1066 3953 1103 4009 ed
1115 3972 1190 4023 eum,
1214 3943 1376 4027 queemugls

320 4038 439 4112 proprie
460 4037 760 4114 iustitiueppelletur‚
782 4038 1008 4096 transferuntur.
1041 4039 1241 4095 Accesserunt
1257 4037 1377 4094 enimco·

320 4121 397 4180 lores
419 4141 435 4179 e
459 4123 625 4184 Stoicorum
653 4123 771 4182 decreto
798 4125 834 4181 de
857 4124 986 4182 omnium
1013 4124 1155 4180 virtutum
1178 4120 1377 4199 conspiratione

320 4225 355 4264 ec
377 4226 535 4282 consensu,
569 4210 605 4268 de
633 4229 691 4284 quo
714 4209 865 4269 Ciceronis
886 4211 967 4267 locos
989 4209 1108 4286 collegit
1130 4209 1254 4266 Beierus
1275 4207 1309 4264 sd
1329 4197 1375 4262 Oli

320 4291 346 4359 Ι,
361 4295 398 4350 15
417 4315 444 4370 p.
463 4295 513 4366 36,
536 4297 663 4371 ascripto
686 4296 775 4353 etism
797 4297 885 4372 Diog.
903 4295 1001 4352 Luert.
1024 4295 1193 4352 testimonio
1220 4294 1304 4372 (vn,
1327 4285 1374 4346 115

321 4386 352 4435 et
376 4377 462 4462 126).
505 4383 583 4440 Num
605 4398 784 4455 quemquem
805 4381 983 4439 Aristoteles
1007 4377 1157 4460 (stow,
1174 4381 1221 4438 13.
1236 4375 1277 4460 6),
1299 4373 1343 4434 sed
1361 4388 1374 4424 t
