2998 5020
358 386 422 450 670
747 405 791 450 nn
813 405 944 452 marsus
966 405 1038 451 sou.

357 572 574 655 pellanturque
602 593 662 638 non
690 573 895 652 voluntariae,
917 574 1047 639 alterum
1069 593 1184 654 earum,
1206 593 1299 657 quae,
1324 579 1354 642 in
1375 593 1416 638 so

357 675 476 740 luntate
508 675 642 755 positae,
675 675 773 756 magis
807 677 934 757 proprio
967 677 1089 742 nomine
1127 677 1279 758 appellari
1323 679 1415 744 solent

257 819 258 822 =
358 795 489 858 quonum
512 782 560 842 est
576 777 726 842 excellens
745 778 776 842 iu
793 779 965 842 animorum
976 778 1067 844 laude
1078 781 1279 860 praestantia
1311 780 1416 846 Primis

357 880 480 960 generis
502 879 719 968 estldocilitas,
742 880 902 958 memoria;
926 880 1091 962 quaesere
1114 881 1217 946 omnia
1227 883 1415 963 appellarim

318 981 554 1063 snotingensi
576 983 712 1061 nornine,
738 1001 861 1064 easque
887 975 1094 1064 virtutes'qui
1116 983 1244 1062 habent,
1275 982 1415 1065 ingeniosi

356 1091 514 1148 vocantur.
550 1083 687 1148 Alterum
710 1091 813 1150 autem
834 1104 931 1166 genus
954 1091 1002 1150 est
1022 1104 1203 1166 magnarum
1220 1103 1414 1166 verarumque

356 1185 512 1264 virtutum,
535 1205 612 1267 quas
635 1187 827 1268 appellamus
850 1187 1049 1267 voluntarias,
1072 1195 1106 1252 ut
1117 1189 1326 1268 pmdentiam,
1349 1198 1413 1252 tem-

356 1288 537 1367 perantiam,
560 1287 779 1367 fortitudinem,
796 1289 945 1353 iustitiam
957 1290 1133 1371 etreliquas
1144 1291 1266 1370 generis
1277 1291 1413 1354 eiusdem

440 1391 490 1454 37.
508 1391 548 1454 Et
559 1391 733 1455 summatim
745 1391 868 1472 quidem
890 1391 966 1456 haec
988 1399 1076 1455 erant
1098 1392 1137 1456 dc
1159 1410 1288 1472 corpore
1306 1393 1413 1455 anino-

298 1496 339 1560 10
356 1509 416 1573 que
432 1492 571 1572 dicenda,
593 1493 703 1574 quibus
720 1493 810 1574 quasi
820 1492 1017 1558 informatum
1039 1499 1096 1571 est,
1120 1494 1193 1574 quid
1215 1493 1346 1558 hominis
1367 1512 1412 1556 na-

355 1594 588 1674 turapostulet3
612 1613 650 1659 ex
672 1613 733 1676 quo
756 1596 954 1676 perspicuum
977 1603 1033 1672 est,
1056 1596 1200 1676 quoniam
1222 1595 1282 1677 ipsi
1304 1595 1411 1660 anobis

356 1695 528 1776 diligamur,
551 1697 712 1778 omniaque
734 1697 816 1774 etin
839 1697 941 1762 animo
964 1704 995 1762 et
1015 1697 1046 1762 in
1070 1696 1346 1778 corporeperlecte
1368 1716 1411 1758 ro·

427 1905 446 1951 l.
465 1900 527 1950 Post
543 1901 641 1950 abarum
660 1903 716 1950 add.
736 1911 813 1951 aedera
838 1901 923 1969 [Eh]l’
958 1907 982 1954 ³.
1001 1902 1115 1950 maiorum
1133 1912 1186 1966 tpro
1205 1901 1228 1949 in
1246 1900 1410 1962 aabnorumlE

355 1969 378 2016 in
397 1968 569 2020 aniarnmmC
595 1977 634 2028 ,4.
650 1971 845 2033 memoriaqueL
890 1975 914 2024 6.
933 1979 1009 2020 antem
1027 1970 1116 2020 om.L
1161 1973 1183 2018 7.
1202 1968 1410 2035 quoappellamE

355 2045 377 2086 et
394 2039 451 2102 (pro
468 2041 503 2101 ut)
523 2039 591 2088 ELR
652 2045 674 2086 ⁸.
694 2038 794 2088 eiusdem
810 2039 903 2104 penaria
921 2039 1054 2089 LPCROr.
1131 2044 1166 2090 lo.
1187 2039 1251 2102 quod
1267 2054 1352 2096 omnes,
1373 2037 1409 2085 Or.

358 2109 396 2155 11.
413 2106 519 2169 postulat
537 2109 559 2156 R
603 2112 642 2160 12.
660 2116 757 2156 stante
775 2108 798 2155 in
816 2109 895 2157 aalma
913 2124 963 2161 om.
983 2107 1003 2155 L
1022 2109 1045 2156 in
1063 2109 1102 2157 bis
1119 2123 1168 2156 om.
1190 2109 1217 2166 u,
1236 2108 1349 2173 posterius
1368 2105 1389 2153 L

354 2323 458 2389 genter
480 2316 644 2389 expositam
668 2316 712 2391 (et
733 2325 834 2374 notum
856 2325 910 2386 est,
933 2315 1126 2373 Aristotelem
1143 2315 1173 2372 in
1185 2316 1232 2373 his
1245 2314 1409 2390 quaestioni·

354 2399 409 2455 bus
432 2399 535 2457 ethicis
557 2420 615 2457 non
638 2420 780 2458 summam
803 2401 994 2458 subtilitatem
1017 2411 1149 2458 secutum
1171 2397 1250 2480 esse)
1271 2403 1308 2470 is,
1329 2417 1407 2472 quem

354 2484 459 2541 Cicero
481 2485 583 2542 ducem
607 2486 703 2556 habet,
728 2487 770 2543 sic
792 2487 936 2562 expolivit
958 2497 988 2544 et
1010 2486 1143 2556 mumvit,
1166 2497 1199 2544 ut
1221 2487 1250 2543 in
1262 2487 1350 2563 priore
1359 2503 1406 2558 gs-

352 2588 422 2626 nere
445 2571 508 2628 sola
529 2571 639 2648 ingenii
661 2573 738 2629 bona
759 2592 777 2628 a
799 2570 1146 2649 naturadata(naturam)
1169 2583 1290 2647 poneret
1307 2569 1406 2627 etalte-

353 2675 416 2711 rum
438 2675 530 2732 genus
553 2676 672 2732 prorsus
695 2659 838 2714 rationale
860 2656 972 2714 faceret
993 2656 1059 2735 (cir.
1080 2659 1162 2727 §38:
1180 2669 1323 2733 propterea
1342 2655 1405 2729 quoi

351 2760 385 2796 ec
411 2745 512 2798 mnatre
536 2743 704 2821 piprsrtntur).
753 2743 898 2800 Haeserat
926 2743 974 2800 hio
1002 2743 1177 2812 Lambinus,
1212 2744 1259 2802 cui
1281 2739 1404 2800 Davisius

352 2844 410 2883 non
433 2827 504 2884 satis
525 2828 685 2902 respondit.

436 2915 547 2969 alterwn
570 2913 675 2987 carata)
698 2914 774 2970 Dav.
799 2933 813 2970 e
836 2914 905 2970 Per.
921 2916 934 2968 1
950 2911 1003 2990 (Ρ)
1027 2924 1056 2969 et
1079 2913 1123 2969 El.
1137 2913 1402 2989 interposuilmdea.

352 2995 454 3068 Gaius,
478 2999 533 3054 etsi
545 2998 701 3074 improbet,
725 2999 835 3070 scribit,
861 3017 896 3067 „e
908 2998 968 3056 suis
980 2999 1092 3056 nescire
1104 3010 1192 3055 craten
1203 3000 1272 3056 Bas.
1290 3009 1317 3055 et
1326 2997 1402 3054 Man..

351 3081 429 3142 Oxx.
442 3083 468 3139 E
480 3091 509 3140 et
521 3079 571 3154 ξ“;
594 3093 679 3159 putes
690 3093 803 3141 ceteros
815 3085 936 3153 habere:
959 3084 1011 3141 sed
1022 3085 1051 3142 in
1064 3084 1090 3140 E
1101 3093 1131 3140 et
1142 3079 1166 3155 ξ,
1179 3093 1213 3141 ut
1230 3086 1262 3142 in
1273 3080 1400 3142 nostroL

350 3185 408 3225 non
420 3168 467 3224 hic
479 3169 574 3226 omitti
586 3179 705 3226 notatur
715 3179 812 3240 auten,
836 3170 886 3226 sed
903 3169 981 3226 infra
996 3170 1130 3246 (Altonum
1142 3180 1231 3228 auten
1245 3191 1326 3244 persus
1336 3162 1400 3240 cell

350 3250 500 3334 [Baiterus
512 3273 549 3311 ex
561 3255 622 3312 Erl.
639 3266 727 3312 autem
738 3255 859 3313 addidit.
889 3256 925 3312 In
942 3257 968 3312 B
985 3255 1076 3312 verba
1096 3257 1211 3312 abarum
1228 3291 1270 3300 -
1287 3257 1401 3312 solariata

350 3338 548 3416 omittuntur.]
576 3341 718 3398 Proxima
731 3340 822 3397 verba
833 3341 875 3398 sic
885 3340 1017 3417 intellegi
1038 3359 1126 3415 posse
1138 3350 1225 3415 puto:
1248 3341 1401 3417 magispro·

349 3425 445 3500 prium
457 3425 567 3482 habent
578 3425 608 3482 id
620 3445 734 3497 nomen,
754 3427 831 3499 quod
845 3426 955 3483 habent
966 3424 1112 3504 (armies),
1135 3435 1169 3482 ut
1179 3445 1298 3484 necesse
1309 3443 1361 3482 non
1372 3421 1401 3476 sit

350 3527 416 3567 cum
444 3509 568 3567 Davisio
598 3511 685 3568 scribi
714 3511 805 3568 velle:
843 3515 930 3584 mapa
952 3516 1065 3587 proprie
1091 3531 1120 3568 eo
1147 3516 1250 3570 nomine
1276 3521 1324 3568 aut
1347 3525 1400 3565 curo

350 3593 520 3652 Schuetzio:
543 3600 627 3668 inopis
646 3600 758 3672 proprio
780 3599 880 3653 nomiae
902 3600 1025 3666 aetutem
1053 3597 1154 3654 durius
1176 3607 1275 3654 tamen
1297 3596 1400 3654 dicitur:

348 3680 436 3737 aliter
461 3681 539 3737 enim
568 3682 609 3752 Π,
636 3683 653 3738 7
682 3682 712 3738 in
740 3683 838 3740 verbis
864 3702 924 3739 cons
950 3685 1132 3758 appellaretur
1158 3683 1278 3740 auditur
1302 3682 1400 3756 sapias.

349 3763 479 3843 [Generis
501 3767 617 3824 ciuem
639 3768 726 3824 etium
750 3769 790 3836 B;
814 3768 878 3824 edd.
902 3763 1042 3847 inverse]

435 3852 484 3909 37.
506 3855 575 3926 quid
595 3855 706 3910 homenis
728 3864 827 3910 natura
843 3853 974 3929 postulet)
1001 3853 1074 3922 Qru'd
1094 3872 1149 3928 pro
1165 3856 1241 3928 quod
1260 3863 1326 3930 post
1334 3850 1399 3908 Man.

349 3937 437 3994 scribi
449 3937 584 3994 Bremius
607 3939 705 4008 iussit;
728 3939 841 4015 flagitat
857 3948 888 3995 et
902 3940 986 3996 verbi
1003 3939 1105 3996 modus
1123 3949 1152 3995 et
1168 3939 1325 4008 sententia,
1345 3951 1398 3991 nam

348 4023 515 4095 quaerendo
537 4024 742 4081 adumbratum
764 4043 828 4082 esse
851 4025 966 4093 dicitur,
989 4025 1059 4099 qnid
1082 4026 1128 4082 sit
1171 4025 1242 4082 vid.
1264 4025 1301 4080 ad
1321 4023 1343 4090 I,
1362 4019 1399 4076 18.

274 4171 279 4192 .
433 4119 457 4164 et
484 4111 511 4164 in
537 4113 625 4165 altimo
657 4121 682 4166 et
710 4113 737 4165 iu
764 4111 884 4184 corpore)
928 4111 1113 4186 Praepositio
1145 4121 1271 4184 utraque
1307 4103 1400 4164 excidit

348 4191 437 4249 etiam
459 4194 489 4250 in
513 4193 589 4269 Spir.
603 4193 668 4272 [B]
701 4195 802 4271 Longe
824 4196 905 4252 eliud
927 4203 980 4265 est,
1004 4193 1298 4277 omnia(0mnesres)
1318 4191 1400 4250 anino

348 4287 378 4334 et
399 4295 521 4354 corpore
543 4279 675 4355 perfecta
696 4299 768 4338 esse.
813 4282 884 4338 Mox
908 4280 1001 4339 Gzius
1024 4290 1053 4338 et
1074 4281 1253 4339 recentiores
1280 4301 1296 4336 e
1321 4277 1400 4336 tribus

348 4363 498 4420 codicibus
519 4375 544 4420 et
565 4369 592 4421 in
614 4368 670 4437 lu's3
704 4375 734 4423 et
755 4375 851 4423 temen
868 4367 1018 4441 praecedit
1044 4387 1084 4424 eo.
1117 4368 1165 4425 Ex
1181 4364 1344 4425 huiusmodi
1353 4359 1400 4418 sal·
