<?xml version="1.0" encoding="UTF-8"?>
<!DOCTYPE html PUBLIC "-//W3C//DTD XHTML 1.0 Transitional//EN"
    "http://www.w3.org/TR/xhtml1/DTD/xhtml1-transitional.dtd">
<html xmlns="http://www.w3.org/1999/xhtml" xml:lang="en" lang="en">
 <head>
  <title>
</title>
<meta http-equiv="Content-Type" content="text/html;charset=utf-8" />
  <meta name='ocr-system' content='tesseract 3.04.00' />
  <meta name='ocr-capabilities' content='ocr_page ocr_carea ocr_par ocr_line ocrx_word'/>
</head>
<body>
  <div class='ocr_page' id='page_1' title='image "./definibusbonoru04cicegoog_0658.png"; bbox 0 0 3000 5044; ppageno 0'>
   <div class='ocr_carea' id='block_1_1' title="bbox 357 381 1044 448">
    <p class='ocr_par' dir='ltr' id='par_1_1' title="bbox 357 381 1044 448">
     <span class='ocr_line' id='line_1_1' title="bbox 357 381 1044 448; baseline -0.003 0"><span class='ocrx_word' id='word_1_1' title='bbox 357 381 420 448; x_wconf 81' lang='lat'><strong>582</strong></span> <span class='ocrx_word' id='word_1_2' title='bbox 750 401 796 446; x_wconf 88' lang='lat' dir='ltr'><strong>nu</strong></span> <span class='ocrx_word' id='word_1_3' title='bbox 818 399 949 448; x_wconf 74' lang='lat' dir='ltr'><strong>eminus</strong></span> <span class='ocrx_word' id='word_1_4' title='bbox 971 400 1044 448; x_wconf 81' lang='lat' dir='ltr'><strong>eon.</strong></span> 
     </span>
    </p>
   </div>
   <div class='ocr_carea' id='block_1_2' title="bbox 358 567 1417 650">
    <p class='ocr_par' dir='ltr' id='par_1_2' title="bbox 358 567 1417 650">
     <span class='ocr_line' id='line_1_2' title="bbox 358 567 1417 650; baseline -0.002 -16"><span class='ocrx_word' id='word_1_5' title='bbox 358 569 512 648; x_wconf 85' lang='lat' dir='ltr'><strong>Quarum,</strong></span> <span class='ocrx_word' id='word_1_6' title='bbox 541 567 656 650; x_wconf 88' lang='lat' dir='ltr'><strong>inquit,</strong></span> <span class='ocrx_word' id='word_1_7' title='bbox 689 569 804 634; x_wconf 90' lang='lat' dir='ltr'><strong>artium</strong></span> <span class='ocrx_word' id='word_1_8' title='bbox 826 587 964 636; x_wconf 88' lang='lat' dir='ltr'><strong>summae</strong></span> <span class='ocrx_word' id='word_1_9' title='bbox 985 586 1126 635; x_wconf 87' lang='lat' dir='ltr'><strong>creseere</strong></span> <span class='ocrx_word' id='word_1_10' title='bbox 1148 575 1296 650; x_wconf 76' lang='lat' dir='ltr'>possunt,</span> <span class='ocrx_word' id='word_1_11' title='bbox 1330 581 1417 632; x_wconf 83' lang='lat' dir='ltr'><strong>sunm</strong></span> 
     </span>
    </p>
   </div>
   <div class='ocr_carea' id='block_1_3' title="bbox 429 755 1230 822">
    <p class='ocr_par' dir='ltr' id='par_1_3' title="bbox 429 755 1230 822">
     <span class='ocr_line' id='line_1_3' title="bbox 429 755 1230 822; baseline 0 -16"><span class='ocrx_word' id='word_1_12' title='bbox 429 761 453 811; x_wconf 91' lang='lat'><strong>1.</strong></span> <span class='ocrx_word' id='word_1_13' title='bbox 470 773 561 806; x_wconf 77' lang='lat' dir='ltr'><strong>summo</strong></span> <span class='ocrx_word' id='word_1_14' title='bbox 578 773 682 807; x_wconf 77' lang='lat' dir='ltr'><strong>crescm</strong></span> <span class='ocrx_word' id='word_1_15' title='bbox 696 765 774 822; x_wconf 81' lang='lat' dir='ltr'><strong>potest</strong></span> <span class='ocrx_word' id='word_1_16' title='bbox 792 755 925 808; x_wconf 86' lang='lat' dir='ltr'><strong>LPCilOr.</strong></span> <span class='ocrx_word' id='word_1_17' title='bbox 945 761 1048 818; x_wconf 75' lang='lat' dir='ltr'><strong>(summo</strong></span> <span class='ocrx_word' id='word_1_18' title='bbox 1064 773 1182 808; x_wconf 68' lang='lat' dir='ltr'><strong>umescere</strong></span> <span class='ocrx_word' id='word_1_19' title='bbox 1200 755 1230 818; x_wconf 75' lang='lat' dir='ltr'><strong>Et</strong></span> 
     </span>
    </p>
   </div>
   <div class='ocr_carea' id='block_1_4' title="bbox 357 943 1418 1197">
    <p class='ocr_par' dir='ltr' id='par_1_4' title="bbox 357 943 1418 1197">
     <span class='ocr_line' id='line_1_4' title="bbox 358 943 1418 1024; baseline -0.005 -19"><span class='ocrx_word' id='word_1_20' title='bbox 358 947 422 1006; x_wconf 91' lang='lat' dir='ltr'><strong>cod.</strong></span> <span class='ocrx_word' id='word_1_21' title='bbox 434 945 521 1021; x_wconf 84' lang='lat' dir='ltr'><strong>CCC,</strong></span> <span class='ocrx_word' id='word_1_22' title='bbox 538 966 614 1023; x_wconf 87' lang='lat' dir='ltr'><strong>quae</strong></span> <span class='ocrx_word' id='word_1_23' title='bbox 625 947 787 1006; x_wconf 85' lang='lat' dir='ltr'><strong>auctoritas</strong></span> <span class='ocrx_word' id='word_1_24' title='bbox 798 957 828 1005; x_wconf 92' lang='lat' dir='ltr'><strong>et</strong></span> <span class='ocrx_word' id='word_1_25' title='bbox 838 947 952 1006; x_wconf 88' lang='lat' dir='ltr'><strong>incerta</strong></span> <span class='ocrx_word' id='word_1_26' title='bbox 973 959 1019 1005; x_wconf 86' lang='lat' dir='ltr'><strong>est</strong></span> <span class='ocrx_word' id='word_1_27' title='bbox 1040 957 1070 1004; x_wconf 90' lang='lat' dir='ltr'><strong>et</strong></span> <span class='ocrx_word' id='word_1_28' title='bbox 1086 947 1217 1024; x_wconf 90' lang='lat' dir='ltr'><strong>pondere</strong></span> <span class='ocrx_word' id='word_1_29' title='bbox 1230 946 1321 1016; x_wconf 87' lang='lat' dir='ltr'><strong>nulla,</strong></span> <span class='ocrx_word' id='word_1_30' title='bbox 1343 943 1418 1017; x_wconf 87' lang='lat' dir='ltr'><strong>scrip</strong></span> 
     </span>
     <span class='ocr_line' id='line_1_5' title="bbox 357 1026 1418 1110; baseline -0.008 -19"><span class='ocrx_word' id='word_1_31' title='bbox 357 1041 459 1091; x_wconf 83' lang='lat' dir='ltr'><strong>serunt</strong></span> <span class='ocrx_word' id='word_1_32' title='bbox 480 1036 608 1104; x_wconf 71' lang='lat' dir='ltr'><strong>ottonum,</strong></span> <span class='ocrx_word' id='word_1_33' title='bbox 631 1033 827 1109; x_wconf 83' lang='lat' dir='ltr'><strong>probavitque</strong></span> <span class='ocrx_word' id='word_1_34' title='bbox 844 1033 1074 1110; x_wconf 87' lang='lat' dir='ltr'><strong>Wesenbergius</strong></span> <span class='ocrx_word' id='word_1_35' title='bbox 1096 1033 1127 1090; x_wconf 91' lang='lat' dir='ltr'><strong>iu</strong></span> <span class='ocrx_word' id='word_1_36' title='bbox 1149 1032 1274 1092; x_wconf 82' lang='lat' dir='ltr'><strong>Obserr.</strong></span> <span class='ocrx_word' id='word_1_37' title='bbox 1297 1031 1371 1088; x_wconf 86' lang='lat' dir='ltr'><strong>critt.</strong></span> <span class='ocrx_word' id='word_1_38' title='bbox 1390 1026 1418 1082; x_wconf 87' lang='lat' dir='ltr'><strong>ed</strong></span> 
     </span>
     <span class='ocr_line' id='line_1_6' title="bbox 358 1115 1417 1197; baseline -0.008 -21"><span class='ocrx_word' id='word_1_39' title='bbox 358 1127 432 1176; x_wconf 85' lang='lat' dir='ltr'><strong>orat.</strong></span> <span class='ocrx_word' id='word_1_40' title='bbox 444 1137 499 1195; x_wconf 91' lang='lat' dir='ltr'><strong>pro</strong></span> <span class='ocrx_word' id='word_1_41' title='bbox 510 1117 591 1178; x_wconf 85' lang='lat' dir='ltr'><strong>Cael.</strong></span> <span class='ocrx_word' id='word_1_42' title='bbox 603 1137 632 1194; x_wconf 91' lang='lat' dir='ltr'><strong>p.</strong></span> <span class='ocrx_word' id='word_1_43' title='bbox 646 1119 695 1175; x_wconf 80' lang='lat'><strong>21.</strong></span> <span class='ocrx_word' id='word_1_44' title='bbox 719 1117 845 1177; x_wconf 73' lang='lat' dir='ltr'><strong>Cor-rexi</strong></span> <span class='ocrx_word' id='word_1_45' title='bbox 858 1137 913 1196; x_wconf 87' lang='lat' dir='ltr'><strong>ego</strong></span> <span class='ocrx_word' id='word_1_46' title='bbox 927 1137 1044 1194; x_wconf 89' lang='lat' dir='ltr'><strong>quoque</strong></span> <span class='ocrx_word' id='word_1_47' title='bbox 1056 1115 1163 1197; x_wconf 91' lang='lat' dir='ltr'><strong>[nunc]</strong></span> <span class='ocrx_word' id='word_1_48' title='bbox 1181 1127 1249 1194; x_wconf 87' lang='lat' dir='ltr'><strong>post</strong></span> <span class='ocrx_word' id='word_1_49' title='bbox 1260 1115 1417 1175; x_wconf 89' lang='lat' dir='ltr'><strong>Lambinun</strong></span> 
     </span>
    </p>
   </div>
   <div class='ocr_carea' id='block_1_5' title="bbox 355 1202 1418 3419">
    <p class='ocr_par' dir='ltr' id='par_1_5' title="bbox 355 1202 1418 2908">
     <span class='ocr_line' id='line_1_7' title="bbox 358 1202 1418 1281; baseline -0.007 -19"><span class='ocrx_word' id='word_1_50' title='bbox 358 1203 506 1279; x_wconf 78' lang='lat' dir='ltr'><strong>mendum,</strong></span> <span class='ocrx_word' id='word_1_51' title='bbox 529 1205 585 1262; x_wconf 86' lang='lat' dir='ltr'><strong>etsi</strong></span> <span class='ocrx_word' id='word_1_52' title='bbox 603 1203 652 1261; x_wconf 90' lang='lat' dir='ltr'><strong>hic</strong></span> <span class='ocrx_word' id='word_1_53' title='bbox 663 1204 745 1262; x_wconf 87' lang='lat' dir='ltr'><strong>locus</strong></span> <span class='ocrx_word' id='word_1_54' title='bbox 757 1223 816 1262; x_wconf 86' lang='lat' dir='ltr'><strong>uon</strong></span> <span class='ocrx_word' id='word_1_55' title='bbox 828 1203 949 1281; x_wconf 80' lang='lat' dir='ltr'><strong>patitur,</strong></span> <span class='ocrx_word' id='word_1_56' title='bbox 972 1214 1005 1262; x_wconf 93' lang='lat' dir='ltr'><strong>ut</strong></span> <span class='ocrx_word' id='word_1_57' title='bbox 1017 1223 1077 1276; x_wconf 84' lang='lat' dir='ltr'><strong>eos,</strong></span> <span class='ocrx_word' id='word_1_58' title='bbox 1100 1203 1151 1279; x_wconf 93' lang='lat' dir='ltr'><strong>qui</strong></span> <span class='ocrx_word' id='word_1_59' title='bbox 1163 1202 1334 1263; x_wconf 83' lang='lat' dir='ltr'><strong>Ciceronem</strong></span> <span class='ocrx_word' id='word_1_60' title='bbox 1345 1210 1372 1258; x_wconf 87' lang='lat' dir='ltr'><strong>et</strong></span> <span class='ocrx_word' id='word_1_61' title='bbox 1382 1217 1418 1255; x_wconf 88' lang='lat' dir='ltr'><strong>ce·</strong></span> 
     </span>
     <span class='ocr_line' id='line_1_8' title="bbox 357 1288 1418 1366; baseline -0.003 -19"><span class='ocrx_word' id='word_1_62' title='bbox 357 1299 436 1348; x_wconf 79' lang='lat' dir='ltr'><strong>tenos</strong></span> <span class='ocrx_word' id='word_1_63' title='bbox 455 1307 559 1364; x_wconf 85' lang='lat' dir='ltr'>prosae</span> <span class='ocrx_word' id='word_1_64' title='bbox 575 1289 718 1348; x_wconf 86' lang='lat' dir='ltr'><strong>orationis</strong></span> <span class='ocrx_word' id='word_1_65' title='bbox 730 1289 889 1366; x_wconf 78' lang='lat' dir='ltr'><strong>scriptores</strong></span> <span class='ocrx_word' id='word_1_66' title='bbox 901 1289 1061 1347; x_wconf 88' lang='lat' dir='ltr'><strong>indicativo</strong></span> <span class='ocrx_word' id='word_1_67' title='bbox 1079 1289 1110 1347; x_wconf 93' lang='lat' dir='ltr'><strong>in</strong></span> <span class='ocrx_word' id='word_1_68' title='bbox 1121 1288 1349 1366; x_wconf 75' lang='lat' dir='ltr'><strong>interrogatione</strong></span> <span class='ocrx_word' id='word_1_69' title='bbox 1360 1302 1418 1361; x_wconf 83' lang='lat' dir='ltr'><strong>pen·</strong></span> 
     </span>
     <span class='ocr_line' id='line_1_9' title="bbox 358 1373 1417 1452; baseline -0.006 -20"><span class='ocrx_word' id='word_1_70' title='bbox 358 1375 439 1432; x_wconf 89' lang='lat' dir='ltr'><strong>denti</strong></span> <span class='ocrx_word' id='word_1_71' title='bbox 456 1375 603 1433; x_wconf 87' lang='lat' dir='ltr'><strong>interdum</strong></span> <span class='ocrx_word' id='word_1_72' title='bbox 625 1393 694 1432; x_wconf 87' lang='lat' dir='ltr'><strong>usos</strong></span> <span class='ocrx_word' id='word_1_73' title='bbox 716 1385 830 1452; x_wconf 83' lang='lat' dir='ltr'><strong>putant,</strong></span> <span class='ocrx_word' id='word_1_74' title='bbox 854 1373 998 1448; x_wconf 76' lang='lat' dir='ltr'><strong>refellam,</strong></span> <span class='ocrx_word' id='word_1_75' title='bbox 1021 1376 1082 1449; x_wconf 81' lang='lat' dir='ltr'><strong>qui,</strong></span> <span class='ocrx_word' id='word_1_76' title='bbox 1104 1383 1138 1432; x_wconf 93' lang='lat' dir='ltr'><strong>ut</strong></span> <span class='ocrx_word' id='word_1_77' title='bbox 1159 1373 1318 1434; x_wconf 82' lang='lat' dir='ltr'><strong>Goerenzii</strong></span> <span class='ocrx_word' id='word_1_78' title='bbox 1339 1387 1417 1446; x_wconf 68' lang='lat' dir='ltr'><strong>nugas</strong></span> 
     </span>
     <span class='ocr_line' id='line_1_10' title="bbox 358 1458 1417 1531; baseline -0.007 -13"><span class='ocrx_word' id='word_1_79' title='bbox 358 1471 387 1518; x_wconf 90' lang='lat' dir='ltr'><strong>et</strong></span> <span class='ocrx_word' id='word_1_80' title='bbox 409 1461 511 1518; x_wconf 86' lang='lat' dir='ltr'><strong>turbas</strong></span> <span class='ocrx_word' id='word_1_81' title='bbox 533 1460 682 1530; x_wconf 78' lang='lat' dir='ltr'><strong>omittam,</strong></span> <span class='ocrx_word' id='word_1_82' title='bbox 716 1460 747 1518; x_wconf 91' lang='lat' dir='ltr'><strong>iu</strong></span> <span class='ocrx_word' id='word_1_83' title='bbox 769 1479 805 1518; x_wconf 89' lang='lat' dir='ltr'><strong>so</strong></span> <span class='ocrx_word' id='word_1_84' title='bbox 827 1479 928 1518; x_wconf 87' lang='lat' dir='ltr'><strong>omnes</strong></span> <span class='ocrx_word' id='word_1_85' title='bbox 951 1469 1020 1518; x_wconf 87' lang='lat' dir='ltr'><strong>sunt</strong></span> <span class='ocrx_word' id='word_1_86' title='bbox 1042 1460 1125 1531; x_wconf 88' lang='lat' dir='ltr'><strong>vitio,</strong></span> <span class='ocrx_word' id='word_1_87' title='bbox 1148 1469 1190 1527; x_wconf 73' lang='lat' dir='ltr'><strong>ut,</strong></span> <span class='ocrx_word' id='word_1_88' title='bbox 1213 1477 1279 1517; x_wconf 90' lang='lat' dir='ltr'><strong>cum</strong></span> <span class='ocrx_word' id='word_1_89' title='bbox 1295 1458 1417 1516; x_wconf 90' lang='lat' dir='ltr'><strong>coniunc-</strong></span> 
     </span>
     <span class='ocr_line' id='line_1_11' title="bbox 357 1539 1417 1622; baseline -0.008 -19"><span class='ocrx_word' id='word_1_90' title='bbox 357 1545 437 1603; x_wconf 81' lang='lat' dir='ltr'><strong>tivus</strong></span> <span class='ocrx_word' id='word_1_91' title='bbox 459 1546 662 1604; x_wconf 83' lang='lat' dir='ltr'><strong>tantummodo</strong></span> <span class='ocrx_word' id='word_1_92' title='bbox 683 1546 722 1603; x_wconf 88' lang='lat' dir='ltr'><strong>ad</strong></span> <span class='ocrx_word' id='word_1_93' title='bbox 744 1545 956 1604; x_wconf 84' lang='lat' dir='ltr'><strong>sententiarum</strong></span> <span class='ocrx_word' id='word_1_94' title='bbox 978 1563 1087 1604; x_wconf 86' lang='lat' dir='ltr'><strong>nexum</strong></span> <span class='ocrx_word' id='word_1_95' title='bbox 1105 1545 1326 1622; x_wconf 79' lang='lat' dir='ltr'><strong>significandum</strong></span> <span class='ocrx_word' id='word_1_96' title='bbox 1347 1552 1373 1599; x_wconf 85' lang='lat' dir='ltr'><strong>et</strong></span> <span class='ocrx_word' id='word_1_97' title='bbox 1387 1539 1417 1596; x_wconf 84' lang='lat' dir='ltr'><strong>sd</strong></span> 
     </span>
     <span class='ocr_line' id='line_1_12' title="bbox 357 1629 1417 1708; baseline -0.006 -20"><span class='ocrx_word' id='word_1_98' title='bbox 357 1631 526 1689; x_wconf 84' lang='lat' dir='ltr'><strong>universam</strong></span> <span class='ocrx_word' id='word_1_99' title='bbox 547 1631 788 1708; x_wconf 81' lang='lat' dir='ltr'><strong>interrogationis</strong></span> <span class='ocrx_word' id='word_1_100' title='bbox 810 1631 965 1708; x_wconf 86' lang='lat' dir='ltr'><strong>pendentis</strong></span> <span class='ocrx_word' id='word_1_101' title='bbox 986 1629 1112 1688; x_wconf 85' lang='lat' dir='ltr'><strong>formam</strong></span> <span class='ocrx_word' id='word_1_102' title='bbox 1133 1631 1288 1706; x_wconf 85' lang='lat' dir='ltr'><strong>pertineat,</strong></span> <span class='ocrx_word' id='word_1_103' title='bbox 1310 1645 1417 1686; x_wconf 81' lang='lat' dir='ltr'><strong>excusa·</strong></span> 
     </span>
     <span class='ocr_line' id='line_1_13' title="bbox 359 1713 1416 1794; baseline -0.008 -20"><span class='ocrx_word' id='word_1_104' title='bbox 359 1717 468 1774; x_wconf 89' lang='lat' dir='ltr'><strong>tionem</strong></span> <span class='ocrx_word' id='word_1_105' title='bbox 491 1725 590 1774; x_wconf 85' lang='lat' dir='ltr'><strong>tamen</strong></span> <span class='ocrx_word' id='word_1_106' title='bbox 611 1717 764 1775; x_wconf 78' lang='lat' dir='ltr'><strong>indicativi</strong></span> <span class='ocrx_word' id='word_1_107' title='bbox 792 1734 831 1776; x_wconf 85' lang='lat' dir='ltr'><strong>ex</strong></span> <span class='ocrx_word' id='word_1_108' title='bbox 859 1717 902 1774; x_wconf 92' lang='lat' dir='ltr'><strong>rei</strong></span> <span class='ocrx_word' id='word_1_109' title='bbox 923 1717 1123 1794; x_wconf 81' lang='lat' dir='ltr'><strong>interrogatae</strong></span> <span class='ocrx_word' id='word_1_110' title='bbox 1139 1717 1318 1792; x_wconf 81' lang='lat' dir='ltr'><strong>proprietate</strong></span> <span class='ocrx_word' id='word_1_111' title='bbox 1331 1713 1416 1786; x_wconf 82' lang='lat' dir='ltr'><strong>aliquo</strong></span> 
     </span>
     <span class='ocr_line' id='line_1_14' title="bbox 357 1795 1416 1880; baseline -0.006 -20"><span class='ocrx_word' id='word_1_112' title='bbox 357 1811 459 1880; x_wconf 87' lang='lat' dir='ltr'><strong>petere</strong></span> <span class='ocrx_word' id='word_1_113' title='bbox 481 1811 633 1874; x_wconf 86' lang='lat' dir='ltr'><strong>conentur,</strong></span> <span class='ocrx_word' id='word_1_114' title='bbox 657 1803 739 1860; x_wconf 86' lang='lat' dir='ltr'><strong>velut</strong></span> <span class='ocrx_word' id='word_1_115' title='bbox 760 1821 826 1860; x_wconf 91' lang='lat' dir='ltr'><strong>cum</strong></span> <span class='ocrx_word' id='word_1_116' title='bbox 838 1801 1193 1880; x_wconf 81' lang='lat' dir='ltr'><strong>certemremsignificari</strong></span> <span class='ocrx_word' id='word_1_117' title='bbox 1205 1795 1416 1878; x_wconf 66' lang='lat' dir='ltr'><strong>narranttquasi</strong></span> 
     </span>
     <span class='ocr_line' id='line_1_15' title="bbox 358 1887 1414 1966; baseline -0.005 -21"><span class='ocrx_word' id='word_1_118' title='bbox 358 1887 564 1946; x_wconf 88' lang='lat' dir='ltr'><strong>coniunctivus</strong></span> <span class='ocrx_word' id='word_1_119' title='bbox 586 1888 728 1948; x_wconf 84' lang='lat' dir='ltr'><strong>incertam</strong></span> <span class='ocrx_word' id='word_1_120' title='bbox 751 1887 897 1966; x_wconf 79' lang='lat' dir='ltr'><strong>significet</strong></span> <span class='ocrx_word' id='word_1_121' title='bbox 918 1897 948 1946; x_wconf 89' lang='lat' dir='ltr'><strong>et</strong></span> <span class='ocrx_word' id='word_1_122' title='bbox 969 1888 1065 1962; x_wconf 83' lang='lat' dir='ltr'><strong>quasi,</strong></span> <span class='ocrx_word' id='word_1_123' title='bbox 1088 1906 1154 1945; x_wconf 88' lang='lat' dir='ltr'><strong>cnm</strong></span> <span class='ocrx_word' id='word_1_124' title='bbox 1166 1887 1209 1944; x_wconf 88' lang='lat' dir='ltr'><strong>sic</strong></span> <span class='ocrx_word' id='word_1_125' title='bbox 1221 1887 1299 1945; x_wconf 88' lang='lat' dir='ltr'><strong>dico:</strong></span> <span class='ocrx_word' id='word_1_126' title='bbox 1320 1901 1414 1960; x_wconf 76' lang='lat' dir='ltr'><strong>quaere</strong></span> 
     </span>
     <span class='ocr_line' id='line_1_16' title="bbox 358 1968 1414 2052; baseline -0.006 -22"><span class='ocrx_word' id='word_1_127' title='bbox 358 1975 429 2032; x_wconf 85' lang='lat' dir='ltr'><strong>unde</strong></span> <span class='ocrx_word' id='word_1_128' title='bbox 446 1983 528 2049; x_wconf 82' lang='lat' dir='ltr'><strong>puter</strong></span> <span class='ocrx_word' id='word_1_129' title='bbox 550 1978 656 2044; x_wconf 65' lang='lat' dir='ltr'><strong>ornent,</strong></span> <span class='ocrx_word' id='word_1_130' title='bbox 679 1992 739 2031; x_wconf 92' lang='lat' dir='ltr'><strong>non</strong></span> <span class='ocrx_word' id='word_1_131' title='bbox 761 1983 874 2031; x_wconf 88' lang='lat' dir='ltr'><strong>certum</strong></span> <span class='ocrx_word' id='word_1_132' title='bbox 898 1973 945 2045; x_wconf 83' lang='lat' dir='ltr'><strong>sit,</strong></span> <span class='ocrx_word' id='word_1_133' title='bbox 969 1969 1109 2052; x_wconf 88' lang='lat' dir='ltr'><strong>venisse).</strong></span> <span class='ocrx_word' id='word_1_134' title='bbox 1152 1973 1258 2047; x_wconf 85' lang='lat' dir='ltr'><strong>Itaque</strong></span> <span class='ocrx_word' id='word_1_135' title='bbox 1285 1989 1346 2029; x_wconf 90' lang='lat' dir='ltr'><strong>cnm</strong></span> <span class='ocrx_word' id='word_1_136' title='bbox 1366 1968 1414 2024; x_wconf 86' lang='lat' dir='ltr'><strong>sin·</strong></span> 
     </span>
     <span class='ocr_line' id='line_1_17' title="bbox 357 2054 1415 2136; baseline -0.008 -19"><span class='ocrx_word' id='word_1_137' title='bbox 357 2059 493 2136; x_wconf 76' lang='lat' dir='ltr'><strong>gulorum</strong></span> <span class='ocrx_word' id='word_1_138' title='bbox 516 2059 647 2118; x_wconf 89' lang='lat' dir='ltr'><strong>locorum</strong></span> <span class='ocrx_word' id='word_1_139' title='bbox 670 2060 831 2117; x_wconf 86' lang='lat' dir='ltr'><strong>sententias</strong></span> <span class='ocrx_word' id='word_1_140' title='bbox 853 2069 1054 2135; x_wconf 85' lang='lat' dir='ltr'><strong>corrumpunt,</strong></span> <span class='ocrx_word' id='word_1_141' title='bbox 1078 2069 1140 2116; x_wconf 92' lang='lat' dir='ltr'><strong>tum</strong></span> <span class='ocrx_word' id='word_1_142' title='bbox 1162 2058 1238 2116; x_wconf 87' lang='lat' dir='ltr'><strong>tales</strong></span> <span class='ocrx_word' id='word_1_143' title='bbox 1254 2054 1415 2115; x_wconf 72' lang='lat' dir='ltr'><strong>ratiunculas</strong></span> 
     </span>
     <span class='ocr_line' id='line_1_18' title="bbox 357 2139 1414 2220; baseline -0.009 -18"><span class='ocrx_word' id='word_1_144' title='bbox 357 2143 536 2220; x_wconf 77' lang='lat' dir='ltr'><strong>confingunt,</strong></span> <span class='ocrx_word' id='word_1_145' title='bbox 559 2158 635 2219; x_wconf 78' lang='lat' dir='ltr'><strong>quae</strong></span> <span class='ocrx_word' id='word_1_146' title='bbox 658 2145 683 2202; x_wconf 86' lang='lat' dir='ltr'><strong>si</strong></span> <span class='ocrx_word' id='word_1_147' title='bbox 706 2163 793 2202; x_wconf 81' lang='lat' dir='ltr'><strong>verae</strong></span> <span class='ocrx_word' id='word_1_148' title='bbox 816 2155 922 2212; x_wconf 80' lang='lat' dir='ltr'><strong>essent,</strong></span> <span class='ocrx_word' id='word_1_149' title='bbox 945 2163 1004 2202; x_wconf 90' lang='lat' dir='ltr'><strong>uon</strong></span> <span class='ocrx_word' id='word_1_150' title='bbox 1026 2144 1072 2202; x_wconf 85' lang='lat' dir='ltr'><strong>his</strong></span> <span class='ocrx_word' id='word_1_151' title='bbox 1094 2144 1197 2220; x_wconf 89' lang='lat' dir='ltr'><strong>paucis</strong></span> <span class='ocrx_word' id='word_1_152' title='bbox 1209 2143 1290 2212; x_wconf 85' lang='lat' dir='ltr'><strong>locis,</strong></span> <span class='ocrx_word' id='word_1_153' title='bbox 1311 2140 1358 2198; x_wconf 89' lang='lat' dir='ltr'><strong>sed</strong></span> <span class='ocrx_word' id='word_1_154' title='bbox 1377 2139 1414 2194; x_wconf 91' lang='lat' dir='ltr'><strong>in·</strong></span> 
     </span>
     <span class='ocr_line' id='line_1_19' title="bbox 359 2228 1414 2306; baseline -0.009 -20"><span class='ocrx_word' id='word_1_155' title='bbox 359 2229 450 2287; x_wconf 86' lang='lat' dir='ltr'><strong>finitis</strong></span> <span class='ocrx_word' id='word_1_156' title='bbox 472 2238 501 2286; x_wconf 91' lang='lat' dir='ltr'><strong>et</strong></span> <span class='ocrx_word' id='word_1_157' title='bbox 523 2228 586 2287; x_wconf 86' lang='lat' dir='ltr'><strong>fere</strong></span> <span class='ocrx_word' id='word_1_158' title='bbox 608 2229 744 2288; x_wconf 89' lang='lat' dir='ltr'><strong>omnibus</strong></span> <span class='ocrx_word' id='word_1_159' title='bbox 766 2229 943 2288; x_wconf 76' lang='lat' dir='ltr'><strong>indicativus</strong></span> <span class='ocrx_word' id='word_1_160' title='bbox 955 2231 1109 2306; x_wconf 89' lang='lat' dir='ltr'><strong>ponendus</strong></span> <span class='ocrx_word' id='word_1_161' title='bbox 1126 2239 1212 2299; x_wconf 86' lang='lat' dir='ltr'><strong>esset,</strong></span> <span class='ocrx_word' id='word_1_162' title='bbox 1236 2237 1414 2304; x_wconf 82' lang='lat' dir='ltr'><strong>quemtemeu</strong></span> 
     </span>
     <span class='ocr_line' id='line_1_20' title="bbox 358 2309 1415 2392; baseline -0.009 -20"><span class='ocrx_word' id='word_1_163' title='bbox 358 2315 416 2390; x_wconf 86' lang='lat' dir='ltr'><strong>ipsi</strong></span> <span class='ocrx_word' id='word_1_164' title='bbox 448 2315 479 2371; x_wconf 90' lang='lat' dir='ltr'><strong>in</strong></span> <span class='ocrx_word' id='word_1_165' title='bbox 508 2315 663 2373; x_wconf 85' lang='lat' dir='ltr'><strong>scribendo</strong></span> <span class='ocrx_word' id='word_1_166' title='bbox 691 2333 851 2391; x_wconf 81' lang='lat' dir='ltr'><strong>numquam</strong></span> <span class='ocrx_word' id='word_1_167' title='bbox 878 2322 1001 2392; x_wconf 89' lang='lat' dir='ltr'><strong>ponunt.</strong></span> <span class='ocrx_word' id='word_1_168' title='bbox 1050 2314 1177 2372; x_wconf 86' lang='lat' dir='ltr'><strong>Accedit</strong></span> <span class='ocrx_word' id='word_1_169' title='bbox 1204 2315 1236 2372; x_wconf 90' lang='lat' dir='ltr'><strong>in</strong></span> <span class='ocrx_word' id='word_1_170' title='bbox 1258 2309 1415 2372; x_wconf 78' lang='lat' dir='ltr'><strong>testimoniis</strong></span> 
     </span>
     <span class='ocr_line' id='line_1_21' title="bbox 358 2395 1414 2477; baseline -0.009 -19"><span class='ocrx_word' id='word_1_171' title='bbox 358 2400 422 2458; x_wconf 87' lang='lat' dir='ltr'><strong>siue</strong></span> <span class='ocrx_word' id='word_1_172' title='bbox 444 2400 507 2460; x_wconf 93' lang='lat' dir='ltr'><strong>ullo</strong></span> <span class='ocrx_word' id='word_1_173' title='bbox 529 2400 697 2458; x_wconf 91' lang='lat' dir='ltr'><strong>discrimine</strong></span> <span class='ocrx_word' id='word_1_174' title='bbox 720 2401 909 2459; x_wconf 79' lang='lat' dir='ltr'><strong>comedendis</strong></span> <span class='ocrx_word' id='word_1_175' title='bbox 931 2419 1046 2458; x_wconf 87' lang='lat' dir='ltr'><strong>summa</strong></span> <span class='ocrx_word' id='word_1_176' title='bbox 1068 2400 1269 2477; x_wconf 83' lang='lat' dir='ltr'><strong>neglegentia,</strong></span> <span class='ocrx_word' id='word_1_177' title='bbox 1296 2397 1366 2455; x_wconf 85' lang='lat' dir='ltr'><strong>velut</strong></span> <span class='ocrx_word' id='word_1_178' title='bbox 1389 2395 1414 2449; x_wconf 90' lang='lat' dir='ltr'><strong>in</strong></span> 
     </span>
     <span class='ocr_line' id='line_1_22' title="bbox 356 2479 1415 2560; baseline -0.01 -16"><span class='ocrx_word' id='word_1_179' title='bbox 356 2496 418 2544; x_wconf 84' lang='lat' dir='ltr'><strong>sunt</strong></span> <span class='ocrx_word' id='word_1_180' title='bbox 440 2495 470 2544; x_wconf 93' lang='lat' dir='ltr'><strong>et</strong></span> <span class='ocrx_word' id='word_1_181' title='bbox 492 2489 552 2545; x_wconf 80' lang='lat' dir='ltr'><strong>sint.</strong></span> <span class='ocrx_word' id='word_1_182' title='bbox 597 2487 692 2545; x_wconf 90' lang='lat' dir='ltr'><strong>Vetus</strong></span> <span class='ocrx_word' id='word_1_183' title='bbox 714 2487 858 2544; x_wconf 85' lang='lat' dir='ltr'><strong>sermonis</strong></span> <span class='ocrx_word' id='word_1_184' title='bbox 881 2486 979 2545; x_wconf 83' lang='lat' dir='ltr'><strong>Latini</strong></span> <span class='ocrx_word' id='word_1_185' title='bbox 1002 2486 1214 2557; x_wconf 84' lang='lat' dir='ltr'><strong>inconstantia,</strong></span> <span class='ocrx_word' id='word_1_186' title='bbox 1243 2484 1324 2560; x_wconf 87' lang='lat' dir='ltr'><strong>quasi</strong></span> <span class='ocrx_word' id='word_1_187' title='bbox 1343 2479 1415 2537; x_wconf 92' lang='lat' dir='ltr'><strong>dubi·</strong></span> 
     </span>
     <span class='ocr_line' id='line_1_23' title="bbox 356 2567 1415 2649; baseline -0.009 -21"><span class='ocrx_word' id='word_1_188' title='bbox 356 2571 455 2643; x_wconf 81' lang='lat' dir='ltr'><strong>tantis,</strong></span> <span class='ocrx_word' id='word_1_189' title='bbox 479 2582 577 2630; x_wconf 89' lang='lat' dir='ltr'><strong>utrum</strong></span> <span class='ocrx_word' id='word_1_190' title='bbox 599 2572 637 2629; x_wconf 85' lang='lat' dir='ltr'><strong>ed</strong></span> <span class='ocrx_word' id='word_1_191' title='bbox 658 2572 904 2649; x_wconf 80' lang='lat' dir='ltr'><strong>interrogationes</strong></span> <span class='ocrx_word' id='word_1_192' title='bbox 927 2573 1088 2648; x_wconf 84' lang='lat' dir='ltr'><strong>pendentes</strong></span> <span class='ocrx_word' id='word_1_193' title='bbox 1110 2571 1269 2647; x_wconf 83' lang='lat' dir='ltr'><strong>signandos</strong></span> <span class='ocrx_word' id='word_1_194' title='bbox 1295 2567 1415 2627; x_wconf 88' lang='lat' dir='ltr'><strong>coniunc-</strong></span> 
     </span>
     <span class='ocr_line' id='line_1_24' title="bbox 355 2656 1414 2733; baseline -0.008 -19"><span class='ocrx_word' id='word_1_195' title='bbox 355 2657 417 2714; x_wconf 85' lang='lat' dir='ltr'><strong>tivo</strong></span> <span class='ocrx_word' id='word_1_196' title='bbox 440 2676 513 2733; x_wconf 93' lang='lat' dir='ltr'><strong>opus</strong></span> <span class='ocrx_word' id='word_1_197' title='bbox 536 2665 614 2715; x_wconf 86' lang='lat' dir='ltr'><strong>esset</strong></span> <span class='ocrx_word' id='word_1_198' title='bbox 634 2675 726 2715; x_wconf 90' lang='lat' dir='ltr'><strong>necue</strong></span> <span class='ocrx_word' id='word_1_199' title='bbox 749 2666 835 2728; x_wconf 84' lang='lat' dir='ltr'><strong>esset,</strong></span> <span class='ocrx_word' id='word_1_200' title='bbox 858 2666 926 2715; x_wconf 85' lang='lat' dir='ltr'><strong>ante</strong></span> <span class='ocrx_word' id='word_1_201' title='bbox 938 2657 1090 2717; x_wconf 88' lang='lat' dir='ltr'><strong>Ciceronis</strong></span> <span class='ocrx_word' id='word_1_202' title='bbox 1101 2665 1230 2714; x_wconf 86' lang='lat' dir='ltr'><strong>aetatem</strong></span> <span class='ocrx_word' id='word_1_203' title='bbox 1247 2656 1288 2714; x_wconf 88' lang='lat' dir='ltr'><strong>ita</strong></span> <span class='ocrx_word' id='word_1_204' title='bbox 1303 2661 1414 2711; x_wconf 78' lang='lat' dir='ltr'><strong>cesserat</strong></span> 
     </span>
     <span class='ocr_line' id='line_1_25' title="bbox 356 2735 1413 2820; baseline -0.005 -20"><span class='ocrx_word' id='word_1_205' title='bbox 356 2751 453 2800; x_wconf 83' lang='lat' dir='ltr'><strong>certae</strong></span> <span class='ocrx_word' id='word_1_206' title='bbox 465 2743 533 2820; x_wconf 86' lang='lat' dir='ltr'><strong>legi,</strong></span> <span class='ocrx_word' id='word_1_207' title='bbox 552 2754 585 2800; x_wconf 90' lang='lat' dir='ltr'><strong>ut</strong></span> <span class='ocrx_word' id='word_1_208' title='bbox 603 2743 710 2800; x_wconf 85' lang='lat' dir='ltr'><strong>insola</strong></span> <span class='ocrx_word' id='word_1_209' title='bbox 730 2744 814 2818; x_wconf 76' lang='lat' dir='ltr'><strong>poesi</strong></span> <span class='ocrx_word' id='word_1_210' title='bbox 831 2743 966 2800; x_wconf 84' lang='lat' dir='ltr'><strong>licentiae</strong></span> <span class='ocrx_word' id='word_1_211' title='bbox 978 2743 1092 2819; x_wconf 87' lang='lat' dir='ltr'><strong>aliquid</strong></span> <span class='ocrx_word' id='word_1_212' title='bbox 1103 2742 1325 2817; x_wconf 88' lang='lat' dir='ltr'><strong>relinqueretur.</strong></span> <span class='ocrx_word' id='word_1_213' title='bbox 1350 2735 1413 2815; x_wconf 80' lang='lat' dir='ltr'><strong>[Pro</strong></span> 
     </span>
     <span class='ocr_line' id='line_1_26' title="bbox 355 2824 753 2908; baseline 0 -22"><span class='ocrx_word' id='word_1_214' title='bbox 355 2830 525 2886; x_wconf 79' lang='lat' dir='ltr'><strong>considerare</strong></span> <span class='ocrx_word' id='word_1_215' title='bbox 546 2829 573 2886; x_wconf 92' lang='lat' dir='ltr'><strong>B</strong></span> <span class='ocrx_word' id='word_1_216' title='bbox 594 2824 753 2908; x_wconf 80' lang='lat' dir='ltr'><strong>considera]</strong></span> 
     </span>
    </p>

    <p class='ocr_par' dir='ltr' id='par_1_6' title="bbox 355 2909 1412 3419">
     <span class='ocr_line' id='line_1_27' title="bbox 446 2909 1411 2992; baseline -0.006 -20"><span class='ocrx_word' id='word_1_217' title='bbox 446 2913 577 2985; x_wconf 71' lang='lat' dir='ltr'><strong>Quonam,</strong></span> <span class='ocrx_word' id='word_1_218' title='bbox 601 2917 695 2989; x_wconf 81' lang='lat' dir='ltr'><strong>inquit,</strong></span> <span class='ocrx_word' id='word_1_219' title='bbox 718 2917 817 2972; x_wconf 83' lang='lat' dir='ltr'><strong>ortium</strong></span> <span class='ocrx_word' id='word_1_220' title='bbox 839 2933 957 2972; x_wconf 83' lang='lat' dir='ltr'><strong>sunrmoe</strong></span> <span class='ocrx_word' id='word_1_221' title='bbox 978 2909 1232 2992; x_wconf 82' lang='lat' dir='ltr'><strong>crescerepossunt)</strong></span> <span class='ocrx_word' id='word_1_222' title='bbox 1256 2912 1314 2970; x_wconf 90' lang='lat' dir='ltr'><strong>Pro</strong></span> <span class='ocrx_word' id='word_1_223' title='bbox 1332 2909 1411 2982; x_wconf 75' lang='lat' dir='ltr'><strong>inquit</strong></span> 
     </span>
     <span class='ocr_line' id='line_1_28' title="bbox 356 2991 1412 3075; baseline -0.011 -19"><span class='ocrx_word' id='word_1_224' title='bbox 356 2999 439 3058; x_wconf 88' lang='lat' dir='ltr'><strong>cuius</strong></span> <span class='ocrx_word' id='word_1_225' title='bbox 461 2999 572 3058; x_wconf 82' lang='lat' dir='ltr'><strong>formae</strong></span> <span class='ocrx_word' id='word_1_226' title='bbox 595 3019 665 3058; x_wconf 86' lang='lat' dir='ltr'><strong>usus</strong></span> <span class='ocrx_word' id='word_1_227' title='bbox 687 2999 718 3056; x_wconf 92' lang='lat' dir='ltr'><strong>in</strong></span> <span class='ocrx_word' id='word_1_228' title='bbox 741 3000 910 3058; x_wconf 82' lang='lat' dir='ltr'><strong>adversario</strong></span> <span class='ocrx_word' id='word_1_229' title='bbox 933 3000 1045 3057; x_wconf 91' lang='lat' dir='ltr'><strong>incerto</strong></span> <span class='ocrx_word' id='word_1_230' title='bbox 1057 2998 1193 3075; x_wconf 84' lang='lat' dir='ltr'><strong>fingendo</strong></span> <span class='ocrx_word' id='word_1_231' title='bbox 1216 3007 1246 3056; x_wconf 87' lang='lat' dir='ltr'><strong>et</strong></span> <span class='ocrx_word' id='word_1_232' title='bbox 1269 2991 1412 3054; x_wconf 88' lang='lat' dir='ltr'><strong>inducendo</strong></span> 
     </span>
     <span class='ocr_line' id='line_1_29' title="bbox 355 3081 1412 3164; baseline -0.009 -21"><span class='ocrx_word' id='word_1_233' title='bbox 355 3085 525 3144; x_wconf 83' lang='lat' dir='ltr'><strong>notissimus</strong></span> <span class='ocrx_word' id='word_1_234' title='bbox 539 3095 584 3143; x_wconf 88' lang='lat' dir='ltr'><strong>est</strong></span> <span class='ocrx_word' id='word_1_235' title='bbox 595 3083 662 3164; x_wconf 85' lang='lat' dir='ltr'><strong>(cir.</strong></span> <span class='ocrx_word' id='word_1_236' title='bbox 674 3085 759 3156; x_wconf 89' lang='lat' dir='ltr'><strong>edII,</strong></span> <span class='ocrx_word' id='word_1_237' title='bbox 768 3084 832 3163; x_wconf 80' lang='grc'>78),</span> <span class='ocrx_word' id='word_1_238' title='bbox 845 3085 989 3143; x_wconf 88' lang='lat' dir='ltr'><strong>editiones</strong></span> <span class='ocrx_word' id='word_1_239' title='bbox 1001 3085 1069 3143; x_wconf 92' lang='lat' dir='ltr'><strong>inde</strong></span> <span class='ocrx_word' id='word_1_240' title='bbox 1081 3084 1311 3142; x_wconf 81' lang='lat' dir='ltr'><strong>eVeneta1494</strong></span> <span class='ocrx_word' id='word_1_241' title='bbox 1322 3081 1412 3138; x_wconf 86' lang='lat' dir='ltr'><strong>hebent</strong></span> 
     </span>
     <span class='ocr_line' id='line_1_30' title="bbox 356 3161 1412 3246; baseline -0.004 -18"><span class='ocrx_word' id='word_1_242' title='bbox 356 3174 486 3246; x_wconf 84' lang='lat' dir='ltr'><strong>inqrn&#39;unt.</strong></span> <span class='ocrx_word' id='word_1_243' title='bbox 510 3171 647 3231; x_wconf 85' lang='lat' dir='ltr'><strong>Correxit</strong></span> <span class='ocrx_word' id='word_1_244' title='bbox 659 3171 800 3228; x_wconf 87' lang='lat' dir='ltr'><strong>Davisius</strong></span> <span class='ocrx_word' id='word_1_245' title='bbox 812 3190 827 3228; x_wconf 89' lang='lat' dir='ltr'><strong>e</strong></span> <span class='ocrx_word' id='word_1_246' title='bbox 844 3171 938 3228; x_wconf 89' lang='lat' dir='ltr'><strong>tribus</strong></span> <span class='ocrx_word' id='word_1_247' title='bbox 950 3171 1114 3238; x_wconf 83' lang='lat' dir='ltr'><strong>codicibus3</strong></span> <span class='ocrx_word' id='word_1_248' title='bbox 1137 3169 1323 3227; x_wconf 90' lang='lat' dir='ltr'><strong>consentiunt</strong></span> <span class='ocrx_word' id='word_1_249' title='bbox 1333 3161 1412 3238; x_wconf 66' lang='grc' dir='ltr'><strong><em>Εξχψ·</em></strong></span> 
     </span>
     <span class='ocr_line' id='line_1_31' title="bbox 356 3247 1411 3334; baseline -0.004 -20"><span class='ocrx_word' id='word_1_250' title='bbox 356 3257 420 3315; x_wconf 90' lang='lat' dir='ltr'><strong>cod.</strong></span> <span class='ocrx_word' id='word_1_251' title='bbox 432 3258 507 3314; x_wconf 88' lang='lat' dir='ltr'><strong>Mor.</strong></span> <span class='ocrx_word' id='word_1_252' title='bbox 526 3255 598 3334; x_wconf 82' lang='lat' dir='ltr'>[B];</span> <span class='ocrx_word' id='word_1_253' title='bbox 622 3256 716 3315; x_wconf 81' lang='lat' dir='ltr'><strong>Gaius</strong></span> <span class='ocrx_word' id='word_1_254' title='bbox 738 3265 824 3313; x_wconf 88' lang='lat' dir='ltr'><strong>tacet.</strong></span> <span class='ocrx_word' id='word_1_255' title='bbox 854 3256 980 3314; x_wconf 82' lang='lat' dir='ltr'><strong>Summae</strong></span> <span class='ocrx_word' id='word_1_256' title='bbox 991 3291 1032 3298; x_wconf 90' lang='lat'><em>-</em></span> <span class='ocrx_word' id='word_1_257' title='bbox 1040 3265 1155 3332; x_wconf 76' lang='lat' dir='ltr'><strong>ponerent</strong></span> <span class='ocrx_word' id='word_1_258' title='bbox 1178 3274 1216 3311; x_wconf 82' lang='lat' dir='ltr'><strong>ex</strong></span> <span class='ocrx_word' id='word_1_259' title='bbox 1234 3255 1295 3312; x_wconf 88' lang='lat' dir='ltr'><strong>Erl.</strong></span> <span class='ocrx_word' id='word_1_260' title='bbox 1317 3247 1366 3330; x_wconf 91' lang='lat' dir='ltr'><strong>[B]</strong></span> <span class='ocrx_word' id='word_1_261' title='bbox 1385 3263 1411 3302; x_wconf 69' lang='lat'><strong>⁸⁰</strong></span> 
     </span>
     <span class='ocr_line' id='line_1_32' title="bbox 356 3341 1411 3419; baseline -0.016 -19"><span class='ocrx_word' id='word_1_262' title='bbox 356 3343 450 3419; x_wconf 77' lang='lat' dir='ltr'><strong>magis</strong></span> <span class='ocrx_word' id='word_1_263' title='bbox 472 3343 591 3418; x_wconf 81' lang='lat' dir='ltr'><strong>scripsi,</strong></span> <span class='ocrx_word' id='word_1_264' title='bbox 626 3343 704 3416; x_wconf 92' lang='lat' dir='ltr'><strong>quod</strong></span> <span class='ocrx_word' id='word_1_265' title='bbox 727 3341 869 3400; x_wconf 87' lang='lat' dir='ltr'><strong>Moreliua</strong></span> <span class='ocrx_word' id='word_1_266' title='bbox 898 3360 913 3398; x_wconf 90' lang='lat' dir='ltr'><strong>e</strong></span> <span class='ocrx_word' id='word_1_267' title='bbox 942 3359 996 3400; x_wconf 88' lang='lat' dir='ltr'><strong>suo</strong></span> <span class='ocrx_word' id='word_1_268' title='bbox 1024 3341 1123 3398; x_wconf 91' lang='lat' dir='ltr'><strong>codice</strong></span> <span class='ocrx_word' id='word_1_269' title='bbox 1157 3349 1294 3398; x_wconf 85' lang='lat' dir='ltr'><strong>annotat:</strong></span> <span class='ocrx_word' id='word_1_270' title='bbox 1326 3350 1411 3395; x_wconf 70' lang='lat' dir='ltr'><strong>suttona</strong></span> 
     </span>
    </p>
   </div>
   <div class='ocr_carea' id='block_1_6' title="bbox 355 3427 1471 3587">
    <p class='ocr_par' dir='ltr' id='par_1_7' title="bbox 355 3427 1471 3587">
     <span class='ocr_line' id='line_1_33' title="bbox 355 3427 1471 3503; baseline -0.014 -17"><span class='ocrx_word' id='word_1_271' title='bbox 355 3447 472 3486; x_wconf 74' lang='lat' dir='ltr'><strong>meacm</strong></span> <span class='ocrx_word' id='word_1_272' title='bbox 495 3439 624 3503; x_wconf 82' lang='lat' dir='ltr'><strong>possunt,</strong></span> <span class='ocrx_word' id='word_1_273' title='bbox 657 3427 688 3484; x_wconf 93' lang='lat' dir='ltr'><strong>in</strong></span> <span class='ocrx_word' id='word_1_274' title='bbox 718 3445 776 3501; x_wconf 91' lang='lat' dir='ltr'><strong>qno</strong></span> <span class='ocrx_word' id='word_1_275' title='bbox 805 3427 856 3483; x_wconf 85' lang='lat' dir='ltr'><strong>vix</strong></span> <span class='ocrx_word' id='word_1_276' title='bbox 884 3427 987 3485; x_wconf 86' lang='lat' dir='ltr'><strong>dubito</strong></span> <span class='ocrx_word' id='word_1_277' title='bbox 1015 3427 1086 3502; x_wconf 91' lang='lat' dir='ltr'><strong>quin</strong></span> <span class='ocrx_word' id='word_1_278' title='bbox 1108 3444 1240 3484; x_wconf 80' lang='lat' dir='ltr'><strong>ecrescere</strong></span> <span class='ocrx_word' id='word_1_279' title='bbox 1262 3433 1412 3501; x_wconf 84' lang='lat' dir='ltr'><strong>reperturus</strong></span> <span class='ocrx_word' id='word_1_280' title='bbox 1470 3479 1471 3492; x_wconf 67' lang='lat'><strong>,</strong></span> 
     </span>
     <span class='ocr_line' id='line_1_34' title="bbox 356 3495 1471 3587; baseline -0.006 -16"><span class='ocrx_word' id='word_1_281' title='bbox 356 3512 459 3584; x_wconf 86' lang='lat' dir='ltr'><strong>luerit,</strong></span> <span class='ocrx_word' id='word_1_282' title='bbox 483 3513 508 3571; x_wconf 89' lang='lat' dir='ltr'><strong>si</strong></span> <span class='ocrx_word' id='word_1_283' title='bbox 530 3512 713 3570; x_wconf 85' lang='lat' dir='ltr'><strong>attendisset.</strong></span> <span class='ocrx_word' id='word_1_284' title='bbox 764 3511 857 3572; x_wconf 85' lang='lat' dir='ltr'><strong>Gziua</strong></span> <span class='ocrx_word' id='word_1_285' title='bbox 888 3531 982 3587; x_wconf 89' lang='lat' dir='ltr'><strong>neque</strong></span> <span class='ocrx_word' id='word_1_286' title='bbox 1012 3513 1048 3569; x_wconf 88' lang='lat' dir='ltr'><strong>de</strong></span> <span class='ocrx_word' id='word_1_287' title='bbox 1075 3511 1137 3568; x_wconf 87' lang='lat' dir='ltr'><strong>Erl.</strong></span> <span class='ocrx_word' id='word_1_288' title='bbox 1165 3529 1262 3586; x_wconf 89' lang='lat' dir='ltr'><strong>neque</strong></span> <span class='ocrx_word' id='word_1_289' title='bbox 1289 3511 1323 3568; x_wconf 89' lang='lat' dir='ltr'><strong>de</strong></span> <span class='ocrx_word' id='word_1_290' title='bbox 1349 3503 1411 3580; x_wconf 81' lang='lat' dir='ltr'><strong>Splr·</strong></span> <span class='ocrx_word' id='word_1_291' title='bbox 1470 3495 1471 3586; x_wconf 93' lang='lat' dir='ltr'>J</span> 
     </span>
    </p>
   </div>
   <div class='ocr_carea' id='block_1_7' title="bbox 356 3597 1471 3674">
    <p class='ocr_par' dir='ltr' id='par_1_8' title="bbox 356 3597 1471 3674">
     <span class='ocr_line' id='line_1_35' title="bbox 356 3597 1471 3674; baseline -0.003 -19"><span class='ocrx_word' id='word_1_292' title='bbox 356 3599 516 3674; x_wconf 89' lang='lat' dir='ltr'><strong>quidquam</strong></span> <span class='ocrx_word' id='word_1_293' title='bbox 538 3599 622 3656; x_wconf 90' lang='lat' dir='ltr'><strong>dixit.</strong></span> <span class='ocrx_word' id='word_1_294' title='bbox 667 3597 729 3657; x_wconf 88' lang='lat' dir='ltr'><strong>Sua</strong></span> <span class='ocrx_word' id='word_1_295' title='bbox 752 3598 893 3672; x_wconf 92' lang='lat' dir='ltr'><strong>cuiusque</strong></span> <span class='ocrx_word' id='word_1_296' title='bbox 921 3597 993 3655; x_wconf 87' lang='lat' dir='ltr'><strong>artis</strong></span> <span class='ocrx_word' id='word_1_297' title='bbox 1021 3615 1136 3655; x_wconf 87' lang='lat' dir='ltr'><strong>summa</strong></span> <span class='ocrx_word' id='word_1_298' title='bbox 1163 3605 1223 3667; x_wconf 91' lang='lat' dir='ltr'><strong>est,</strong></span> <span class='ocrx_word' id='word_1_299' title='bbox 1254 3606 1411 3671; x_wconf 78' lang='lat' dir='ltr'><strong>quamquam</strong></span> <span class='ocrx_word' id='word_1_300' title='bbox 1470 3597 1471 3652; x_wconf 73' lang='grc' dir='ltr'>ζ</span> 
     </span>
    </p>
   </div>
   <div class='ocr_carea' id='block_1_8' title="bbox 356 3677 1411 3764">
    <p class='ocr_par' dir='ltr' id='par_1_9' title="bbox 356 3677 1411 3764">
     <span class='ocr_line' id='line_1_36' title="bbox 356 3677 1411 3764; baseline -0.01 -20"><span class='ocrx_word' id='word_1_301' title='bbox 356 3683 461 3744; x_wconf 86' lang='lat' dir='ltr'><strong>Cicero</strong></span> <span class='ocrx_word' id='word_1_302' title='bbox 488 3684 519 3742; x_wconf 91' lang='lat' dir='ltr'><strong>in</strong></span> <span class='ocrx_word' id='word_1_303' title='bbox 547 3683 695 3741; x_wconf 83' lang='lat' dir='ltr'><strong>contrario</strong></span> <span class='ocrx_word' id='word_1_304' title='bbox 727 3701 834 3760; x_wconf 84' lang='lat' dir='ltr'><strong>genere</strong></span> <span class='ocrx_word' id='word_1_305' title='bbox 863 3685 980 3760; x_wconf 78' lang='lat' dir='ltr'><strong>(suntme</strong></span> <span class='ocrx_word' id='word_1_306' title='bbox 1004 3677 1117 3764; x_wconf 67' lang='lat' dir='ltr'><strong>poterit)</strong></span> <span class='ocrx_word' id='word_1_307' title='bbox 1144 3683 1221 3738; x_wconf 86' lang='lat' dir='ltr'><strong>hunc</strong></span> <span class='ocrx_word' id='word_1_308' title='bbox 1250 3680 1411 3759; x_wconf 78' lang='lat' dir='ltr'><strong>singulorum</strong></span> 
     </span>
    </p>
   </div>
   <div class='ocr_carea' id='block_1_9' title="bbox 356 3761 1471 4012">
    <p class='ocr_par' dir='ltr' id='par_1_10' title="bbox 356 3761 1471 4012">
     <span class='ocr_line' id='line_1_37' title="bbox 357 3761 1471 3847; baseline -0.004 -19"><span class='ocrx_word' id='word_1_309' title='bbox 357 3770 601 3847; x_wconf 84' lang='lat' dir='ltr'><strong>significationem</strong></span> <span class='ocrx_word' id='word_1_310' title='bbox 624 3769 732 3826; x_wconf 89' lang='lat' dir='ltr'><strong>omisit.</strong></span> <span class='ocrx_word' id='word_1_311' title='bbox 765 3769 885 3826; x_wconf 83' lang='lat' dir='ltr'><strong>Artium</strong></span> <span class='ocrx_word' id='word_1_312' title='bbox 908 3787 1030 3826; x_wconf 87' lang='lat' dir='ltr'><strong>numero</strong></span> <span class='ocrx_word' id='word_1_313' title='bbox 1054 3767 1171 3830; x_wconf 87' lang='lat' dir='ltr'><strong>Stoicus</strong></span> <span class='ocrx_word' id='word_1_314' title='bbox 1184 3766 1348 3845; x_wconf 85' lang='lat' dir='ltr'><strong>argumenti</strong></span> <span class='ocrx_word' id='word_1_315' title='bbox 1358 3779 1411 3818; x_wconf 90' lang='lat' dir='ltr'><strong>cou-</strong></span> <span class='ocrx_word' id='word_1_316' title='bbox 1470 3761 1471 3824; x_wconf 53' lang='lat' dir='ltr'>J</span> 
     </span>
     <span class='ocr_line' id='line_1_38' title="bbox 356 3843 1471 3930; baseline -0.01 -17"><span class='ocrx_word' id='word_1_317' title='bbox 356 3855 493 3914; x_wconf 85' lang='lat' dir='ltr'><strong>cludendi</strong></span> <span class='ocrx_word' id='word_1_318' title='bbox 520 3873 610 3912; x_wconf 82' lang='lat' dir='ltr'><strong>eausa</strong></span> <span class='ocrx_word' id='word_1_319' title='bbox 639 3854 763 3912; x_wconf 86' lang='lat' dir='ltr'><strong>virtutes</strong></span> <span class='ocrx_word' id='word_1_320' title='bbox 791 3853 1026 3930; x_wconf 84' lang='lat' dir='ltr'><strong>comprehendit,</strong></span> <span class='ocrx_word' id='word_1_321' title='bbox 1061 3854 1096 3910; x_wconf 92' lang='lat' dir='ltr'><strong>de</strong></span> <span class='ocrx_word' id='word_1_322' title='bbox 1124 3872 1184 3928; x_wconf 91' lang='lat' dir='ltr'><strong>quo</strong></span> <span class='ocrx_word' id='word_1_323' title='bbox 1211 3853 1250 3911; x_wconf 89' lang='lat' dir='ltr'><strong>ad</strong></span> <span class='ocrx_word' id='word_1_324' title='bbox 1274 3857 1289 3923; x_wconf 70' lang='grc' dir='ltr'><strong>ξ</strong></span> <span class='ocrx_word' id='word_1_325' title='bbox 1312 3853 1329 3908; x_wconf 81' lang='lat' dir='ltr'><strong>l</strong></span> <span class='ocrx_word' id='word_1_326' title='bbox 1355 3843 1412 3906; x_wconf 78' lang='lat' dir='ltr'><strong>dixi.</strong></span> <span class='ocrx_word' id='word_1_327' title='bbox 1470 3875 1471 3920; x_wconf 59' lang='lat' dir='ltr'><strong>q</strong></span> 
     </span>
     <span class='ocr_line' id='line_1_39' title="bbox 359 3937 1471 4012; baseline -0.014 -13"><span class='ocrx_word' id='word_1_328' title='bbox 359 3941 561 4000; x_wconf 80' lang='lat' dir='ltr'><strong>Contrariorum</strong></span> <span class='ocrx_word' id='word_1_329' title='bbox 583 3941 744 3998; x_wconf 83' lang='lat' dir='ltr'><strong>Lambinus</strong></span> <span class='ocrx_word' id='word_1_330' title='bbox 767 3939 954 3997; x_wconf 89' lang='lat' dir='ltr'><strong>scribendum</strong></span> <span class='ocrx_word' id='word_1_331' title='bbox 977 3940 1064 4011; x_wconf 84' lang='lat' dir='ltr'><strong>vidit,</strong></span> <span class='ocrx_word' id='word_1_332' title='bbox 1088 3957 1175 4012; x_wconf 90' lang='lat' dir='ltr'><strong>quem</strong></span> <span class='ocrx_word' id='word_1_333' title='bbox 1198 3937 1292 3997; x_wconf 82' lang='lat' dir='ltr'><strong>Gaius</strong></span> <span class='ocrx_word' id='word_1_334' title='bbox 1313 3944 1412 3994; x_wconf 75' lang='lat' dir='ltr'><strong>secururs</strong></span> <span class='ocrx_word' id='word_1_335' title='bbox 1470 3941 1471 4008; x_wconf 44' lang='grc' dir='ltr'>ζ</span> 
     </span>
    </p>
   </div>
   <div class='ocr_carea' id='block_1_10' title="bbox 356 4021 1471 4102">
    <p class='ocr_par' dir='ltr' id='par_1_11' title="bbox 356 4021 1471 4102">
     <span class='ocr_line' id='line_1_40' title="bbox 356 4021 1471 4102; baseline -0.013 -18"><span class='ocrx_word' id='word_1_336' title='bbox 356 4037 414 4098; x_wconf 80' lang='lat' dir='ltr'><strong>est3</strong></span> <span class='ocrx_word' id='word_1_337' title='bbox 448 4027 526 4085; x_wconf 88' lang='lat' dir='ltr'><strong>idem</strong></span> <span class='ocrx_word' id='word_1_338' title='bbox 554 4025 647 4084; x_wconf 88' lang='lat' dir='ltr'><strong>voluit</strong></span> <span class='ocrx_word' id='word_1_339' title='bbox 675 4026 841 4096; x_wconf 81' lang='lat' dir='ltr'><strong>Manutius,</strong></span> <span class='ocrx_word' id='word_1_340' title='bbox 875 4025 953 4102; x_wconf 89' lang='lat' dir='ltr'><strong>apud</strong></span> <span class='ocrx_word' id='word_1_341' title='bbox 983 4044 1070 4100; x_wconf 92' lang='lat' dir='ltr'><strong>quem</strong></span> <span class='ocrx_word' id='word_1_342' title='bbox 1098 4028 1262 4082; x_wconf 72' lang='lat' dir='ltr'><strong>coturno-ium</strong></span> <span class='ocrx_word' id='word_1_343' title='bbox 1285 4021 1411 4081; x_wconf 85' lang='lat' dir='ltr'><strong>scribitur.</strong></span> <span class='ocrx_word' id='word_1_344' title='bbox 1470 4031 1471 4066; x_wconf 64' lang='lat' dir='ltr'><strong>t</strong></span> 
     </span>
    </p>
   </div>
   <div class='ocr_carea' id='block_1_11' title="bbox 354 4109 1471 4364">
    <p class='ocr_par' dir='ltr' id='par_1_12' title="bbox 354 4109 1471 4364">
     <span class='ocr_line' id='line_1_41' title="bbox 356 4109 1471 4204; baseline -0.016 -34"><span class='ocrx_word' id='word_1_345' title='bbox 356 4111 480 4171; x_wconf 88' lang='lat' dir='ltr'><strong>Etiamsi</strong></span> <span class='ocrx_word' id='word_1_346' title='bbox 502 4111 574 4170; x_wconf 79' lang='lat' dir='ltr'><strong>ferri</strong></span> <span class='ocrx_word' id='word_1_347' title='bbox 596 4121 696 4187; x_wconf 86' lang='lat' dir='ltr'><strong>posset</strong></span> <span class='ocrx_word' id='word_1_348' title='bbox 717 4131 810 4168; x_wconf 83' lang='lat' dir='ltr'><strong>eorum</strong></span> <span class='ocrx_word' id='word_1_349' title='bbox 831 4114 1028 4168; x_wconf 67' lang='lat' dir='ltr'><strong>controv-rorum</strong></span> <span class='ocrx_word' id='word_1_350' title='bbox 1051 4110 1093 4168; x_wconf 90' lang='lat' dir='ltr'><strong>sic</strong></span> <span class='ocrx_word' id='word_1_351' title='bbox 1117 4109 1262 4186; x_wconf 85' lang='lat' dir='ltr'><strong>positum,</strong></span> <span class='ocrx_word' id='word_1_352' title='bbox 1285 4121 1317 4166; x_wconf 91' lang='lat' dir='ltr'><strong>ut</strong></span> <span class='ocrx_word' id='word_1_353' title='bbox 1337 4123 1412 4164; x_wconf 67' lang='lat' dir='ltr'><strong>conum</strong></span> <span class='ocrx_word' id='word_1_354' title='bbox 1470 4127 1471 4204; x_wconf 42' lang='lat' dir='ltr'><strong>q</strong></span> 
     </span>
     <span class='ocr_line' id='line_1_42' title="bbox 355 4193 1471 4274; baseline -0.005 -20"><span class='ocrx_word' id='word_1_355' title='bbox 355 4215 374 4254; x_wconf 87' lang='lat' dir='ltr'><strong>a</strong></span> <span class='ocrx_word' id='word_1_356' title='bbox 395 4201 592 4256; x_wconf 68' lang='lat' dir='ltr'><strong>contrariorum</strong></span> <span class='ocrx_word' id='word_1_357' title='bbox 613 4197 755 4273; x_wconf 88' lang='lat' dir='ltr'><strong>penderet</strong></span> <span class='ocrx_word' id='word_1_358' title='bbox 776 4196 941 4274; x_wconf 84' lang='lat' dir='ltr'><strong>(contrariae</strong></span> <span class='ocrx_word' id='word_1_359' title='bbox 962 4207 1035 4254; x_wconf 84' lang='lat' dir='ltr'><strong>artes</strong></span> <span class='ocrx_word' id='word_1_360' title='bbox 1056 4195 1172 4272; x_wconf 82' lang='lat' dir='ltr'><strong>earurn),</strong></span> <span class='ocrx_word' id='word_1_361' title='bbox 1197 4196 1276 4270; x_wconf 92' lang='lat' dir='ltr'><strong>quod</strong></span> <span class='ocrx_word' id='word_1_362' title='bbox 1289 4193 1355 4253; x_wconf 82' lang='lat' dir='ltr'><strong>ferri</strong></span> <span class='ocrx_word' id='word_1_363' title='bbox 1366 4205 1412 4246; x_wconf 85' lang='lat' dir='ltr'><strong>non</strong></span> <span class='ocrx_word' id='word_1_364' title='bbox 1470 4207 1471 4248; x_wconf 74' lang='lat' dir='ltr'><strong>t</strong></span> 
     </span>
     <span class='ocr_line' id='line_1_43' title="bbox 354 4279 1471 4364; baseline -0.005 -24"><span class='ocrx_word' id='word_1_365' title='bbox 354 4291 468 4358; x_wconf 85' lang='lat' dir='ltr'><strong>potest,</strong></span> <span class='ocrx_word' id='word_1_366' title='bbox 497 4293 594 4341; x_wconf 87' lang='lat' dir='ltr'><strong>temen</strong></span> <span class='ocrx_word' id='word_1_367' title='bbox 623 4281 736 4340; x_wconf 83' lang='lat' dir='ltr'><strong>artibus</strong></span> <span class='ocrx_word' id='word_1_368' title='bbox 763 4279 936 4360; x_wconf 82' lang='lat' dir='ltr'><strong>(universis)</strong></span> <span class='ocrx_word' id='word_1_369' title='bbox 965 4282 1129 4340; x_wconf 82' lang='lat' dir='ltr'><strong>contrariae</strong></span> <span class='ocrx_word' id='word_1_370' title='bbox 1157 4299 1216 4339; x_wconf 93' lang='lat' dir='ltr'><strong>non</strong></span> <span class='ocrx_word' id='word_1_371' title='bbox 1245 4291 1313 4340; x_wconf 91' lang='lat' dir='ltr'><strong>sunt</strong></span> <span class='ocrx_word' id='word_1_372' title='bbox 1340 4285 1414 4335; x_wconf 68' lang='lat' dir='ltr'><strong>ortes</strong></span> <span class='ocrx_word' id='word_1_373' title='bbox 1470 4343 1471 4364; x_wconf 84' lang='lat'><strong>,</strong></span> 
     </span>
    </p>
   </div>
   <div class='ocr_carea' id='block_1_12' title="bbox 356 4365 1471 4444">
    <p class='ocr_par' dir='ltr' id='par_1_13' title="bbox 356 4365 1471 4444">
     <span class='ocr_line' id='line_1_44' title="bbox 356 4365 1471 4444; baseline -0.004 -20"><span class='ocrx_word' id='word_1_374' title='bbox 356 4367 409 4426; x_wconf 87' lang='lat' dir='ltr'><strong>sed</strong></span> <span class='ocrx_word' id='word_1_375' title='bbox 430 4378 499 4426; x_wconf 86' lang='lat' dir='ltr'><strong>sunt</strong></span> <span class='ocrx_word' id='word_1_376' title='bbox 520 4367 664 4444; x_wconf 84' lang='lat' dir='ltr'><strong>quaedam</strong></span> <span class='ocrx_word' id='word_1_377' title='bbox 687 4369 800 4426; x_wconf 87' lang='lat' dir='ltr'><strong>artibus</strong></span> <span class='ocrx_word' id='word_1_378' title='bbox 822 4368 979 4438; x_wconf 84' lang='lat' dir='ltr'><strong>contraria,</strong></span> <span class='ocrx_word' id='word_1_379' title='bbox 1003 4367 1233 4442; x_wconf 84' lang='lat' dir='ltr'><strong>quasiinertiae.</strong></span> <span class='ocrx_word' id='word_1_380' title='bbox 1262 4365 1415 4444; x_wconf 62' lang='lat' dir='ltr'><strong>(osteor</strong></span> <span class='ocrx_word' id='word_1_381' title='bbox 1470 4379 1471 4416; x_wconf 76' lang='lat'>1</span> 
     </span>
    </p>
   </div>
   <div class='ocr_carea' id='block_1_13' title="bbox 0 0 1504 5044">
    <p class='ocr_par' dir='ltr' id='par_1_14' title="bbox 0 0 1504 5044">
     <span class='ocr_line' id='line_1_45' title="bbox 0 0 1504 5044; baseline 0 1"><span class='ocrx_word' id='word_1_382' title='bbox 0 0 1504 5044; x_wconf 95' lang='lat' dir='ltr'><strong> </strong></span> 
     </span>
    </p>
   </div>
  </div>
 </body>
</html>
