3000 5044
437 425 481 470 nr
505 425 584 470 usu.
602 425 664 469 um.
683 423 714 472 tv
739 425 811 470 oar.
832 427 854 471 r.
1098 406 1159 470 sot

88 595 183 677 quius
204 603 261 673 est
283 602 318 658 nt
339 593 480 674 coniugia
501 593 639 658 viromm
661 603 693 658 et
712 612 843 658 uxorum
866 603 978 658 natura
1000 593 1162 657 coniuncta

88 717 160 763 esse
181 698 329 775 dicerent,
352 715 414 777 qua
436 715 473 760 ex
491 695 589 776 stirpe
600 695 755 760 orirentur
766 695 916 760 amicitiae
937 693 1161 776 cognationum.

88 803 195 882 Atque
216 799 256 863 ab
277 797 325 862 his
346 798 441 862 initiis
462 796 594 879 proiecti
621 797 757 862 omnium
783 797 932 862 virtutum
960 805 992 862 et
1013 797 1162 877 originem

88 911 121 967 et
142 899 393 982 progressionem
415 900 571 980 persecuti
593 907 674 964 sunt.
708 900 754 963 Ex
777 918 837 981 quo
849 900 1028 982 magnitudo
1040 917 1163 980 quoque

88 1004 185 1070 animi
206 1001 366 1080 existebat,
388 1021 451 1082 qua
473 1000 561 1066 facile
582 1010 690 1082 posset
712 1001 880 1083 repugnari
908 1001 1078 1082 obsistique
1099 999 1202 1068 ior-5

90 1119 205 1184 tunae,
238 1105 323 1186 quod
355 1103 506 1168 maximae
539 1122 591 1168 res
623 1111 728 1169 essent
760 1105 791 1168 in
819 1111 975 1185 potestate
1003 1103 1162 1184 sapientis.

90 1210 269 1274 varietates
290 1211 394 1270 autem
414 1205 608 1286 iuimissque
629 1205 773 1271 fortunae
793 1205 883 1271 facilc
905 1215 1045 1271 veterum
1062 1206 1163 1288 philo·

90 1310 260 1393 sophorum
282 1308 457 1389 praeceptis
479 1308 622 1372 instituta
639 1309 891 1389 vitasuperebat.
929 1311 976 1373 is.
999 1308 1163 1389 Principiis

88 1421 195 1478 antem
217 1429 236 1476 a
258 1418 370 1475 natura
386 1411 476 1487 datis,
499 1409 719 1491 amplitudines
741 1411 894 1491 quaedem
910 1410 1060 1474 bonorum
1082 1410 1163 1475 exci-

88 1517 247 1592 tabantur,
269 1513 383 1595 partim
405 1511 561 1594 profectae
583 1531 602 1576 e
623 1512 881 1593 contemplatione
903 1531 1007 1576 rerum
1029 1512 1163 1578 occulte-
1185 1519 1225 1582 10

159 1691 183 1737 2.
203 1684 426 1734 coniunctiooomC
462 1689 484 1730 3,
504 1692 575 1747 etptre
595 1711 625 1720 -
645 1683 753 1732 commum
772 1683 862 1733 om.L
898 1683 968 1732 tes
1002 1693 1024 1733 et
1042 1693 1099 1732 ante
1118 1685 1164 1732 ori·

87 1757 165 1820 pineto
184 1770 225 1803 om
253 1754 274 1803 C
328 1759 350 1801 ⁴.
375 1760 396 1800 ei
411 1756 598 1818 proyreesionem
618 1767 667 1804 orn.
688 1751 727 1800 LP
781 1757 803 1800 5.
819 1753 934 1816 postilla
990 1757 1027 1800 to.
1047 1751 1165 1817 quaedam

90 1823 290 1889 (proponimlll
329 1819 478 1870 occultiorum
497 1821 608 1871 arcer.

89 2001 245 2056 document.
294 1995 400 2070 Itaque
428 1995 583 2051 dicendum
606 2002 684 2050 eret:
721 2005 751 2050 ut
772 1997 893 2066 coniupin
915 1997 1031 2050 meorum
1053 2005 1078 2050 et
1099 2015 1166 2051 oro·

89 2105 150 2140 rum
177 2085 322 2150 inireotor3
357 2099 424 2138 nam
453 2091 483 2137 et
510 2091 609 2136 notura
643 2089 672 2136 et
699 2081 815 2136 dicerent
841 2081 942 2136 insunt
968 2080 998 2136 in
1027 2080 1168 2155 primaria

90 2168 246 2226 sententia
291 2166 396 2225 Cicero
418 2167 518 2223 nescio
541 2165 688 2240 quomodo
710 2165 825 2222 initium
849 2164 992 2223 orationis
1019 2166 1166 2234 deserens,

89 2255 174 2330 quasi
197 2253 334 2310 dixisset:
364 2256 499 2328 primique
520 2254 558 2308 ito
580 2253 734 2322 docuerunt,
757 2261 795 2319 nt,
818 2269 876 2308 non
901 2251 995 2308 solum
1022 2250 1052 2307 in
1069 2260 1167 2308 tanto·

89 2341 198 2418 logiam
222 2339 325 2395 incidit
337 2337 461 2395 similem
474 2338 547 2408 eius,
571 2355 646 2410 quae
658 2337 715 2408 HL
732 2338 768 2393 12
781 2345 884 2394 notata
895 2345 940 2393 est
962 2333 1014 2417 (sio
1032 2357 1167 2412 cooequo·

89 2438 160 2490 reiut,
185 2435 214 2481 et
230 2427 268 2480 ito
276 2427 358 2498 pomo
380 2418 545 2502 redderent),
569 2423 661 2480 sedin
675 2423 767 2479 multo
779 2422 919 2479 maiorem
932 2423 1165 2498 perversitatem,

90 2513 111 2570 si
138 2510 207 2586 quis
230 2510 387 2566 verborum
409 2508 629 2585 grammaticam
658 2509 893 2565 coniunctionem
921 2509 1058 2582 persequi
1086 2509 1166 2565 volet

89 2601 205 2673 (notum
228 2596 354 2652 tributum
366 2596 523 2663 lenonibus,
546 2605 576 2651 ot
593 2595 749 2670 philosophi
764 2591 903 2672 elicerent).
931 2592 1094 2671 [Etiamon
1107 2613 1165 2650 non

89 2683 183 2740 multo
206 2681 293 2737 aliter
309 2680 507 2755 interponitur
518 2682 616 2736 diceret
638 2680 719 2736 Lael.
733 2679 782 2750 35,
806 2681 893 2737 Verr.
904 2681 973 2736 Act.
985 2680 1010 2746 Ι,
1027 2677 1090 2757 14.]

180 2768 228 2824 18.
252 2768 440 2841 oneplitndioeo
462 2767 596 2839 quaedum
619 2766 745 2840 bonorum
771 2761 970 2844 condiebantur)
1004 2765 1166 2840 Imaginem

89 2854 177 2911 duxit
198 2853 236 2908 ab
259 2851 409 2920 aedificiis,
433 2869 508 2925 quae
531 2869 549 2906 a
570 2850 962 2920 sourdementisexeitantur3
986 2851 1058 2907 dicit
1068 2861 1166 2907 autem

89 2941 125 2997 de
148 2938 292 2995 virtutum
326 2938 404 3012 apud
432 2947 547 2993 veteres
574 2937 642 2994 illos
670 2937 879 2994 constitutione
907 2946 936 2992 et
959 2936 1165 3012 explicatione

89 3026 141 3084 sed
165 3022 295 3082 oratorie
328 3023 454 3097 quadam
482 3023 674 3097 ambiguitate
701 3022 738 3078 iis
766 3022 859 3079 utitur
887 3021 985 3078 verbis
1008 3021 1055 3100 (ut
1078 3022 1167 3096 paulo

90 3119 159 3187 post
180 3111 305 3166 obsoleto
327 3107 395 3183 est),
429 3117 578 3182 tamquam
608 3126 666 3164 non
689 3108 725 3164 de
748 3107 916 3177 sententiis,
951 3107 1002 3164 sed
1031 3107 1066 3163 de
1094 3107 1167 3182 ipsis

89 3195 252 3256 virtutibus
274 3213 377 3269 reapse
400 3195 473 3252 ortis
495 3203 525 3250 et
547 3193 710 3269 progressis
732 3193 878 3267 loquatur.
919 3193 1167 3248 Animadverten-

90 3283 145 3340 dus
168 3289 324 3357 practerea
345 3280 393 3337 hic
416 3297 532 3355 quoque
556 3279 698 3336 orationis
715 3279 836 3335 liberior
859 3297 974 3346 cursns;
997 3295 1064 3334 nam
1088 3277 1167 3352 quod

89 3369 174 3425 huic:
193 3368 297 3442 partim
315 3369 453 3440 profectae
471 3368 715 3439 cooetcmplatione
742 3373 797 3420 cat.
825 3363 1003 3438 respondere
1032 3364 1166 3433 debebat,

91 3455 119 3511 id
143 3453 233 3510 aliter
256 3449 469 3508 conformatum
499 3451 541 3506 ita
563 3459 621 3507 est:
645 3452 769 3524 qnodque
797 3451 844 3506 lloo
872 3453 957 3506 solum
984 3451 1086 3516 aramei
1112 3459 1167 3506 cet.

92 3573 130 3580 -
155 3540 340 3612 ternperaotim
365 3539 502 3606 modestia,
525 3539 626 3592 iustitio
650 3570 691 3578 --
712 3536 835 3592 obsolute-
857 3546 896 3591 est
919 3535 962 3612 (id
985 3545 1046 3606 est,
1064 3539 1168 3609 partim

88 3627 229 3698 proseriae
250 3643 268 3678 a
287 3624 598 3697 prrdoreetoppetitr'one
619 3624 754 3678 conmotus
777 3623 909 3677 loon-inum
921 3617 1008 3698 oet.);
1032 3621 1091 3677 vid.
1103 3639 1167 3677 exc.

92 3711 127 3766 ad
149 3711 176 3778 1,
191 3709 241 3765 23.
287 3709 333 3765 De
355 3707 421 3783 ipsa
441 3709 494 3764 illa
515 3707 660 3764 divisione
683 3707 834 3775 virtutum,
858 3725 934 3781 quae
950 3705 1169 3782 hicsigniliceri

93 3796 220 3862 videtur,
244 3794 306 3851 dixi
329 3794 366 3849 ad
389 3797 403 3864 ξ
428 3795 456 3849 l.

179 3900 269 3938 remim
291 3881 467 3954 coerciturum)
502 3878 552 3936 Sic
575 3878 717 3952 scriptum
740 3888 804 3934 eret
825 3878 854 3934 in
879 3877 942 3934 cod.
965 3876 1093 3946 Morelii,
1116 3871 1168 3944 Εξ,

94 3965 171 4024 Gud.
196 3975 335 4038 utroque,
356 3965 424 4022 Bae.
447 3973 660 4037 tenuerantque
683 3962 735 4039 (ex
758 3962 798 4038 R)
827 3963 954 4020 editores
977 3963 1095 4036 quidam
1120 3981 1169 4017 ve·

93 4063 179 4123 teres,
203 4060 237 4108 nt
259 4049 340 4109 crat.
384 4049 483 4108 Ceteri
511 4052 680 4106 oocrrltiornm
708 4046 870 4126 (Gruterus
900 4057 929 4104 et
956 4048 1097 4104 Davisius
1126 4055 1170 4104 ta·

94 4143 217 4216 centes),
240 4135 321 4211 quod
344 4137 432 4193 etiam
454 4136 484 4192 in
507 4155 564 4210 mg.
582 4135 662 4192 Crat.
685 4130 1027 4213 annotatur[ocnlm'ornm
1040 4132 1095 4211 B];
1118 4133 1169 4190 sed

96 4223 245 4300 respuitur
267 4223 297 4279 in
320 4221 375 4278 hac
398 4241 429 4278 re
457 4239 513 4278 usu
535 4221 687 4279 Ciceronis
716 4220 934 4295 comparativus
956 4238 1054 4275 rernm
1078 4233 1170 4294 genus

96 4326 149 4366 non
162 4308 340 4384 simpliciter
350 4308 517 4377 declarens3
540 4307 599 4363 vid.
616 4307 640 4364 1.
655 4309 695 4362 64
718 4307 820 4380 (rernm
832 4308 995 4363 occrrltorom
1007 4308 1172 4378 ipnoretiooe

96 4393 224 4469 culmea),
238 4396 275 4464 V,
293 4394 340 4463 10,
364 4393 457 4451 Acad.
474 4394 499 4458 Ι,
516 4393 562 4448 15.
607 4393 685 4449 Puto
697 4390 727 4448 in
740 4392 840 4449 codice
863 4391 1023 4466 archetypo
1046 4390 1171 4448 obscure
