2948 5024
338 417 402 482 674
728 435 773 480 on
794 433 926 482 minus
948 435 1020 480 sou.

338 603 454 682 suibus,
477 603 647 668 sedetiam
670 603 842 668 animorum
863 603 966 684 eiquo
989 621 1026 670 ex
1042 611 1135 684 parte
1145 609 1248 668 motus
1260 603 1400 684 quosdam

338 706 485 770 videmus
529 705 565 770 lu
592 705 714 770 homine
741 714 845 770 autem
873 723 993 770 summa
1015 706 1114 771 omnis
1136 705 1228 770 animi
1256 715 1309 770 est
1330 713 1359 769 et
1375 703 1399 767 iu

338 807 440 872 animo
462 807 606 886 rationis,
640 827 677 872 er
699 826 761 890 qua
782 807 882 872 virtus
904 813 965 886 est,
999 827 1080 890 quae
1108 808 1236 873 rationis
1257 807 1400 872 absolutio

339 907 493 988 defiuittu,
515 928 608 990 quarn
629 910 722 974 etiam
744 918 837 991 atque
858 909 951 974 etiam
974 900 1185 991 explicandam
1207 919 1329 990 putant

251 999 254 1004 Δ
300 1017 320 1078 ὁ
424 1012 475 1076 39.
496 1009 614 1075 Eorum
635 1011 728 1076 etiam
750 1030 869 1090 rerum,
904 1031 982 1093 quas
1009 1019 1095 1076 terro
1122 1012 1235 1094 gignit,
1268 1010 1399 1091 educatio

337 1113 489 1194 quaedam
511 1119 543 1177 et
563 1111 711 1194 perfectio
733 1121 859 1178 estnon
881 1113 1039 1178 dissimilis
1061 1114 1276 1192 animantium
1305 1114 1398 1193 itaque

338 1224 368 1279 et
390 1214 493 1280 vivere
515 1215 608 1280 vitem
630 1221 662 1282 et
683 1215 762 1280 mori
783 1215 922 1294 dicimus,
943 1217 1149 1297 arboremque
1169 1222 1202 1280 et
1217 1215 1398 1280 novellarnet

339 1317 472 1382 vendam
493 1325 526 1382 et
547 1317 651 1398 vigere
673 1325 705 1382 et
726 1335 902 1396 senescere3
930 1336 968 1382 en
986 1335 1048 1399 quo
1070 1337 1132 1382 non
1150 1324 1199 1382 est
1209 1317 1350 1394 dieucum,
1369 1324 1398 1378 ut

337 1419 560 1498 animantibus,
594 1418 638 1483 sic
660 1418 719 1484 illis
741 1425 773 1484 et
794 1427 869 1500 apta
891 1420 1044 1500 quaedam
1067 1421 1108 1484 ad
1130 1427 1272 1484 naturam
1296 1429 1396 1499 putare

279 1530 320 1594 10
337 1529 369 1586 et
384 1520 510 1599 aliena,
544 1539 712 1602 earumque
741 1521 953 1603 augendarum
981 1529 1012 1586 et
1039 1521 1220 1586 alendarum
1252 1520 1395 1602 quandam

337 1621 494 1688 cudtricem
515 1639 593 1702 esse,
616 1641 697 1704 quae
719 1621 760 1687 sit
781 1623 1016 1705 scientiamque
1028 1623 1305 1704 arsagrioolartnn,
1326 1639 1395 1702 quae

337 1724 542 1816 circumcidat,
565 1731 714 1806 amputet,
736 1725 844 1806 erigat,
868 1725 1008 1805 extollat,
1030 1725 1240 1804 adminiculet,
1269 1715 1317 1802 ut,
1342 1740 1394 1804 quo

397 1935 415 1979 t.
434 1937 508 1979 motus
526 1928 658 1993 atiquooC
694 1935 718 1981 4,
737 1945 782 1992 quc
799 1932 856 1994 (pro
874 1929 994 1993 quaml?
1031 1937 1054 1978 tt.
1073 1930 1136 1979 Post
1152 1927 1253 1979 vetulam
1270 1929 1325 1979 add.
1342 1925 1392 1975 dici·

337 1998 418 2048 macE
458 2004 481 2047 9.
499 1997 680 2048 coincidunt}
723 2007 809 2062 aptare
827 2002 981 2064 tproputare)
996 1998 1040 2047 ΡΒ
1057 2007 1225 2062 amputatoque
1244 1997 1264 2047 C
1285 2012 1393 2045 matare

337 2066 536 2132 amputarequel.
566 2072 596 2114 10
615 2066 810 2116 Priusaome
839 2066 1054 2117 ltct'rcumdatli
1090 2063 1391 2118 adnotataortfcuor.

288 2287 291 2294 ·
338 2259 396 2328 ΠΙ,
409 2259 463 2315 51:
486 2267 515 2314 ut
537 2260 563 2314 t'o
585 2259 749 2328 valetudim,
778 2267 807 2314 ut
828 2261 854 2314 iu
878 2259 1025 2332 intepretata
1046 2277 1185 2329 censuum,
1208 2268 1238 2314 ut
1259 2261 1284 2314 ia
1306 2257 1393 2313 doloris

339 2346 476 2401 vacuitate.
520 2342 616 2399 Paulo
638 2353 707 2418 post
728 2344 805 2400 Dev.
828 2361 844 2400 e
866 2343 950 2400 Parr.
966 2345 980 2400 l
996 2345 1072 2400 etd:
1095 2361 1165 2419 quac
1189 2377 1229 2386 -
1246 2341 1391 2418 applicanda

333 2435 441 2504 putant.
474 2429 510 2486 In
522 2427 650 2498 virtutis,
673 2429 821 2503 adquam
844 2429 1028 2486 ascendendo
1051 2439 1224 2506 perventum
1237 2437 1289 2499 est,
1309 2425 1392 2500 expli-

338 2505 452 2572 catione
475 2532 590 2572 omnem
613 2532 732 2590 operam
755 2514 956 2571 collocandam
978 2514 1170 2590 Peripatetici
1193 2523 1304 2588 putant.

423 2599 472 2656 39.
493 2601 533 2657 ad
553 2608 679 2656 naturam
698 2597 809 2674 putare)
833 2598 883 2659 Sic
899 2599 970 2671 Erl,
996 2599 1073 2676 Spir.
1086 2595 1150 2681 [B],
1173 2599 1231 2668 Et,
1254 2618 1308 2674 mg.
1323 2596 1391 2655 Crat.

337 2683 493 2764 (Marelins
504 2703 562 2742 non
581 2684 710 2742 codicem
727 2685 866 2761 appellat,
890 2684 941 2742 sed
955 2683 1093 2761 „clios“),
1116 2685 1301 2760 restituitque
1312 2681 1391 2741 Gaius

336 2779 403 2848 post
423 2771 609 2840 Lambinum,
638 2770 689 2844 qui
711 2789 742 2828 se
764 2771 879 2828 codices
902 2780 1033 2828 secutum
1056 2771 1218 2847 profitetur.
1262 2769 1335 2828 Hinc
1352 2784 1389 2822 ro

335 2855 477 2933 petitione
499 2853 662 2912 litterarum
684 2855 795 2914 lactum
818 2864 863 2913 est
883 2858 923 2914 od
943 2866 1069 2914 viaturam
1090 2867 1232 2931 amputare
1248 2866 1286 2925 et,
1306 2851 1389 2910 addito

336 2941 490 3017 particula,
508 2951 701 3016 amputorcque
715 2942 757 3016 (in
770 2941 845 3000 Pall.
858 2951 975 3017 praeter
988 2945 1020 3014 4,
1044 2941 1216 2999 Davisianis
1225 2959 1294 3010 sex,
1315 2937 1388 2997 ΟΠ..

337 3027 415 3088 Gud.
429 3030 454 3098 1,
478 3026 583 3101 Mon),
606 3026 665 3083 alia
676 3035 773 3084 autent
786 3026 967 3084 correctione
978 3037 1082 3103 aptaro,
1105 3027 1183 3102 qnod
1200 3023 1355 3084 habetPul
1365 3025 1388 3077 4.

337 3133 374 3172 ex
386 3113 414 3172 R
424 3113 513 3184 Vict,
536 3121 598 3168 tum
611 3111 755 3170 editiones
768 3112 923 3187 posthunc
934 3112 1101 3188 pleraeque,
1125 3112 1288 3170 editoribus
1298 3111 1389 3184 impro

336 3198 482 3256 bentibus.
511 3197 597 3272 Quod
611 3199 699 3254 exod
709 3207 834 3254 eamcam
847 3197 885 3254 etl
897 3201 985 3255 aliem
1006 3197 1189 3274 intellegitur
1199 3199 1235 3256 ab
1245 3217 1285 3265 aa,
1305 3203 1388 3252 noum

337 3286 426 3342 habet
447 3285 569 3360 figuram
593 3291 623 3339 et
640 3282 824 3340 brevitatem.
857 3283 1037 3341 Matthiaeus
1049 3292 1201 3359 comparat
1211 3283 1270 3353 111,
1283 3283 1329 3352 49,
1348 3276 1388 3336 ubi

336 3389 373 3428 ex
395 3371 434 3427 od
455 3389 525 3445 quos
552 3367 590 3424 cd
611 3372 742 3426 contuere
763 3368 882 3426 auditur
903 3377 1016 3426 tantum
1044 3387 1098 3426 eac.
1143 3369 1241 3428 Paulo
1262 3361 1388 3426 antacod·

336 3457 411 3514 Mor.
434 3465 458 3512 et
479 3458 566 3512 mucre
587 3462 612 3510 et
632 3457 719 3527 uipera
740 3465 766 3511 ct
786 3457 860 3511 mori.
885 3452 972 3532 [Mox
984 3455 1144 3512 animalibus
1160 3453 1250 3512 etiam
1262 3455 1297 3526 B,
1308 3449 1390 3508 mnus

336 3551 403 3617 apte
426 3539 524 3610 adid,
548 3537 626 3614 quod
648 3539 806 3614 praecedit,
829 3536 1027 3620 animantium]

419 3621 602 3698 adminicula)
623 3621 805 3702 [Edebaturt
826 3622 1054 3701 adminiculatae]
1076 3626 1205 3700 Propter
1216 3623 1279 3682 cod.
1296 3619 1350 3680 Erl.
1364 3617 1386 3673 lu

336 3711 532 3786 suspicionem
555 3709 723 3768 terminatio
740 3710 823 3768 verbi
851 3710 1024 3785 deponentis
1046 3711 1128 3767 venit
1149 3729 1167 3767 a
1189 3708 1316 3767 librariis
1336 3713 1389 3762 orto

335 3815 408 3866 esse,
431 3805 465 3854 ut
487 3797 626 3854 mamati
651 3795 682 3852 in
704 3797 791 3853 Verr.
807 3798 852 3868 ‘V,
874 3797 931 3853 121
957 3794 1026 3876 (cfr.
1049 3795 1158 3873 Opusc.
1186 3805 1288 3853 noema
1307 3787 1386 3850 Acuti·

334 3884 390 3958 lp.
404 3878 496 3961 372);
520 3900 587 3939 nam
610 3882 708 3939 Varro
730 3889 761 3938 et
782 3880 873 3944 ceteri
888 3883 1057 3939 adminiculo.
1090 3881 1230 3938 Formam
1250 3891 1340 3937 mmen
1363 3871 1385 3928 iu

334 3967 432 4026 verbis
444 3967 638 4026 intransitivis
649 3967 762 4042 primae
774 3967 1002 4044 coniugatiouis,
1025 3983 1100 4041 quae
1122 3984 1140 4023 a
1161 3965 1326 4022 nominibus
1345 3959 1387 4016 du·

335 4064 448 4124 cuntur,
471 4063 531 4110 tam
554 4053 692 4111 usitatam
716 4051 761 4130 [et
782 4052 812 4108 in
834 4053 891 4110 hoc
912 4052 977 4128 ipso
988 4053 1079 4110 verbo
1096 4041 1387 4109 confirmatamaPri·

334 4140 433 4198 sciano
455 4159 483 4215 p.
497 4140 556 4195 791
571 4147 601 4196 et
613 4139 683 4210 927,
708 4137 790 4195 cuius
812 4138 978 4195 Freundiuc
999 4133 1175 4216 admonuit]
1209 4145 1320 4194 mutare
1339 4145 1387 4188 non

334 4243 421 4284 ausus
444 4244 518 4295 sum,
542 4243 607 4282 cum
630 4224 666 4281 de
688 4223 793 4281 ceteris
815 4223 986 4282 melioribus
1009 4222 1158 4280 codicibus
1170 4241 1229 4279 uon
1248 4223 1387 4280 constaret

334 4307 436 4390 [Nunc
464 4311 622 4368 accedente
649 4309 675 4367 B
698 4327 763 4368 cum
786 4308 908 4366 Baitero
931 4304 1065 4387 mutavi]
1109 4307 1226 4365 Deinde
1244 4309 1344 4382 poseat
1358 4304 1389 4357 irc

335 4395 487 4453 Davisium
511 4413 636 4470 sequens
658 4393 812 4452 Emestius
834 4394 968 4469 scripsit;
1001 4412 1068 4451 nam
1091 4394 1116 4451 si
1138 4403 1246 4451 natura
1266 4391 1387 4450 arborum
