2920 5012
3 553 4 644 i
91 567 160 646 quod
179 567 361 648 tranquillet
382 569 517 647 enimse,
549 573 617 634 tum
638 588 710 651 spe,
744 569 820 634 nihil
842 586 950 633 earum
971 587 1076 633 renim
1097 570 1152 633 de-

90 669 219 746 futurum,
241 688 321 752 quas
344 677 459 734 natura
481 690 543 736 non
565 672 740 753 depravata
761 672 926 737 desideret
972 667 1017 732 Et
1043 689 1151 752 quem-

89 773 237 837 admodum
271 771 431 836 tamen'tes
465 777 498 837 et
529 773 625 839 libido
655 781 688 839 et
713 774 836 856 ignavia
864 791 988 852 semper
1015 772 1151 836 animum

88 875 248 940 excruciant
281 881 315 939 et
347 892 472 956 semper
499 875 667 941 sollicitant
699 877 957 956 turbulentaeque
987 881 1074 954 sunt,
1108 875 1153 940 sic

88 976 247 1056 loomobtoe
279 976 306 1040 si
343 977 431 1042 curius
468 977 501 1042 in
533 983 637 1044 mente
670 977 823 1058 consedit,
855 977 915 1042 boe
945 977 1030 1058 ipso,
1068 977 1190 1059 quode

358 399 403 446 nn
427 399 508 446 nnn.
530 400 594 446 nm.
616 402 628 446 1
651 401 724 448 cnr.
750 401 857 449 ra-ro.
1111 383 1153 448 99

143 1216 915 1282 r.ooseacpronacora)cooo0m.1³ntcndmttemrc
949 1215 1152 1267 Etomomnee

3 1261 4 1264 Ἴ
87 1231 508 1365 mataledopemernmat
573 1287 814 1352 &eesnperoralr
867 1285 1150 1385 5.trnprobo'taeriom.

86 1370 170 1415 omnen
187 1353 303 1403 obticetr'tr'a
320 1353 388 1404 echa
406 1355 449 1404 Or.
468 1370 526 1404 curn
543 1357 627 1405 mendi
647 1357 714 1406 notis

3 1545 4 1590 3
85 1547 162 1622 igitur
182 1547 304 1604 verbum
328 1546 482 1616 eiusmodi,
505 1555 539 1602 ut
560 1546 634 1604 haee
656 1556 735 1606 esset
755 1545 852 1605 torma
873 1545 1016 1604 orationis
1038 1553 1069 1602 et
1085 1557 1163 1603 sen·'

3 1643 5 1652 '
86 1633 194 1689 entiae:
215 1633 323 1706 aliquid
334 1631 439 1708 (affert)
451 1651 511 1690 cunc
522 1653 573 1688 soa
585 1636 619 1689 vi.
643 1631 709 1710 [Sic
726 1634 756 1690 A
768 1629 908 1709 prone]
935 1633 1150 1708 componam,

86 1717 152 1792 quod
171 1718 321 1788 edebatur,
346 1716 440 1776 Gzius
461 1718 592 1776 restituit
612 1737 650 1776 ex
674 1719 755 1789 „suis
777 1718 931 1776 omnibus
956 1711 1026 1795 (Εξ)
1049 1715 1118 1795 [Α].

157 1814 253 1860 notura
275 1823 327 1859 non
349 1802 513 1901 dapmnum)
535 1804 674 1861 inanibus
696 1804 907 1904 cupiditatibus
930 1804 973 1901 (ξ
983 1803 1052 1879 43);
1081 1823 1149 1862 nam

85 1897 151 1945 reete
175 1888 317 1946 iudicanti
340 1872 587 1964 εὐσυμπλήρωτόν
613 1907 646 1946 rs
667 1908 717 1946 και
740 1873 914 1962 εὐπόριστον
941 1879 976 1946 τὸ
998 1885 1057 1945 τῶν
1079 1879 1149 1961 ἄγα-

87 1971 140 2029 crte
158 1967 251 2050 πέρας
275 1973 377 2052 (Diog.
394 1974 436 2043 X,
462 1973 546 2049 133).
579 1973 701 2032 Excidit
721 1994 774 2032 non
795 1973 825 2031 in
838 1973 921 2031 codd.
939 1973 1149 2043 deterioribus3

89 2059 204 2116 restituit
214 2059 328 2135 primus
338 2059 515 2128 Lambinue;
538 2059 687 2117 hebebant
700 2060 832 2137 (praeter
843 2059 917 2134 Eri)
940 2060 1003 2117 cod.
1015 2059 1084 2118 Ure.
1097 2057 1149 2138 (ἲ),

84 2143 138 2200 Pal
162 2148 192 2210 1,
222 2144 346 2221 Scalig.,
371 2144 449 2220 Spir.
492 2146 529 2202 In
552 2144 598 2202 El.
623 2147 640 2202 2
664 2155 728 2203 erat
749 2148 976 2203 naturanoodum
988 2148 1148 2221 depravato,

3 2289 4 2298 ,
83 2229 168 2287 inutili
189 2230 360 2288 mutatione.
409 2231 566 2302 Desiderat,
600 2232 679 2306 quod
712 2249 824 2308 paucae
857 2239 971 2288 veteres
1005 2231 1149 2288 editiones

83 2314 217 2372 habebunt
239 2316 289 2392 (R,
312 2317 439 2387 Marsus,
462 2315 624 2374 Lambinus
636 2317 666 2373 in
679 2336 770 2394 marg.
792 2325 884 2392 repet.
896 2316 965 2373 edit.
988 2336 1065 2386 e„v.
1077 2315 1148 2390 c.“),

3 2431 4 2486 ᾗ
83 2401 174 2458 deinde
196 2401 360 2473 Gruterus,
388 2400 543 2470 Davisius,
573 2401 652 2460 On.
676 2403 837 2471 ediderant,
860 2401 942 2458 nulle
963 2402 1078 2459 adiecto
1100 2420 1149 2460 co·

3 2539 4 2544 ,
83 2485 167 2544 dicum
187 2487 336 2544 mentione
360 2487 441 2563 (nam
460 2486 582 2546 Gruteri
605 2496 676 2545 nota
697 2488 735 2545 ad
757 2487 849 2546 solem
878 2506 980 2546 vocem
1008 2509 1059 2546 cion
1081 2507 1148 2564 per·

83 2571 166 2647 tinet),
189 2573 219 2628 in
242 2572 394 2630 codicibus
417 2592 495 2644 esse,
516 2592 596 2630 nunc
613 2573 730 2630 demum
748 2573 951 2644 confirmetur3
974 2593 1042 2630 nem
1054 2571 1148 2632 Gaius

3 2671 5 2722 1
82 2658 183 2714 rettulit
199 2660 355 2730 deside-ot,
389 2659 482 2716 nihilo
511 2658 579 2734 plus
608 2658 717 2716 dicens.
768 2658 995 2718 Coniunctivum
1018 2658 1149 2736 postulat

83 2744 164 2800 oratio
186 2743 315 2818 obliqua

155 2831 194 2886 Et
216 2827 454 2904 quemadmodum)
487 2827 608 2886 Retinui
630 2840 663 2899 ct,
686 2829 818 2888 additum
841 2849 859 2886 a
880 2829 1039 2900 Lambino,
1068 2829 1147 2903 quod

83 2915 234 2972 necessario
246 2914 329 2986 haee,
353 2933 428 2989 quae
440 2933 456 2971 e
469 2915 617 2972 contraria
633 2923 717 2991 parte
740 2915 901 2973 iniustitiae
913 2913 1059 2987 dicuntur,
1081 2933 1148 2972 cum

83 3000 269 3074 superioribus
291 3000 491 3057 connectenda
513 2999 641 3058 fuerunt.

154 3089 191 3142 sic
212 3087 370 3161 improbitas
392 3089 418 3143 si
436 3085 526 3161 cuius)
550 3087 584 3144 In
608 3086 761 3144 meliorum
779 3086 912 3144 codicum
936 3086 1055 3164 (Po1.1,
1073 3085 1145 3157 Eri,

84 3166 159 3244 spir,
180 3191 237 3248 mg.
260 3169 357 3247 Crat.)
380 3171 526 3247 scriptura
554 3171 606 3250 (sic
628 3175 703 3230 adue
725 3175 752 3230 in
773 3182 857 3228 mente
878 3173 996 3228 consedit
1018 3172 1066 3228 boc
1088 3174 1146 3247 apso

84 3258 144 3326 quod
163 3259 239 3314 adest
261 3257 414 3314 turbulenta
436 3267 461 3314 et
477 3261 502 3314 ci
513 3258 586 3333 uero)
608 3267 733 3334 apparet
748 3258 892 3315 excidisse
904 3257 1068 3315 subiectum
1080 3275 1145 3314 sen·

84 3341 187 3408 tentiae,
209 3351 272 3400 tum
295 3343 417 3400 verbum
431 3343 532 3400 deesse
554 3343 591 3400 ad
603 3343 780 3401 adiectivum
793 3345 958 3413 turbulento3
980 3361 1049 3400 nam
1064 3352 1145 3400 recte

84 3425 171 3484 ebesse
193 3428 334 3504 possein
362 3428 415 3484 tali
437 3429 585 3500 oratione,
620 3427 696 3487 Gzio
720 3429 896 3486 eredendum
919 3447 977 3486 non
1001 3437 1054 3486 est.
1097 3431 1145 3486 Ac

84 3513 190 3570 corbum
211 3514 331 3589 quidem
353 3513 383 3570 in
406 3524 430 3570 et
452 3514 554 3583 latere,
578 3533 652 3589 quae
663 3515 908 3590 perticulaplane
931 3533 988 3572 non
1007 3515 1145 3572 convenit

85 3613 138 3654 cum
159 3603 183 3655 si
201 3619 272 3670 nero,
294 3599 371 3656 vidit
391 3600 450 3656 iam
473 3598 632 3658 Gruterus.¹
663 3600 835 3660 Subiectum
846 3600 927 3658 varie
938 3601 1059 3671 addunt,
1081 3601 1144 3676 ple·

83 3682 154 3756 rique
179 3704 215 3742 ex
238 3685 341 3744 Ursini
365 3685 480 3757 codice,
503 3686 533 3742 id
556 3695 609 3758 est,
633 3685 815 3744 coniectore:
848 3689 886 3744 sic
908 3689 1037 3743 iniustitia
1058 3689 1143 3757 acius,

81 3767 159 3840 paolo
169 3771 447 3828 durioreverborum
460 3771 561 3828 ordine
573 3779 603 3828 et
615 3771 732 3829 relativi
738 3773 956 3840 coniunctions;
968 3771 1144 3830 Lambinus:

82 3854 114 3907 sic
136 3859 206 3912 <moa
232 3861 259 3912 in
286 3867 372 3912 merite
398 3860 541 3928 oductotz'd3
574 3857 605 3914 in
634 3867 734 3915 nostra
754 3858 869 3915 ratione
892 3858 933 3930 (in
957 3877 1043 3932 quern
1071 3857 1144 3914 inci-

82 3936 154 3996 derat
174 3943 258 3998 etiem
288 3961 393 3999 censor
422 3941 539 4017 quidam
567 3943 704 4001 editionis
732 3941 878 4019 Gzianae)
912 3953 942 4000 et
968 3942 1085 4001 facilior
1111 3943 1144 3999 fic

82 4025 165 4081 oratio
185 4039 212 4084 et
234 4039 367 4104 apparet,
390 4027 505 4085 librarii
527 4029 643 4086 oculum
666 4030 818 4086 oberrasse
837 4030 868 4086 in
880 4029 985 4086 litteris
1002 4031 1048 4086 cic.
1084 4027 1144 4088 Sed

81 4111 220 4183 epodos
241 4114 347 4189 scripsi
369 4113 468 4189 potius
490 4133 577 4188 quem
600 4118 738 4186 incoctilia,
768 4115 846 4190 quod
867 4116 1143 4191 prudentiaeteme-

80 4193 195 4268 ritatem,
216 4199 429 4275 temperantiae
440 4199 591 4260 libidinem
614 4199 719 4260 Cicero
747 4201 908 4258 contrarias
935 4201 1049 4277 posuit,
1083 4219 1142 4258 non

79 4279 290 4356 imprudentiam
314 4296 344 4342 et
365 4285 635 4362 intemperentiam,
658 4295 689 4344 et
709 4287 787 4361 quod
810 4288 943 4362 seqnitur
963 4289 1143 4364 improborum

75 4367 147 4434 lactc
168 4379 194 4426 et
209 4370 278 4448 (53)
294 4373 456 4446 sufflandum
466 4373 666 4446 improbitatem
696 4375 731 4432 In
746 4392 790 4444 eo,
814 4373 892 4446 qnod
904 4374 929 4431 Ι.
939 4373 974 4432 F.
988 4373 1142 4432 Gronovio

903 4489 936 4541 78
