2944 5040
62 1510 79 1569 Ι.
105 1507 151 1571 DE
171 1506 345 1572 TURBATIS
370 1507 424 1572 ET
447 1507 690 1576 DISSOLUTIS
719 1509 946 1575 ORATIONIS
974 1509 1073 1576 CON-

130 1625 263 1705 NEXAE,
287 1625 447 1691 MAXIME
474 1626 741 1708 BIPERTITAE,
770 1628 970 1694 MEMBRIS.

374 1831 421 1878 AD
444 1833 506 1879 LIB.
528 1833 540 1878 1
563 1833 590 1880 C.
616 1835 639 1890 7,
658 1836 699 1882 2³.

460 1990 613 2000 ——--

69 2109 133 2166 icam
156 2109 189 2164 de
209 2128 238 2165 re
259 2127 356 2185 magna
378 2128 415 2166 ex
438 2119 521 2184 parte
543 2119 718 2186 pervagata,
742 2111 794 2167 sed
816 2111 931 2169 dicendi
953 2129 1071 2170 causam

53 2196 120 2264 roeo,
142 2193 260 2270 primum
280 2203 309 2252 nt
330 2213 366 2252 ea
386 2195 545 2270 corrigam,
578 2213 653 2269 quae
682 2215 775 2271 nuper
802 2196 838 2253 de
866 2197 920 2254 hac
947 2197 1013 2273 ipsa
1039 2216 1071 2254 re

54 2299 74 2334 n
95 2291 170 2336 recte
192 2279 330 2354 disputata
352 2291 420 2338 sunt
441 2281 478 2336 ab
501 2281 657 2338 eiusmodi.
667 2281 746 2350 viro,
770 2281 819 2356 qui
842 2283 949 2339 multos
972 2291 1072 2340 aucto·

53 2375 97 2420 ate
119 2384 171 2421 sua
192 2375 329 2422 tracturus
349 2385 413 2423 esse
425 2366 569 2435 videatur,
593 2366 698 2424 deinde
716 2377 803 2438 ntea,
828 2386 902 2441 quae
914 2367 1072 2443 particula·

54 2471 61 2506 r
83 2452 119 2506 ab
141 2451 205 2506 aliis
227 2451 426 2508 animadversa
448 2461 477 2508 et
502 2461 729 2509 commemorata
756 2463 837 2524 sunt,
869 2453 1072 2530 coniungendo

60 2536 181 2592 clariore
203 2536 266 2592 luce
287 2555 393 2610 ponam
417 2547 446 2592 at
468 2537 535 2593 hinc
547 2556 720 2613 progressus
732 2539 875 2612 quaedam
895 2538 989 2595 minus
1002 2549 1073 2596 nota

54 2622 165 2694 foedum
189 2631 312 2678 tractata
334 2622 500 2696 adiungam.

82 2709 167 2780 Quae
184 2707 214 2762 in
231 2706 332 2782 lingva
353 2707 482 2764 nondum
505 2727 558 2783 par
580 2707 666 2782 plura
677 2709 794 2765 saecula
807 2727 912 2783 prosae
930 2709 1071 2766 orationis

53 2793 98 2847 ria
124 2791 246 2869 exeplta
268 2791 356 2850 facile
380 2793 506 2849 dabatur
527 2793 614 2850 venia
636 2793 781 2851 libertatis
809 2794 948 2851 cotidiani
977 2804 1005 2852 et
1027 2793 1071 2852 fa·

54 2877 111 2932 aria
136 2878 286 2947 sermonis
308 2879 340 2934 in
363 2878 487 2954 dialogis
510 2879 682 2953 praesertim
705 2879 878 2949 imitandae,
903 2898 1018 2954 quaque
1040 2880 1070 2936 in

57 2983 83 3018 m
109 2963 266 3020 scribendi
290 2962 387 3021 forma
399 2963 485 3020 Plato
507 2964 654 3020 interdum
667 2965 767 3028 utitur,
790 2964 821 3019 in
834 2963 976 3021 libris'de
999 2965 1071 3042 legi·

65 3049 92 3104 si
118 3047 186 3104 eius
210 3059 293 3120 sunt,
318 3049 458 3118 abutitur,
482 3068 545 3105 earn
558 3049 667 3106 multae
684 3057 752 3106 sunt
769 3067 873 3105 causae
896 3067 948 3106 cur
966 3049 1070 3108 Cicero

53 3153 63 3189 s
87 3133 198 3204 libris,
225 3153 305 3208 quos
329 3135 365 3191 de
388 3135 576 3210 philosophia
598 3135 729 3209 scripsit,
759 3135 801 3190 ita
823 3134 879 3191 sibi
902 3153 1070 3192 concessam

54 3219 91 3291 it,
121 3227 156 3276 ut
179 3218 341 3276 interdum
365 3220 480 3278 modum
494 3220 635 3276 excedere
647 3220 790 3276 videatur.
819 3220 1070 3278 Namntomnino

53 3323 86 3360 nc
123 3323 246 3380 genere
278 3305 445 3362 disserendi
479 3315 508 3362 et
535 3305 657 3362 docendi
691 3324 793 3380 saepe,
828 3305 980 3362 sententiis
1011 3305 1070 3362 iarn

54 3393 73 3446 's
101 3399 135 3446 et
161 3390 313 3447 oratione
338 3391 525 3458 adumbrata,
550 3390 642 3447 multa
663 3399 832 3458 occurrunt,
866 3409 940 3464 quae
963 3390 1070 3448 adres

54 3475 152 3532 endas
179 3485 212 3532 et
227 3475 410 3552 diligentius
422 3476 709 3551 comprehendendas
721 3476 896 3554 pertineant,
919 3476 961 3532 ita
978 3475 1070 3534 multo

75 3561 247 3618 orationis
280 3580 404 3619 cursum
434 3561 577 3618 retardari
595 3572 625 3617 et
639 3561 803 3618 institutum
822 3561 927 3618 mutari
951 3579 1069 3618 necesse

74 3648 155 3720 quis
181 3665 255 3704 non
283 3665 358 3704 suas
380 3648 540 3704 sententies
563 3647 706 3722 explicet,
740 3647 792 3704 aed
819 3646 930 3704 alienas
959 3657 989 3703 et
1010 3647 1069 3704 alio

54 3753 81 3788 ie
110 3741 197 3789 ante
224 3733 404 3808 expositae,
428 3752 481 3790 suo
504 3733 633 3789 nondum
656 3741 810 3803 tractatas,
839 3731 969 3789 breviter
991 3751 1069 3790 com·

54 3827 91 3874 et
128 3837 175 3874 ex
212 3819 382 3875 universis
410 3817 573 3894 disciplinis
602 3817 754 3893 decerptas
782 3817 980 3892 particulatim
1004 3837 1069 3893 per·

53 3924 64 3960 a
96 3911 266 3961 conetur.
322 3905 402 3960 Nam
424 3915 454 3960 et
482 3903 570 3979 patrii
593 3904 735 3960 sermonis
763 3903 987 3978 impedimenta,
1022 3921 1069 3960 res

54 3990 175 4047 entiae
212 4009 290 4046 non
324 3989 413 4046 facile
442 3989 660 4063 subsequentis,
695 3988 840 4045 vincenda
872 3997 939 4045 sunt
967 4007 1068 4063 saepe-

65 4074 199 4131 verbis
230 4075 409 4132 dicendum
437 4083 467 4131 et
495 4074 684 4131 excusatione
711 4073 850 4130 utendum
879 4082 907 4129 et
939 4073 974 4129 de
997 4073 1069 4148 ipsis

54 4161 183 4234 liquid
222 4161 397 4217 interdum
426 4160 543 4217 aliunde
571 4158 778 4217 admonitionis
806 4169 835 4215 et
864 4158 1070 4233 explicationis

61 4246 349 4320 terponendum
374 4255 427 4302 est.
472 4245 504 4304 Si
516 4254 613 4302 autem
631 4244 719 4300 etiam
740 4244 814 4302 illud
836 4244 1006 4314 accesserit,
1036 4253 1069 4300 nt

58 4331 267 4389 festinans
299 4349 406 4389 curam
428 4331 631 4389 retractandae
653 4330 795 4387 orationis
822 4328 912 4388 semel
934 4327 1018 4386 fusae
1039 4337 1071 4387 et

831 4445 866 4500 50
