2956 5028
347 339 410 404 288
726 355 786 400 ‘os
808 353 939 402 rmmus
962 355 1033 402 nou.

348 543 476 590 neeesse
497 533 559 602 est,
581 543 621 588 ne
642 523 819 605 aliquando,
841 522 964 588 emissis
986 521 1061 602 illis,
1094 523 1134 588 sit
1161 523 1264 588 miser.
1309 525 1439 590 Beatus

347 635 452 693 sutem
491 645 561 692 esse
594 627 624 690 in
670 625 872 690 maximarum
904 643 1010 689 rerum
1042 625 1154 691 timore
1191 644 1282 691 nemo
1314 633 1439 708 potest.

348 731 398 796 87.
420 729 519 794 Nemo
541 728 635 810 igitur
657 747 727 794 esse
748 727 859 792 beatus
880 732 993 808 potest
1032 728 1143 810 Neque
1164 728 1247 793 euim
1269 729 1300 792 in
1323 729 1438 811 aliqua

418 956 439 1003 1.
458 948 506 1000 itt
523 949 659 1000 aninsula
711 954 735 998 ³.
754 949 835 1000 ὸοατω
853 965 905 1000 me
922 949 944 998 lt
962 949 987 998 in
1005 949 1057 1000 olio
1079 948 1178 1000 Lucu

348 1157 437 1216 timus
465 1159 509 1235 (A
531 1157 656 1233 Moseri)
680 1157 793 1215 cluditur.
838 1154 964 1238 [Moneri
984 1157 1154 1216 testimonio
1176 1158 1314 1216 Baiterus
1337 1157 1438 1214 refra-

347 1239 457 1324 gatur]
490 1244 601 1301 Eadem
624 1243 769 1302 dubitatio
793 1251 838 1302 est
859 1243 889 1300 in
907 1243 1159 1301 conditionalibus
1176 1243 1339 1314 sententiis,
1367 1262 1438 1300 eum

347 1340 416 1407 post
449 1349 499 1386 ees
532 1327 659 1386 infertur
691 1349 794 1387 neeesse
826 1339 879 1400 est,
913 1348 965 1385 non
1004 1331 1123 1402 intellego
1155 1328 1301 1386 similiave
1329 1329 1437 1386 verbs.

349 1415 388 1473 N.
410 1416 449 1472 D.
471 1417 497 1486 I,
522 1415 540 1472 2
564 1414 660 1472 editur
682 1433 773 1472 nuno:
807 1433 891 1490 eaque
918 1412 1092 1493 (dissensio)
1116 1417 1169 1472 nisi
1189 1416 1366 1486 driudieemr,
1409 1417 1437 1470 r'n

347 1520 450 1558 summo
476 1519 566 1558 more
588 1519 692 1558 πέσωσι
713 1511 752 1558 est
774 1501 1007 1558 torninesversart
1028 1498 1080 1580 (ed
1102 1519 1166 1557 eum
1188 1499 1331 1578 formem,
1356 1517 1436 1574 quse

348 1594 394 1644 est
426 1587 513 1644 huius
541 1586 639 1662 operis
666 1588 706 1658 V,
746 1587 814 1658 15);
859 1587 911 1644 sed
943 1585 1048 1662 optimi
1081 1586 1207 1656 eodioes,
1240 1603 1300 1642 nou
1333 1586 1435 1642 solum

346 1671 482 1748 plurimi,
516 1671 628 1728 habent
649 1673 831 1742 diiudicatum
866 1671 918 1729 cfr.
941 1671 977 1728 de
1000 1670 1083 1730 Orat.
1105 1672 1131 1742 1,
1156 1671 1210 1740 503
1245 1669 1317 1749 [pro
1343 1671 1435 1728 Rosc.

348 1759 451 1815 Amer.
478 1757 547 1829 139,
571 1757 608 1814 de
630 1756 689 1817 off.
711 1758 771 1829 III,
795 1757 845 1830 21,
869 1757 919 1814 ubi
942 1757 972 1814 iu
995 1755 1192 1814 condicionali
1215 1756 1364 1814 sententia
1388 1755 1434 1813 fn-

348 1852 445 1900 turum
468 1841 537 1921 est].

437 1929 486 1986 87.
521 1947 578 1986 erse
600 1922 706 2006 beatus)
738 1929 863 1985 Inverso
895 1927 999 1985 ordine
1028 1932 1168 1998 „omnes“
1193 1925 1278 1999 Gaii,
1306 1937 1435 2001 excepto

349 2013 429 2072 Gud.
449 2015 477 2084 2,
500 2014 531 2071 in
553 2032 621 2089 quo,
645 2014 729 2071 utin
753 2012 798 2070 ed·
822 2013 924 2083 Marsi,
947 2013 1034 2070 haee:
1056 2031 1130 2070 nenio
1151 2022 1292 2088 -potest
1314 2011 1433 2068 excide-

348 2108 418 2156 runt
444 2107 565 2176 propter
591 2099 748 2176 repetitum
772 2108 869 2174 potest.
914 2097 972 2176 [At
999 2098 1081 2156 But
1107 2095 1222 2176 ueteri]
1266 2098 1345 2156 Tum
1374 2113 1431 2152 nou

348 2184 477 2242 dubitari
499 2193 612 2261 potest,
641 2184 711 2259 quin
734 2185 764 2241 in
788 2184 851 2241 eod.
874 2183 1035 2260 archetypo
1056 2182 1147 2241 fuerit
1168 2185 1244 2249 duci,
1279 2192 1313 2239 ut
1335 2192 1382 2239 est
1403 2181 1432 2236 in

349 2269 426 2327 Pau.
456 2271 607 2340 omnibus,
633 2266 698 2350 [B,]
731 2269 918 2340 Davisisnis,
947 2268 1042 2340 Oxm,
1077 2267 1202 2327 Grianis
1224 2277 1343 2344 praeter
1365 2267 1433 2324 Bas.

349 2364 379 2412 et
401 2353 480 2413 Gud.
507 2357 533 2426 1,
557 2355 622 2412 edd.
646 2364 714 2412 ante
736 2357 883 2413 Venetam
910 2355 999 2412 1494.
1026 2355 1140 2412 Verum
1150 2353 1205 2428 ,hic
1227 2371 1285 2411 non
1309 2352 1346 2410 de
1369 2351 1431 2409 exi·

347 2440 515 2499 stimutione
538 2440 647 2516 ulique,
670 2440 723 2497 sed
744 2441 780 2496 de
803 2457 858 2498 usu
880 2439 1020 2514 loquendi
1042 2439 1148 2498 Cicero
1176 2439 1304 2514 quoerit3
1334 2453 1429 2512 neque

347 2535 417 2601 apte
438 2526 556 2584 videtur
578 2529 604 2582 in
628 2525 808 2602 praepositio
831 2525 888 2582 uisi
910 2525 948 2582 ad
969 2525 1092 2582 verbum
1115 2527 1177 2582 dim.
1222 2524 1309 2598 Quod
1332 2533 1428 2581 autem

348 2611 457 2670 Rethio
480 2621 542 2669 turn
566 2610 610 2689 [in
634 2612 836 2688 essoripturs,
860 2610 998 2686 adquam
1010 2619 1078 2667 ente
1100 2629 1155 2668 nos
1177 2610 1251 2668 nihil
1264 2619 1429 2667 eratenno-

347 2705 457 2753 tatum:
491 2715 537 2770 neo
564 2699 718 2772 appellatur
747 2717 815 2754 oum.
838 2700 893 2754 ultr
915 2697 993 2754 beatu
1014 2699 1069 2753 nisi
1088 2693 1174 2773 confi]
1202 2696 1248 2754 bis
1270 2695 1350 2752 idem
1373 2691 1429 2750 dici

348 2781 465 2840 videtur
486 2800 541 2839 neo
563 2781 712 2840 diversum
734 2782 792 2839 hoo
814 2801 878 2838 esse
901 2783 939 2838 sb
962 2800 1006 2852 eo,
1030 2783 1109 2856 quod
1131 2782 1279 2856 sequium,
1308 2799 1345 2838 ee
1367 2777 1429 2854 qui·

349 2867 415 2924 dem
438 2865 561 2925 offensio
584 2887 642 2924 non
667 2867 762 2925 minus
785 2868 842 2924 erit
863 2865 894 2923 in
917 2867 1011 2924 altera
1033 2867 1189 2942 scriptura,
1218 2865 1359 2940 quoniam
1382 2864 1428 2920 hio

349 2953 449 3028 opinio
462 2953 612 3010 hominum
624 2961 654 3009 et
664 2953 805 3027 loquendi
827 2971 898 3010 usus
921 2953 1023 3010 eodem
1046 2952 1113 3010 loco
1135 2961 1230 3008 erunt
1263 2951 1371 3025 Itaque
1388 2947 1427 3004 sic

348 3037 525 3095 declaranda
547 3037 664 3095 videtur
692 3039 855 3096 sententiae
883 3037 1065 3114 progressio:
1097 3038 1170 3094 nicht
1196 3039 1244 3094 mit
1265 3037 1361 3110 Bezuq
1382 3034 1432 3106 απ]Ι

348 3125 421 3181 einen
453 3125 543 3187 utut,
582 3125 700 3181 eundern
728 3127 783 3199 aus
808 3125 851 3181 die
879 3124 978 3180 Douer
1010 3125 1060 3180 der
1088 3125 1149 3180 Zeit
1176 3123 1261 3198 pfleyt
1288 3141 1352 3178 murt
1378 3121 1428 3177 dut

348 3211 440 3266 Leton
470 3211 604 3283 qltotlr'clt
636 3229 671 3266 zu
703 3228 818 3281 neuneu,
858 3211 917 3266 und
949 3209 1064 3282 (dator)
1096 3210 1170 3266 wind
1200 3209 1352 3282 rtberlrmcpt
1379 3206 1427 3262 dos

348 3295 439 3351 Leton
467 3297 540 3352 nicht
571 3297 615 3352 au
645 3295 779 3368 qtuokuet
807 3295 968 3366 bezeiotnet,
1008 3295 1086 3351 deror
1115 3313 1143 3351 es
1173 3294 1342 3368 qesotmsseu
1374 3289 1427 3347 ulad

347 3381 477 3437 υοὶἱιηάει
498 3383 541 3437 ist.
587 3379 652 3458 (sic
664 3380 742 3438 enim
758 3379 925 3438 necessario
943 3379 1089 3456 intellegi,
1120 3379 1199 3453 quod
1227 3377 1334 3438 Oioero
1361 3374 1428 3434 dicit

348 3467 469 3540 consecto
491 3476 516 3522 et
537 3466 670 3538 absoluti,
694 3475 728 3522 ut
744 3484 919 3537 eumannus,
942 3467 1009 3537 dies,
1034 3466 1138 3536 bedrtm,
1161 3467 1231 3522 vitoe
1251 3483 1349 3522 ornnes
1370 3479 1425 3520 cou-

342 3553 394 3624 fioi
414 3550 523 3608 dicitur
544 3561 574 3607 et
595 3551 644 3609 hio
665 3552 729 3622 III,
760 3553 799 3609 76
823 3562 968 3608 eumenum
997 3553 1067 3608 vitoe
1094 3551 1163 3607 diem
1192 3559 1275 3607 morte
1297 3551 1425 3624 contem,

348 3645 457 3694 annoto
479 3647 601 3712 propter
623 3637 798 3713 interpretes
821 3635 998 3707 Germanou,
1021 3636 1072 3710 qui
1089 3635 1176 3692 aliter
1197 3643 1359 3706 verterunt,
1381 3649 1424 3687 ve·

348 3722 407 3793 riti,
432 3741 478 3793 ne,
501 3722 580 3796 quod
602 3721 649 3779 hio
672 3722 794 3791 dieitur,
828 3731 974 3798 pugnaret
1000 3739 1066 3779 oum
1101 3740 1146 3792 eo,
1175 3720 1254 3796 quod
1282 3720 1424 3795 sequitur:

349 3827 432 3882 neque
454 3817 575 3882 espectet
597 3811 718 3864 ultimum
740 3817 842 3882 tenuius
865 3817 920 3864 oet.
966 3806 1025 3867 Sed
1052 3807 1101 3864 hio
1129 3807 1234 3865 Cicero
1262 3806 1357 3864 utitur
1377 3817 1424 3878 pr0

348 3893 517 3950 testimonio
540 3893 750 3950 consvetudiue
763 3893 955 3967 loquentium,
979 3892 1040 3967 qui,
1063 3891 1142 3966 quod
1164 3891 1348 3968 perpetuitas
1359 3901 1423 3947 tem·

349 3979 618 4053 porisrequiratur,
647 3988 709 4036 tum
738 3977 855 4035 demum
882 3977 1000 4034 beatum
1027 3978 1119 4034 vitem
1147 3977 1260 4048 dioent,
1295 3995 1361 4033 cnm
1391 3967 1423 4027 ad

349 4065 436 4120 linem
459 4064 641 4140 pervenerit;
663 4063 704 4121 ibi
733 4063 819 4122 docet
846 4083 883 4120 ex
912 4062 1154 4140 philosophorum
1172 4061 1328 4130 sententis,
1357 4061 1423 4118 hanc

349 4167 414 4206 esse
437 4149 541 4206 beatae
564 4150 643 4207 vitae
666 4158 811 4222 naturam,
835 4157 877 4218 ut,
900 4149 926 4206 si
948 4149 1039 4206 semel
1062 4148 1206 4206 eiusmodi
1228 4145 1333 4206 fuerit.
1357 4161 1422 4204 sem·

349 4252 403 4309 por
425 4234 462 4291 ed
484 4235 571 4292 finem
594 4231 772 4314 perveniet.)
816 4235 866 4292 Me
889 4243 987 4292 temen
1009 4235 1041 4291 in
1062 4234 1151 4291 olium
1168 4233 1366 4310 suspicionem
1385 4229 1422 4284 in·

350 4319 431 4377 ducit
452 4319 515 4376 eod.
538 4320 740 4397 Erlengensis,
763 4339 890 4395 quocum
912 4320 938 4377 si
960 4320 1035 4378 ulios
1047 4320 1139 4378 bonos
1151 4319 1317 4378 consentire
1327 4317 1422 4376 scirem
