2920 5012
389 431 433 476 ur
455 429 536 476 maa.
553 429 616 476 nm.
634 429 646 474 1
668 428 740 476 car.
760 432 785 476 a.
1085 410 1124 474 21

85 599 193 665 Rnhlios
213 600 424 665 multoeciam
446 599 557 682 magis;
585 617 718 680 quorum
744 597 795 663 ille
821 597 968 663 iudicium
989 595 1129 662 reformi-

86 703 156 778 dans,
185 703 361 767 Tarentinis
387 701 432 767 ait
458 720 493 768 se
519 708 552 765 ct
572 701 767 767 Consentinis
790 708 823 765 et
843 700 953 766 Siculis
986 701 1130 766 scribere.

85 805 173 870 Faceta
203 804 231 869 is
264 805 403 886 quidem,
437 804 517 869 sicut
548 802 622 882 alia;
656 804 713 868 sed
740 821 841 885 neque
867 809 932 868 tam
953 803 1036 868 docti
1062 808 1129 868 tum

86 915 162 986 eunt,
179 908 219 972 ad
236 925 369 988 quorum
390 906 536 971 iudicium
557 905 740 986 elaboraret,
762 915 794 971 et
815 912 888 971 sunt
908 905 991 970 illius
1013 905 1130 986 scripta

83 1008 190 1088 leuiora,
210 1013 247 1074 nt
273 1007 434 1074 urbanitas
461 1026 581 1072 summa
602 1013 768 1090 appareat,
795 1007 936 1075 doctrina
957 1006 1129 1072 mediocris.
1147 1005 1168 1072 5

84 1111 105 1173 8.
131 1109 188 1193 Ego
219 1117 324 1175 autem
356 1129 447 1192 quem
479 1110 605 1174 hmeam
642 1109 802 1190 lectorem,
835 1130 904 1176 cum
936 1111 977 1174 ad
1014 1115 1059 1187 te,
1092 1127 1132 1174 ne
1166 1177 1168 1180 ,

83 1211 188 1278 Graecis
208 1212 335 1294 quidem
356 1213 515 1278 cedentem
537 1213 569 1277 in
589 1212 799 1294 philosophia,
821 1214 952 1278 audeam
974 1211 1131 1277 scribere?

83 1314 254 1396 Quamquam
276 1333 295 1380 a
317 1321 349 1379 te
370 1315 439 1396 ipso
455 1314 488 1378 id
504 1314 629 1396 quidem
650 1313 729 1379 facio
751 1322 938 1397 provocatus
955 1313 1132 1396 gratissimo

81 1417 139 1480 nihi
169 1417 259 1496 hhro,
294 1435 387 1498 quem
419 1417 460 1482 ad
491 1435 542 1482 me
568 1418 609 1481 de
639 1417 755 1482 vhmte
781 1417 900 1482 misisti.
945 1415 1008 1481 Sed
1035 1434 1073 1481 cn
1095 1433 1132 1480 eo

81 1512 156 1584 uado
175 1519 359 1600 quibusdam
382 1537 443 1584 usn
463 1519 577 1597 venire,
599 1526 636 1584 ut
656 1518 846 1584 abhorreant
860 1536 880 1583 a
895 1518 1024 1598 Latims,
1046 1518 1130 1600 quod
1149 1519 1190 1584 10

134 1710 153 1753 ³.
171 1705 234 1756 uliae
250 1720 351 1764 omues,
380 1704 422 1756 Or.
458 1705 539 1758 naec
581 1715 636 1756 tuno
662 1705 750 1758 PCOr.
796 1711 818 1756 6.
842 1722 886 1772 eqo
912 1705 1004 1771 quidem
1025 1705 1131 1770 queruli

79 1773 170 1824 mm
186 1776 233 1825 llm
252 1777 314 1836 (nou
333 1774 381 1832 uh)
414 1779 436 1824 8,
458 1773 602 1842 [prouocatio
622 1774 676 1843 ΑΙ]
694 1775 872 1840 ρναυὺεὺηοίι
902 1780 939 1824 10.
962 1773 1027 1842 [urai
1041 1773 1132 1835 υσηίνο,

79 1853 150 1895 mutat
168 1847 198 1894 ah
216 1845 271 1894 ead.
291 1859 322 1893 m.
343 1845 369 1892 in
387 1841 448 1894 allud
463 1843 554 1893 evenire
571 1843 606 1912 A]
626 1843 705 1894 certia
722 1861 766 1894 aaa
784 1843 903 1896 LPMCR

148 2021 213 2074 aest
233 2015 302 2092 aliu)
337 2017 387 2077 Sic
408 2017 535 2078 Ursinus
568 2017 599 2075 in
626 2018 726 2076 codice
754 2037 818 2076 esse
846 2017 962 2089 scribit,
996 2027 1132 2094 suspecto

79 2103 243 2174 testimoui03
277 2103 330 2160 sed
356 2103 420 2161 iure
447 2103 542 2180 ipsam
570 2104 745 2180 scripturam
766 2103 874 2180 probat
894 2103 1133 2180 Wesenbergius.

77 2187 141 2244 Nam
170 2188 297 2264 primum
324 2190 395 2246 elios
427 2190 505 2266 apud
527 2188 699 2248 Ciceronem
728 2199 757 2246 et
784 2208 886 2247 omnes
912 2197 981 2247 ante
998 2189 1133 2253 ,Plinium

78 2285 112 2328 est
130 2275 179 2331 ulio
200 2285 329 2350 ternpore,
352 2293 510 2350 numquam
532 2277 586 2332 alio
608 2278 677 2346 looo;
700 2275 745 2352 (in
767 2275 852 2350 epist
874 2275 912 2332 ad
933 2275 1027 2332 Attio.
1044 2275 1133 2346 XVI,

78 2361 117 2426 11,
138 2361 155 2416 7
177 2361 362 2436 apertissime
385 2369 500 2437 tempus
519 2361 714 2437 significatur3
737 2361 813 2418 scire
836 2361 908 2433 vult,
930 2361 981 2435 qui
1003 2361 1133 2418 nuncin

75 2443 123 2500 illis
143 2445 212 2502 locis
234 2446 331 2522 gratia
351 2447 489 2514 floreant,
523 2447 661 2521 quoniam
683 2465 742 2505 non
764 2447 851 2504 iidem
875 2465 992 2522 semper
1012 2445 1135 2523 gratiosi

75 2529 147 2606 sint);
169 2532 311 2607 temporis
333 2541 432 2589 autem
453 2532 628 2608 significatio
651 2532 681 2589 in
703 2531 821 2609 scriptis
839 2532 881 2590 sic
893 2532 1017 2590 citandis
1033 2532 1134 2607 inepta

75 2625 118 2670 est
146 2615 261 2674 Deinde
278 2619 349 2674 alias
371 2617 516 2694 significat
532 2637 622 2675 unum
639 2617 759 2692 aliquod
781 2617 860 2676 aliud
883 2627 1007 2694 tempus.
1038 2617 1134 2692 Atqui

74 2717 118 2756 nec
136 2701 198 2760 loeo
221 2721 281 2760 uno
303 2702 363 2760 alio
385 2721 439 2760 nec
461 2711 592 2779 tempore
614 2701 709 2761 facete
731 2703 863 2762 Lucilius
881 2703 1040 2779 scripserat
1050 2702 1134 2762 Cice-

66 2786 140 2844 -ronis
170 2787 296 2856 iudicio,
330 2789 382 2846 aed
414 2807 502 2866 saepe
535 2789 641 2861 multa,
664 2789 694 2846 id
717 2798 775 2860 est,
808 2791 873 2846 aba.
917 2788 1064 2847 Litterula
1096 2807 1134 2845 ex

73 2874 191 2946 sequenti
212 2891 287 2930 voce
309 2874 451 2932 adhaesit

144 2961 192 3018 aad
212 2979 298 3034 neque
320 2971 376 3016 tum
396 2962 469 3017 docti
489 2962 557 3035 etc.)
602 2959 771 3020 Sententiae
793 2959 882 3037 paulo
911 2959 1064 3018 obscurius
1092 2959 1135 3016 sio

75 3041 232 3102 ohanna:
267 3044 327 3104 Sed
349 3063 444 3121 neque
466 3056 543 3116 tum,
567 3046 592 3103 si
615 3045 784 3122 Scipionem
807 3054 837 3102 et
857 3045 1001 3102 Rutilium
1024 3054 1053 3102 et
1074 3043 1134 3102 ior·

73 3139 137 3186 tasse
168 3129 364 3216 paucissimos
397 3131 472 3190 ahos
504 3131 651 3207 excipias,
685 3139 770 3188 eraut
801 3131 935 3188 homines
962 3139 1023 3187 tatu
1045 3129 1135 3202 docti,

75 3231 147 3286 qaam
167 3235 248 3272 nunc
270 3225 348 3286 sunt,
371 3217 409 3274 ad
431 3236 556 3292 quorum
571 3217 713 3274 iudicium
731 3216 841 3293 scripta
857 3234 910 3274 sua
932 3225 1135 3292 componeret3

73 3299 185 3375 (imque,
222 3320 289 3359 cum
317 3320 350 3360 se
382 3302 419 3359 ad
447 3302 543 3360 minus
571 3302 706 3360 excultae
728 3301 924 3360 multitudinis
947 3309 1064 3377 captum
1087 3319 1136 3358 ac·

74 3388 273 3458 commodaret,
306 3387 371 3445 iure
404 3388 527 3446 subtiles
548 3389 616 3446 illos
638 3388 765 3446 arbitros
787 3386 929 3464 vitabat);
963 3397 993 3444 et
1025 3387 1136 3463 scripta

72 3467 114 3528 illa
142 3472 257 3531 leuiora
290 3483 373 3544 aunt,
407 3483 441 3531 ut
468 3474 519 3531 vix
552 3474 647 3532 videri
680 3483 789 3548 queant
816 3491 944 3531 summos
965 3473 1033 3531 illos
1055 3473 1136 3530 viros

74 3555 209 3616 doetrinae
233 3558 320 3635 copia
342 3569 441 3616 tenere
475 3559 615 3636 potuisse.
670 3560 756 3635 (Tum
785 3579 839 3635 pro
872 3569 933 3616 tuac
960 3557 1049 3616 ctiam
1072 3558 1135 3616 eod.

73 3639 136 3700 Vtra
157 3655 187 3701 et
209 3644 354 3702 Davisius
376 3663 392 3702 e
416 3645 510 3702 tribus
533 3645 617 3722 suis.)

143 3730 170 3786 8.
193 3751 228 3786 ne
253 3730 367 3788 Graecas
390 3733 497 3806 quiden
519 3729 664 3808 cedualam.)
687 3730 863 3789 Vidnead.
885 3731 910 3800 I,
937 3730 990 3802 12,
1014 3729 1134 3786 Tuscul.

72 3811 102 3873 V.
135 3818 149 3872 l
173 3827 202 3873 et
229 3816 278 3872 30.
323 3817 464 3874 Veterem
498 3817 678 3875 academiam
712 3817 749 3872 ab
781 3816 932 3874 Antiocho
965 3815 1136 3872 suscitatam

72 3895 167 3958 Brutus
196 3901 379 3976 sequebatur
407 3903 500 3978 (Plut.
522 3903 606 3961 Brut
630 3902 673 3979 2).
728 3900 847 3977 Scripta
867 3901 954 3960 Bruti
976 3901 1012 3957 de
1039 3899 1135 3976 philo·

74 3985 164 4060 sophia
186 3985 391 4060 Quintilianus
423 4007 481 4045 nou
512 3989 698 4046 mediocriter
720 3986 821 4044 laudat
842 3988 889 4059 X,
916 3989 947 4058 1,
973 3985 1048 4056 1233
1082 3983 1135 4043 cfr.

70 4068 174 4149 llialog.
208 4073 247 4130 de
281 4083 355 4130 orat.
380 4075 429 4131 21.
485 4074 606 4132 Librum
636 4077 670 4132 de
696 4077 805 4136 ocriae,
840 4091 926 4147 quern
956 4071 994 4128 ad
1016 4069 1135 4131 Cicero-

71 4172 125 4212 nem
145 4159 278 4228 miserat,
302 4158 332 4216 id
355 4167 409 4232 est,
431 4159 459 4216 ei
475 4159 680 4237 inscripserat,
697 4160 829 4217 nominat
851 4157 965 4218 Seneca
987 4155 1075 4217 Cous.
1097 4157 1134 4214 ad

70 4239 144 4300 Helu.
167 4245 200 4314 93
225 4245 261 4301 dc
282 4245 378 4318 officiis
400 4245 552 4305 Charisius
574 4266 604 4322 p.
621 4247 661 4304 83
684 4253 714 4302 et
734 4244 879 4302 Priscian.
901 4264 930 4320 p.
954 4243 1025 4314 679,
1048 4262 1134 4318 quern

71 4324 159 4386 Scaea
182 4349 231 4406 ep.
255 4329 306 4400 95,
330 4331 371 4388 45
393 4318 460 4408 aspi
482 4314 670 4406 καθήκοντος
692 4329 837 4407 appellat3
860 4333 894 4387 de
910 4333 1044 4406 patientia
1061 4329 1135 4386 Dio·

71 4414 154 4474 uades
175 4435 206 4493 p.
231 4415 304 4474 378.
