2938 5020
403 420 447 466 eu
471 419 551 466 iren.
569 421 631 466 nm.
649 421 673 466 u
696 420 768 467 cer.
789 428 812 467 ⁴.
1092 407 1150 469 157

91 590 165 670 quid
194 588 337 669 Epicurus
369 588 465 666 dicat,
503 605 562 669 ego
603 607 664 652 uon
697 588 863 670 intellego?
914 591 959 655 Ut
991 589 1071 655 scias
1105 610 1153 656 rue

91 690 270 771 intellegere,
322 691 457 770 primum
510 689 592 754 idem
636 689 734 773 [esse]
784 692 852 756 dico
901 692 1153 773 voluptatem,

90 793 172 872 quod
207 792 253 856 ille
283 783 398 869 ἡδονήν,
452 791 494 856 Et
531 791 658 872 quidem
685 810 781 873 saepe
813 789 990 874 quaerimus
1025 793 1154 858 verbum

90 893 224 957 ledum
251 912 309 974 per
335 892 457 958 Graeco
489 899 521 958 et
542 895 627 975 quod
647 895 731 959 idem
752 895 868 972 voleat3
902 895 951 961 hic
983 895 1058 960 nihil
1085 895 1152 972 fuit,

90 995 171 1075 qnod
190 1013 413 1075 quaereremus.
455 995 582 1060 Nullum
608 995 740 1060 inveniri
768 997 895 1060 verbum
917 1003 1035 1078 potest,
1069 998 1191 1078 quode

91 1096 183 1176 magis
200 1097 277 1161 idem
299 1097 436 1162 declaret
462 1097 589 1175 Latine,
623 1099 707 1178 quod
729 1097 862 1176 Graece,
895 1117 987 1180 quem
1016 1099 1154 1164 declarat
1221 1111 1224 1118 ·

163 1303 181 1352 l.
197 1300 293 1364 qnodli
335 1306 360 1352 2.
378 1299 405 1349 id
418 1309 453 1350 est
467 1303 523 1365 {pro
533 1300 637 1358 idemlll
654 1317 705 1350 cese
723 1303 857 1351 sineuueis
868 1301 912 1354 Or.
952 1302 1093 1368 voluptatem
1102 1303 1155 1352 dcco

90 1367 137 1414 ΜΓ,
185 1372 206 1421 ³.
226 1368 344 1436 [ledonem
355 1367 390 1436 A]
437 1368 540 1433 equidem
560 1369 701 1433 (om.et)E
740 1369 891 1436 [quaeremur
910 1369 961 1438 Αἱ]
1018 1377 1041 1423 5.
1062 1373 1154 1422 uerbum
1194 1390 1197 1396 ·

89 1435 297 1487 outremer.
334 1443 359 1492 6,
376 1454 447 1502 quoru
468 1437 590 1487 Graecei]
609 1437 673 1501 qrcod
691 1435 784 1488 Graece
803 1433 885 1508 ἡὸοιή
905 1438 949 1493 Or.

89 1643 223 1717 voluptas,
245 1645 298 1702 sed
321 1644 357 1701 de
379 1644 511 1718 nomine,
535 1645 796 1720 disputaturusque
809 1643 913 1702 Cicero
936 1646 972 1701 de
994 1646 1024 1701 ri
1046 1663 1081 1702 ac
1104 1664 1155 1701 no-

88 1727 164 1784 tione
181 1730 220 1786 rei
242 1730 370 1806 primum
394 1729 474 1802 dicit,
497 1749 552 1805 pro
575 1729 694 1788 Graeco
706 1729 826 1805 Epicuri
838 1729 956 1787 nomine
974 1749 1005 1786 se
1016 1731 1155 1787 Latinum

89 1813 264 1885 substituere,
288 1814 369 1888 quod
392 1814 467 1882 idem
490 1815 650 1890 significet:
681 1815 796 1888 „Quam
819 1833 880 1872 rem
903 1815 953 1871 ille
976 1802 1082 1890 ἡδονήν
1104 1834 1155 1890 sp-

87 1897 180 1972 pellat,
201 1901 322 1957 eandem
345 1901 623 1976 egovoluptstem.“
658 1902 722 1956 Aut
744 1899 834 1976 igitur
856 1897 1012 1956 delendum
1035 1910 1157 1957 estesse

88 1993 137 2040 sut
159 1985 248 2058 potius
269 1984 472 2042 scribendum:
494 1987 564 2042 idem
587 2005 643 2059 epo
665 1987 733 2056 dieo,
757 1992 790 2041 ut
812 1985 880 2042 huic
902 1985 1069 2060 pronomini
1087 2003 1155 2042 con·

87 2069 202 2126 tretium
228 2069 266 2126 sit
293 2069 421 2127 alterum
448 2071 498 2127 ille.
551 2071 791 2145 Dicoooluptatem
820 2089 921 2126 omnes
934 2067 1003 2128 Gzii
1031 2079 1155 2146 excepto

88 2151 164 2210 Gud.
186 2157 216 2225 1,
237 2165 267 2212 et
289 2155 333 2212 sic
354 2154 468 2229 aliquot
494 2153 560 2212 edd.
582 2165 651 2212 ente
673 2155 840 2213 Monetium
861 2154 964 2228 (Crat,
987 2155 1096 2227 Vict.);
1118 2155 1156 2212 eb

88 2237 137 2294 illo
158 2238 220 2296 inde
241 2240 330 2297 tacite
353 2239 464 2297 editum
486 2243 536 2297 ool.
560 2241 627 2298 dico.

169 2326 232 2381 idem
259 2327 378 2382 doelnret
395 2325 507 2394 Latiae,
536 2327 611 2399 quod
636 2320 753 2404 Graece)
785 2324 901 2398 Aperte
928 2325 1074 2381 sententie
1102 2335 1155 2396 est,

88 2407 195 2466 nullum
215 2429 278 2466 esse
302 2409 441 2468 Latinum
463 2429 585 2480 nomen,
619 2409 697 2484 quod
720 2408 868 2468 Graecum
897 2409 952 2466 sibi
975 2410 1156 2484 respondens

89 2492 177 2568 magis
197 2495 352 2570 exprimat,
375 2513 464 2568 quem
486 2495 624 2570 voluptas
642 2495 789 2570 exprimat
812 2493 865 2567 (id,
889 2495 968 2568 quod
985 2495 1012 2551 ei
1034 2513 1156 2570 respon-

88 2574 178 2657 deat).
219 2579 277 2638 Sed
300 2579 425 2638 eonium
446 2579 566 2638 notione
578 2579 714 2650 nominis,
737 2578 816 2654 quod
838 2578 949 2654 duplex
972 2589 1032 2648 est,
1061 2579 1156 2638 Gree-

87 2679 151 2718 cnm
171 2676 200 2720 et
220 2665 369 2736 lerinum,
392 2673 422 2721 et
442 2665 495 2736 rei,
518 2683 594 2738 quse
617 2683 676 2722 una
692 2673 746 2736 est,
768 2663 970 2740 neglegentius
993 2673 1023 2720 et
1038 2665 1157 2721 brevius

87 2747 127 2804 sic
149 2748 229 2818 dixit,
252 2760 402 2824 tamquam
425 2769 515 2806 unum
544 2761 620 2807 esset
648 2749 779 2807 eiusdem
807 2748 850 2806 rei
879 2767 984 2806 nomen
1008 2747 1156 2807 Graecum

87 2840 116 2888 et
136 2833 279 2904 Latinum,
303 2835 483 2909 retinuitque
506 2835 584 2892 idem
603 2835 765 2892 subiectum
789 2834 819 2891 in
842 2843 967 2908 utraque
989 2843 1072 2908 perte
1091 2853 1157 2892 sen·

89 2919 192 2974 tentiae
213 2921 296 2996 (idem
317 2922 435 2977 declaret
457 2921 557 2976 Lotire
578 2922 653 2994 quod
677 2917 807 2998 Graece),
848 2937 911 2976 oum
940 2919 1065 2976 alterum
1089 2919 1157 2976 sub·

89 3003 166 3060 stitni
189 3003 306 3062 deberet
328 3005 417 3083 (qnod
442 3005 544 3062 Graece
570 3003 729 3082 Graecurrr).
774 3005 860 3062 Hanc
887 3005 1062 3061 sententiam
1091 3021 1156 3061 cum

88 3087 223 3146 Davisius
245 3109 302 3147 non
331 3091 540 3166 perspexisset,
563 3099 631 3166 post
656 3089 759 3147 Graece
781 3108 797 3144 e
820 3089 883 3146 cod.
901 3088 1002 3148 Ursini
1025 3086 1157 3166 (scimus,

89 3173 182 3246 qualis
197 3174 246 3248 sit)
262 3183 293 3232 et
308 3176 388 3249 quod
401 3175 430 3231 in
444 3175 490 3232 ul.
507 3177 538 3243 1,
562 3175 691 3232 omnium
714 3174 857 3250 pessimo,
886 3174 1013 3248 spatium
1032 3192 1156 3230 vacuum

88 3269 177 3326 esset,
209 3259 321 3316 eddidit
349 3249 451 3335 ἡδονή,
485 3261 674 3336 pessumdato
702 3269 765 3317 toto
786 3259 862 3316 loco.
907 3257 957 3317 Sic
990 3259 1067 3315 enim
1101 3259 1158 3316 hoc

89 3353 198 3400 tentum
229 3345 345 3414 dicitur,
378 3347 538 3420 voluptatem
576 3345 681 3402 melius
720 3363 807 3418 quam
840 3343 900 3401 elie
933 3346 1011 3400 droise
1040 3347 1080 3401 rei
1105 3363 1158 3400 no·

88 3428 163 3484 mina
195 3430 358 3504 exprimere
388 3427 536 3487 Graecum
565 3418 684 3504 qdoaqm
718 3447 776 3486 non
804 3447 891 3505 posse
924 3432 951 3485 in
979 3429 1027 3486 doc
1054 3433 1157 3486 aoirriuc

88 3513 233 3570 meliorem
255 3515 378 3590 reperiri
400 3515 681 3591 interpretationem.
725 3515 830 3589 Itaque
859 3522 990 3589 poteret,
1024 3515 1159 3587 quemvis

87 3599 156 3656 nrlnil
185 3610 261 3656 esset
282 3599 402 3668 melius,
425 3611 523 3657 tamen
546 3599 641 3676 ipsum
664 3618 768 3674 perum
791 3597 908 3657 Graeco
930 3600 1107 3674 respondere
1130 3609 1159 3656 et

87 3701 198 3740 summa
229 3703 292 3742 esse
320 3703 410 3742 cause
437 3685 568 3742 melioris
595 3683 846 3760 interpretationis
874 3684 1076 3758 requirendae.
1120 3685 1159 3741 Et

88 3777 183 3826 temen
205 3789 263 3826 nou
285 3771 380 3828 solum
403 3789 505 3827 omnes
527 3788 629 3827 vocem
653 3769 733 3826 illem
756 3777 922 3840 tenuerunt,
946 3769 997 3826 sed
1010 3767 1103 3827 Gzius
1125 3769 1155 3825 in

88 3853 144 3910 Erl.
169 3863 199 3910 et
221 3853 299 3930 Spir.
320 3863 423 3912 narret
444 3874 507 3912 esse
531 3856 638 3912 hedone.
672 3856 719 3912 De
741 3855 803 3912 Erl.
825 3853 952 3922 fellitum
976 3872 1069 3930 paene
1086 3854 1158 3924 dixi,

88 3939 234 4011 mentitur,
257 3941 286 3996 in
308 3950 368 3997 tam
392 3940 503 3998 diserte
524 3939 729 4010 affirmatione,
753 3940 783 3996 in
805 3939 916 4008 telire3
939 3939 1069 4012 namqui
1087 3938 1158 3995 mihi

88 4025 213 4082 codicem
237 4025 433 4094 contulerunt,
456 4043 569 4096 vocem,
592 4044 668 4099 quse
691 4023 806 4082 eratin
829 4024 964 4100 exemplo
992 4024 1086 4095 edito,
1110 4024 1159 4080 de·

89 4107 228 4167 levenrnt.
272 4111 340 4168 Non
364 4110 475 4180 minus,
508 4109 579 4167 mihi
603 4110 698 4180 crede,
722 4109 833 4168 erravit
854 4109 890 4166 de
913 4109 992 4184 Spir.
1025 4107 1158 4186 [letzim

88 4207 149 4252 ante
168 4205 259 4271 potest
280 4194 380 4251 addidi
403 4213 480 4252 nune
503 4214 540 4251 ex
556 4197 587 4252 A
609 4205 639 4252 et
660 4194 722 4252 Erl.
745 4205 775 4251 et
796 4192 846 4272 Β.]
891 4195 963 4252 Mox
986 4196 1159 4252 iucarrditotie

88 4299 187 4338 cracem
211 4281 302 4337 etiem
325 4279 403 4356 Spir.
426 4278 483 4358 [B]
511 4289 541 4336 et
563 4279 642 4338 Gud.
667 4281 694 4336 2.
725 4279 824 4338 Ceteri
846 4280 974 4336 editores
996 4289 1095 4338 tacent
1117 4281 1159 4336 al·

88 4373 175 4424 terum
199 4365 334 4424 ordinem
357 4373 490 4423 tenentes
512 4363 594 4444 [cum
615 4363 669 4441 A].
