2920 5012
339 426 381 492 58
730 445 776 491 nn
798 443 929 494 mutnus
951 445 1022 492 sou.

336 614 458 680 etiamsi
489 615 531 678 acl
563 631 677 696 corpis
699 613 774 678 nihil
796 611 964 694 referatur,
997 613 1059 680 ista
1087 632 1145 679 sna
1167 623 1279 695 sponte
1301 621 1333 678 et
1354 631 1417 696 per

337 733 371 781 se
393 733 462 782 esse
483 715 628 796 iucunda,
661 735 718 798 per
747 735 782 782 se
808 723 893 782 esset
913 723 944 781 et
966 719 1066 781 virtus
1088 724 1121 781 et
1141 716 1275 799 cognitio
1298 734 1417 794 rernm,

336 819 421 900 quod
442 817 566 884 minime
586 817 637 883 ille
658 818 733 898 virlt,
756 820 938 900 expetenda.
983 820 1033 885 26.
1056 819 1143 884 Haec
1169 819 1265 900 igion
1286 817 1418 900 Epicuri

336 939 398 985 non
419 920 532 1002 probo,
558 919 693 1002 inquam.
737 920 785 986 De
806 927 910 987 cetero
937 921 1048 986 vellem
1079 922 1222 1003 equidem
1254 927 1310 986 aut
1343 920 1417 1002 ipse

405 1113 428 1157 ι.
452 1105 523 1176 [asa
541 1107 642 1159 min
659 1107 694 1177 a]

421 1285 525 1339 etiamsi
555 1285 594 1340 od
619 1301 716 1358 comos
743 1283 811 1340 nihil
836 1286 983 1358 rm'oumrl
1019 1283 1065 1341 De
1098 1303 1130 1340 re
1162 1282 1221 1340 vid.
1250 1281 1288 1338 ad
1316 1285 1331 1351 ς
1365 1283 1418 1338 55.

335 1367 440 1426 Mirari
462 1367 568 1442 aliquis
591 1369 700 1444 possit,
735 1368 906 1427 Ciceronem
936 1369 966 1426 in
995 1369 1051 1426 hac
1079 1369 1192 1426 inclusa
1215 1366 1363 1424 sententia
1387 1377 1418 1424 ct

336 1453 477 1531 pendenti
500 1472 640 1529 praesens
661 1465 777 1530 tempus
799 1455 954 1512 retinuisse
977 1473 1031 1512 nec
1053 1456 1090 1511 ad
1109 1453 1342 1512 condicionalem
1355 1451 1419 1509 for-

336 1559 411 1597 mam
435 1539 593 1615 primariae
615 1559 678 1596 eam
702 1541 952 1612 accommodasse,
976 1541 1005 1598 in
1024 1559 1059 1598 ea
1075 1540 1246 1617 praesertim
1264 1557 1310 1608 re,
1336 1557 1418 1612 quae

336 1644 395 1682 non
418 1635 502 1682 extra
525 1625 724 1683 condicionem
748 1635 778 1682 et
799 1626 836 1682 ab
866 1645 901 1682 aa
923 1627 1056 1684 seiuncta
1076 1626 1310 1701 intellegeretur,
1347 1642 1418 1680 cum

335 1710 406 1768 alibi
428 1720 549 1786 propter
570 1719 671 1768 notum
694 1711 864 1768 Latinorum
888 1711 1015 1769 studium
1039 1712 1199 1769 sententias
1221 1727 1354 1766 annexas
1380 1709 1419 1766 ad

335 1795 490 1873 primarias
512 1795 595 1853 verbi
618 1806 749 1872 tempore
777 1797 1015 1854 accommodandi
1038 1798 1075 1854 ad
1098 1794 1329 1854 condicionalem
1354 1793 1418 1852 ior-

334 1901 412 1939 mam
435 1881 523 1938 etiam
546 1900 582 1938 ea
604 1892 737 1952 revocet,
765 1901 840 1956 quae
863 1892 963 1940 noster
981 1901 1083 1940 sensus
1105 1882 1239 1958 diiungat
1260 1889 1418 1954 tamquam

335 1969 373 2024 ad
401 1987 462 2024 rem
490 1985 592 2024 veram
615 1975 644 2024 et
671 1978 855 2044 praesentem
877 1969 1069 2044 pertinentia:
1103 1966 1161 2027 Off.
1183 1966 1231 2038 11,
1260 1967 1315 2023 51:
1341 1967 1421 2040 qood

334 2055 456 2117 scrihere,
474 2055 636 2129 praesertim
658 2073 716 2110 cum
746 2055 780 2110 dc
797 2053 968 2129 philosophia
989 2055 1185 2124 scriberem,
1208 2073 1259 2108 ιιοιι
1274 2051 1417 2118 crederem,

334 2143 389 2196 moi
409 2149 478 2208 etc.;
501 2139 538 2194 ad
560 2139 642 2196 Fam.
665 2139 760 2208 XIII,
786 2140 835 2210 66,
862 2142 893 2196 l:
917 2141 951 2196 A.
968 2141 1108 2197 Caecinam
1131 2159 1181 2196 ιιοιι
1203 2138 1417 2196 commendarem

335 2226 395 2283 tihi.
428 2245 487 2280 cum
520 2227 653 2284 scirem.
689 2243 744 2299 quo
769 2226 829 2298 fide
855 2229 882 2280 ιἰι
911 2235 969 2282 tuos
996 2227 1124 2282 soleres
1157 2243 1227 2282 csse.
1261 2225 1313 2278 nisi
1342 2232 1417 2290 etc.;

334 2311 428 2368 Acad.
451 2311 498 2380 11,
523 2309 577 2367 65:
611 2311 720 2385 Itaque.
754 2313 807 2366 nisi
828 2313 944 2385 ineptum
967 2321 1092 2386 putorem
1114 2314 1142 2367 in
1164 2312 1213 2368 loli
1234 2309 1418 2383 disputatione

333 2398 364 2453 icl
379 2397 482 2470 succro,
506 2427 547 2436 -
569 2399 685 2452 iurarem
707 2415 748 2453 mc
769 2415 800 2452 ca
818 2399 921 2457 rendre.
940 2415 1009 2472 quoe
1031 2399 1176 2454 dicerem
1197 2391 1242 2476 (id
1264 2401 1318 2460 est,
1343 2413 1417 2451 ιιιιιιυ

333 2476 421 2559 ιΙίυο);
444 2481 574 2557 Philipp.
597 2482 640 2552 V,
665 2481 720 2538 51:
753 2481 855 2538 audebo
876 2485 955 2538 etcum
977 2483 1093 2556 ohliporc
1109 2483 1194 2556 fidem
1215 2499 1313 2544 meum.
1338 2480 1417 2553 quod

329 2570 464 2644 projecto.
498 2587 556 2624 cum
589 2586 629 2624 nte
662 2569 736 2623 tirello
769 2570 808 2622 m's
841 2578 987 2640 copcret,
1014 2571 1110 2642 socero
1132 2587 1183 2623 uon
1204 2567 1329 2622 auderem
1356 2577 1413 2621 etc.

334 2652 427 2731 [Add.
445 2653 600 2717 Verr.IIl,
627 2653 696 2722 127,
719 2651 961 2732 promitto]
994 2653 1066 2711 Ideo
1089 2653 1136 2710 hic
1157 2653 1199 2722 H,
1224 2651 1262 2708 22
1286 2649 1413 2707 dicitur:

333 2758 391 2796 cum
409 2741 572 2815 pracsertim
593 2748 694 2795 esset.
723 2749 752 2794 ot
773 2747 802 2794 tu
824 2741 889 2797 ais.
913 2749 982 2810 etc,
1006 2758 1064 2797 non
1088 2743 1130 2800 sil.
1154 2747 1183 2796 et
1210 2737 1239 2808 I,
1275 2736 1314 2792 27
1339 2755 1413 2810 quac

333 2827 446 2888 diceret,
479 2843 538 2881 non
565 2843 634 2898 qum
661 2825 733 2880 dicit.
778 2821 1078 2901 [Plusquampericcti
1101 2823 1238 2899 exempla
1264 2829 1334 2878 sunt
1358 2841 1413 2897 pro

334 2909 407 2969 Sull.
434 2911 485 2966 14:
518 2912 700 2983 investiqosset
722 2943 762 2950 -
785 2913 933 2984 operuisset
955 2943 995 2952 --
1020 2913 1191 2979 uindicussct,
1214 2909 1244 2965 in
1267 2906 1328 2964 Pis.
1356 2909 1412 2977 81,

332 3015 387 3072 pro
420 2995 493 3052 Rab.
522 2995 604 3052 Post.
640 2996 695 3065 33,
729 3013 783 3070 pro
816 2994 880 3052 Mil.
915 2993 980 3074 82]
1035 2997 1138 3054 Livius
1171 3011 1286 3069 quoqne
1319 2993 1412 3062 VIII,

334 3083 363 3152 5,
388 3081 421 3137 3:
460 3081 575 3156 Tempus
602 3091 660 3138 croi
692 3083 797 3136 totalem
831 3083 884 3136 iam
907 3101 952 3138 vos
980 3084 1112 3139 nobiscum
1141 3081 1207 3137 m'hil
1224 3098 1277 3155 pro
1299 3079 1414 3154 imperio

332 3185 419 3240 apere,
442 3185 501 3224 cum
516 3168 734 3242 florentissimum
756 3185 824 3222 κυιιι
846 3167 957 3224 Latium
980 3169 1145 3225 videretis
1167 3175 1221 3224 etc.
1267 3163 1414 3223 Similiter

333 3261 421 3326 atque
454 3251 501 3309 hic
529 3253 617 3311 I'usc.
640 3252 670 3324 Ι,
701 3252 754 3308 6οι
782 3253 863 3316 illud,
887 3255 912 3308 si
932 3255 988 3308 cllo
1009 3256 1065 3310 alia
1087 3255 1121 3310 de
1143 3271 1172 3310 re
1193 3252 1307 3308 obseram
1328 3252 1412 3324 offir-

332 3357 408 3395 mare
424 3357 545 3412 possein.
568 3341 622 3396 sive
643 3340 733 3395 animo
755 3340 810 3394 sive
829 3340 898 3410 iquis
920 3341 965 3395 sit
986 3343 1105 3398 unimus.
1133 3339 1329 3395 certiorarem
1354 3353 1412 3392 csse

333 3425 459 3482 divinum.
504 3423 631 3480 Videtur
653 3423 757 3482 Cicero
779 3422 873 3497 ipsam
901 3441 963 3480 rem
991 3435 1210 3482 controversam
1243 3421 1412 3478 nniversius

333 3508 432 3583 eloqui
455 3507 540 3565 velle.
585 3507 654 3586 [Ed.
677 3509 749 3566 Tur
772 3518 820 3578 cst,
844 3527 951 3574 errore
976 3519 1008 3567 ut
1030 3507 1171 3587 videtur]

420 3594 468 3650 26.
512 3597 676 3650 velhm-
709 3595 836 3650 doctrinis
862 3597 964 3668 sitisset
996 3593 1162 3670 instructior)
1208 3593 1254 3650 De
1286 3590 1411 3666 Epicuri

333 3687 363 3736 et
395 3679 488 3755 ipsIns
521 3669 699 3756 ἀπαιδευσίᾳ
732 3689 762 3736 et
793 3678 832 3735 ad
864 3698 929 3736 eam
962 3681 1164 3738 cohortatione
1204 3677 1296 3736 multa
1327 3687 1411 3734 vete·

332 3783 394 3835 res,
428 3763 554 3821 fortasse
593 3781 652 3821 non
687 3765 750 3822 sine
783 3765 1010 3842 exaggeratione
1043 3767 1151 3842 aliqua.
1205 3765 1328 3822 Praeter
1364 3781 1411 3820 ce-

332 3859 396 3907 tera
419 3848 653 3907 memorabilis
645 3851 736 3926 ipsius
765 3848 886 3925 Epicuri
919 3869 977 3907 vox
1011 3871 1048 3909 ex
1076 3851 1204 3928 epistula
1231 3849 1269 3906 ad
1297 3847 1410 3942 Pytho·

333 3935 407 3992 clem
429 3943 570 3992 annotata
591 3929 692 4014 (Diog.
716 3937 813 3994 Laert.
835 3936 876 4004 X,
901 3932 948 4014 6)·
971 3932 1119 3994 Παιδειαυ
1140 3932 1248 3992 πᾶσαν.
1271 3921 1410 4008 μακάριε,

333 4018 483 4118 propa*
458 4020 508 4077 ubi
513 4020 684 4112 Menagius
707 4022 795 4116 plura
812 4021 967 4098 congessit.
985 4023 1094 4079 Athen.
1111 4021 1207 4090 XIII,
1218 4040 1259 4118 p.
1280 4019 1340 4077 588
1365 4021 1409 4076 Α·

332 4103 396 4162 Κιιι
418 4089 537 4182 πρῶτόν
564 4123 595 4180 ys.
618 4095 832 4201 μνησθήσομαι
853 4102 908 4162 τοῦ
918 4091 1196 4202 φιλαληθεστάτου
1218 4087 1408 4178 Ἐπικούρου,

333 4177 414 4254 dcccc
436 4183 583 4286 ἐγκυκλίου
601 4180 775 4255 παιδιιΗας
758 4207 891 4265 αμυητος
906 4177 947 4247 oio
965 4178 1122 4282 ἐμακάριζε
1143 4177 1192 4245 καὶ
1210 4179 1281 4254 τοὺς
1298 4179 1409 4284 ὁμοίιυς

333 4263 415 4344 αὐτῷ
432 4259 477 4330 ἐπὶ
494 4263 547 4348 τὴν
564 4267 746 4348 polvdamas
742 4269 1006 4374 napspxopscovc
1026 4291 1170 4338 τοιαυτας
1189 4263 1293 4366 φωνὰς
1310 4261 1407 4346 opoi's‘·

331 4373 428 4431 μινυς
483 4349 649 4433 Maraphioi
672 4373 713 4425 oe,
733 4377 756 4412 οι
779 4375 880 4426 oveco,
915 4377 960 4416 oct
987 4349 1125 4452 καθαρὸς
1152 4344 1252 4432 πάσης
1272 4347 1409 4418 παιδείας

332 4440 388 4514 (sio
410 4451 489 4498 recte
502 4441 763 4518 Schweighaeuser
785 4462 838 4518 pro
861 4435 1011 4526 αἰτίας)’
997 4431 1042 4498 siri
1064 4429 1286 4516 pdooomt'oc'
1262 4455 1407 4518 ωρμησιιι.

334 4527 416 4584 Sext.
439 4527 551 4603 Empir.
574 4527 641 4584 adv.
663 4527 804 4584 Mathem.
826 4529 943 4598 linit,
970 4527 1050 4586 Plut.
1073 4527 1142 4586 Non
1169 4544 1256 4602 posse
1278 4524 1408 4584 svavitcr
