2998 5020
355 397 420 462 640
745 416 790 462 ne
811 415 941 462 rmmus
963 415 1034 462 eom

355 585 405 648 22.
428 584 493 648 Nee
515 603 588 648 vero
609 583 670 648 elia
692 589 765 648 sunt
785 585 964 666 quaerenda
986 592 1094 650 eontra
1116 585 1319 650 Cameadiam
1341 583 1409 647 illem

356 686 554 765 sententiam
584 703 777 767 quocumque
799 686 879 750 enim
901 687 992 750 modo
1014 706 1166 752 summum
1179 687 1293 752 bonum
1309 687 1353 749 sic
1366 703 1409 748 ex·

355 788 489 868 ponitur,
512 795 546 851 ut
566 787 598 851 id
621 771 710 852 uacet
732 789 901 867 honestate,
923 787 1091 854 necotfieia
1113 808 1169 853 nee
1180 789 1311 852 virtutes
1333 787 1361 850 in
1381 805 1410 848 co

356 891 474 954 ratione
501 909 557 956 nec
583 890 734 954 amicitiae
756 897 900 955 constare
926 897 1067 971 possunt
1112 891 1293 956 Coniunctio
1318 899 1409 952 auten

319 999 425 1062 iteum
448 992 607 1057 honestate
633 993 682 1056 vel
705 992 871 1073 voluptatis
893 993 940 1056 vel
962 1012 1023 1058 non
1044 993 1167 1057 dolendi
1190 993 1221 1058 id
1244 993 1342 1074 ipsum
1364 989 1409 1052 ho·
1478 1067 1479 1086 χ

1478 1095 1479 1132 t

410 1203 428 1247 Ι.
450 1197 612 1248 Corrteudeom
629 1197 697 1248 PCR
732 1204 755 1247 4.
774 1196 914 1248 omicdroC
951 1203 974 1246 5.
992 1196 1029 1246 vel
1046 1195 1197 1246 condolendi
1212 1199 1250 1247 uei
1266 1193 1409 1260 voluptatist
1478 1139 1480 1195 Ἰ

355 1389 441 1460 XIV,
460 1388 532 1468 20),
556 1390 607 1446 sed
629 1388 800 1448 Ciceronem
823 1387 945 1444 oblitum
967 1388 1099 1463 putabet,
1122 1388 1277 1458 Pisonem,
1310 1404 1363 1443 non
1382 1401 1407 1440 se

354 1475 443 1549 loqui.
487 1475 598 1532 Verum
621 1475 675 1531 hoc
697 1473 763 1532 ideo
785 1491 905 1548 prorsus
926 1474 1006 1531 credi
1032 1493 1090 1531 non
1113 1483 1223 1548 potest.
1258 1473 1333 1550 quod
1353 1472 1408 1546 ipsa

355 1561 498 1634 Torquati
520 1570 550 1617 et
572 1561 692 1620 Catonis
714 1559 951 1617 commemoratio
973 1560 1149 1631 ostenderet,
1172 1559 1339 1619 Ciceronem
1357 1555 1408 1613 ior·

355 1665 418 1702 mae
441 1665 458 1702 e
480 1665 511 1703 se
533 1648 684 1704 institutae
706 1645 876 1702 memoriam
899 1645 1035 1702 tenuisse.
1080 1647 1139 1704 Sed
1161 1655 1194 1703 ut
1215 1645 1296 1702 credi
1312 1651 1405 1720 posset
1481 1645 1482 1694 i

352 1740 498 1810 portarent
518 1734 577 1790 alia
600 1733 685 1790 vitia:
708 1732 834 1808 primum
857 1731 1028 1788 inanissima
1050 1739 1080 1787 et
1097 1731 1333 1788 manifestissima
1352 1739 1405 1784 tou·
1481 1725 1482 1768 ἶ

354 1818 463 1893 tolegia
485 1815 532 1900 (de
555 1823 684 1876 vacuitate
706 1819 806 1875 ἀοὶοηλς
827 1819 985 1874 cudcmcet.
1008 1827 1051 1874 et:
1076 1827 1250 1892 quaerendo
1263 1819 1405 1891 todrptmem

354 1905 428 1960 clieta
438 1913 509 1974 curet,
533 1907 625 1962 euclem
646 1901 730 1982 cet),
759 1903 863 1960 deinde
886 1901 1050 1960 Stoicorum
1073 1903 1182 1960 mentio
1209 1903 1247 1958 ab
1276 1903 1328 1958 hoc
1352 1900 1405 1955 ioco

354 2009 473 2064 prorsus
495 1989 600 2060 aliene,
623 1990 760 2064 quoniam
788 1989 835 2045 hic
864 1997 1050 2046 semoventur
1076 1989 1239 2046 sententiae
1262 1983 1405 2045 honestatis

354 2085 499 2150 expertes,
523 2077 652 2151 Epicuri,
675 2074 858 2150 Hieronymi,
881 2073 1052 2148 CarneadIs,
1075 2074 1179 2132 deinde
1192 2093 1255 2144 eae,
1278 2091 1347 2148 quae
1362 2071 1404 2126 ho·

354 2169 495 2218 nestatem
518 2181 584 2219 cum
606 2161 710 2218 humili
731 2160 897 2217 accessione
919 2160 1076 2230 hebebant,
1099 2159 1297 2236 Calliphontis
1308 2167 1336 2216 et
1344 2156 1403 2214 Dio·

354 2247 433 2316 dori3
456 2257 517 2304 tum
541 2247 656 2304 demum
678 2255 756 2304 recte
779 2247 816 2302 ad
839 2245 953 2304 Stoicos
975 2245 1154 2320 pervenitur.
1205 2246 1246 2302 m
1272 2243 1339 2319 quid
1362 2239 1403 2298 ills

353 2351 419 2388 eum
442 2331 553 2390 Catone
576 2333 735 2408 disputatio
757 2332 883 2406 pertinet
905 2331 942 2387 sd
965 2331 1010 2402 id,
1033 2331 1111 2405 quod
1133 2332 1180 2388 hic
1202 2332 1314 2407 egitur,
1341 2343 1403 2402 quac

354 2427 455 2474 eontra
477 2419 635 2493 Epicurum
658 2419 801 2490 dieantur,
825 2417 913 2474 etiam
936 2424 1037 2473 contra
1059 2417 1273 2494 Hieronymum
1294 2425 1324 2472 et
1343 2413 1403 2473 Car·

354 2503 474 2560 neodem
498 2501 652 2560 sufficere?
679 2505 785 2578 Itaque
806 2522 867 2560 vox
886 2506 1003 2577 primam
1014 2523 1134 2577 prorsus
1156 2503 1298 2578 explicari
1310 2499 1403 2574 nequit.

353 2590 429 2646 Nam
453 2609 487 2646 ea
509 2590 551 2646 sio
573 2591 701 2664 ponitur,
723 2599 765 2662 ut,
788 2608 854 2646 cum
877 2597 907 2645 et
928 2589 1048 2645 secundi
1070 2599 1100 2646 et
1121 2589 1219 2664 (quarti
1241 2588 1308 2646 libri
1320 2587 1403 2658 dispe·

353 2675 425 2732 tatio
448 2675 611 2752 significata
633 2677 671 2733 sit
692 2669 957 2756 (quoniametcet),
980 2675 1036 2732 dici
1050 2675 1164 2743 debeat,
1187 2675 1321 2750 primum,
1341 2689 1403 2745 quat

353 2780 418 2817 cnm
442 2762 592 2836 Torquato
609 2762 758 2838 disputate
769 2761 837 2832 sint,
860 2769 961 2817 eontra
973 2761 1184 2837 Hieronymum
1197 2769 1228 2816 et
1238 2757 1403 2820 Carneadem

354 2848 484 2904 converti
506 2867 600 2923 posse,
623 2847 739 2919 deinde,
762 2865 924 2922 quaecum
948 2845 1069 2916 Catone,
1093 2856 1195 2903 contre
1212 2844 1403 2916 aliosaliquos.
1480 2850 1481 2858 ¹

355 2935 463 2990 Verum
488 2933 517 2990 hi
540 2953 593 2990 nec
616 2944 685 2991 sunt
706 2934 759 2991 ulii
782 2952 835 2990 nec
857 2933 1073 3008 significentur;
1096 2950 1149 2988 nec
1176 2933 1332 3006 quidquam
1358 2933 1403 2984 est

354 3019 431 3092 quod
454 3019 496 3076 iili
516 3024 634 3094 poenum
656 3019 840 3095 respondeat.
889 3019 1043 3075 Postremo
1065 3018 1170 3076 Latine
1193 3017 1299 3075 dicitur
1318 3019 1341 3072 io
1361 3015 1403 3068 ott·

353 3125 434 3180 quarn
456 3125 512 3162 rem
533 3107 628 3163 cedere
650 3106 688 3178 id,
711 3105 789 3180 quod
811 3105 841 3160 in
864 3122 899 3160 eo
920 3103 1005 3178 quasi
1016 3102 1046 3159 in
1057 3103 1149 3160 fundo
1160 3104 1271 3161 residat
1281 3114 1310 3160 et
1320 3102 1402 3157 locum

353 3191 469 3261 habeat,
492 3201 584 3248 eontra
606 3193 711 3266 alequid
731 3193 827 3248 cadem
849 3208 943 3263 neque
966 3189 1103 3246 usitatum
1127 3207 1222 3264 neque
1244 3199 1347 3246 rectum
1358 3193 1403 3240 est.

354 3275 492 3334 Omnium
514 3285 612 3334 autem
636 3277 777 3348 maxime,
811 3277 882 3332 haec
912 3294 930 3331 a
952 3273 1093 3334 Cicerone
1121 3275 1231 3350 scriptu
1261 3293 1314 3332 non
1340 3288 1403 3330 cese.

354 3362 482 3419 ostendit
503 3363 643 3420 orationis
666 3364 695 3420 in
718 3363 755 3420 iis
777 3360 945 3433 sententiis,
968 3380 1042 3435 quae
1065 3361 1248 3418 honestatem
1271 3379 1326 3417 non
1345 3374 1403 3412 con·

353 3449 455 3518 tinent,
478 3449 662 3507 semovendis
684 3449 725 3506 sic
748 3456 817 3524 apta
839 3456 869 3504 et
879 3447 1010 3520 aequalis
1021 3447 1196 3522 progressio,
1220 3447 1292 3503 nihil
1303 3454 1333 3502 ut
1345 3438 1403 3500 eddi

354 3535 446 3609 possit
467 3543 519 3591 aut
540 3534 658 3591 includi.
687 3537 821 3609 Apparet
843 3533 945 3610 igitur,
969 3533 998 3588 in
1021 3533 1129 3590 veteris
1151 3533 1260 3588 codicis
1288 3528 1403 3605 margine

353 3621 480 3694 aliquem
492 3629 633 3677 annotare
645 3621 782 3690 voluisse,
794 3638 839 3690 ea,
857 3637 931 3693 quae
943 3619 991 3674 hic
1002 3617 1106 3676 Cicero
1119 3619 1257 3676 Pisonem
1283 3617 1402 3674 omitten-

354 3716 413 3763 tem
436 3706 555 3772 inducit,
577 3707 615 3762 ab
638 3706 701 3781 ipso
724 3706 866 3764 Cicerone
888 3704 959 3761 olibi
982 3703 1117 3778 exposita
1139 3723 1218 3776 esse,
1243 3704 1292 3762 sed
1314 3699 1402 3760 inscite
1477 3751 1478 3770 ,

354 3791 474 3851 Catonis
497 3792 585 3848 etiam
607 3792 783 3849 mentionem
807 3791 950 3849 intulisse.
999 3791 1043 3848 Eo
1071 3791 1222 3848 annotatio
1250 3791 1279 3847 in
1302 3789 1401 3848 (tieem

354 3879 458 3934 nianae
480 3879 620 3936 orationis
643 3878 774 3935 ordinem
797 3886 914 3952 recepte
936 3884 980 3933 est
1002 3877 1103 3934 eodem
1116 3877 1212 3950 modo,
1235 3897 1293 3952 quo
1314 3873 1359 3932 illa
1378 3871 1400 3925 iu

354 3965 429 4022 libro
459 3965 499 4031 II,
521 3966 579 4022 108
608 3963 653 4042 [et
670 3965 717 4022 111
731 3965 769 4022 N.
787 3965 825 4022 D.
845 3961 908 4041 77].
943 3962 1059 4020 Similis
1075 3962 1276 4020 additamento
1301 3963 1329 4018 in
1349 3974 1400 4014 ora-

353 4050 464 4108 tionum
488 4050 744 4109 Ciceronianamm
757 4051 905 4107 codicibus
922 4049 1021 4105 notavi
1039 4048 1146 4122 Opuec.
1158 4049 1253 4106 Aced.
1270 4049 1286 4106 I
1301 4067 1326 4122 p.
1344 4041 1399 4101 148·

354 4136 438 4210 Quod
462 4135 555 4194 Gaius
577 4137 808 4212 suspicatusest,
831 4155 868 4192 ex
892 4135 988 4210 priore
1011 4135 1137 4191 editione
1160 4131 1400 4210 libriquintiheet

353 4221 383 4278 in
406 4223 572 4293 secundem,
596 4241 682 4296 quam
706 4241 758 4280 nos
780 4223 950 4292 habeamus,
974 4221 1097 4288 venisse,
1120 4239 1156 4278 ne
1173 4221 1233 4278 alia
1245 4231 1400 4278 commemo

353 4325 423 4381 rem,
447 4308 612 4384 paucailla,
635 4328 711 4384 quoe
734 4309 836 4367 Cicero
864 4307 895 4364 in
917 4307 971 4363 hoc
988 4307 1072 4378 libro,
1091 4315 1282 4382 posteaquem
1294 4297 1401 4364 describi

354 4404 472 4470 coeptus
495 4405 548 4466 est,
572 4396 697 4453 mutavit
718 4395 769 4467 (ad
785 4397 849 4452 Ate.
867 4395 957 4466 XIII,
977 4396 1027 4466 21,
1041 4391 1088 4474 4),
1110 4413 1167 4452 non
1190 4393 1331 4453 eiusmodi
1351 4389 1402 4448 ne·
