<?xml version="1.0" encoding="UTF-8"?>
<!DOCTYPE html PUBLIC "-//W3C//DTD XHTML 1.0 Transitional//EN"
    "http://www.w3.org/TR/xhtml1/DTD/xhtml1-transitional.dtd">
<html xmlns="http://www.w3.org/1999/xhtml" xml:lang="en" lang="en">
 <head>
  <title>
</title>
<meta http-equiv="Content-Type" content="text/html;charset=utf-8" />
  <meta name='ocr-system' content='tesseract 3.04.00' />
  <meta name='ocr-capabilities' content='ocr_page ocr_carea ocr_par ocr_line ocrx_word'/>
</head>
<body>
  <div class='ocr_page' id='page_1' title='image "./definibusbonoru04cicegoog_0725.png"; bbox 0 0 2998 5020; ppageno 0'>
   <div class='ocr_carea' id='block_1_1' title="bbox 442 394 1177 460">
    <p class='ocr_par' dir='ltr' id='par_1_1' title="bbox 442 394 1177 460">
     <span class='ocr_line' id='line_1_1' title="bbox 442 394 1177 460; baseline 0 -2"><span class='ocrx_word' id='word_1_1' title='bbox 442 413 484 458; x_wconf 79' lang='lat' dir='ltr'><strong>ne</strong></span> <span class='ocrx_word' id='word_1_2' title='bbox 508 413 588 460; x_wconf 75' lang='lat' dir='ltr'><strong>nan.</strong></span> <span class='ocrx_word' id='word_1_3' title='bbox 611 411 674 460; x_wconf 80' lang='lat' dir='ltr'><strong>urs.</strong></span> <span class='ocrx_word' id='word_1_4' title='bbox 697 414 719 460; x_wconf 90' lang='lat' dir='ltr'>v</span> <span class='ocrx_word' id='word_1_5' title='bbox 741 411 814 460; x_wconf 73' lang='lat' dir='ltr'><strong>ose.</strong></span> <span class='ocrx_word' id='word_1_6' title='bbox 833 415 858 460; x_wconf 85' lang='lat' dir='ltr'><strong>e.</strong></span> <span class='ocrx_word' id='word_1_7' title='bbox 1114 394 1177 458; x_wconf 79' lang='lat'><strong>649</strong></span> 
     </span>
    </p>
   </div>
   <div class='ocr_carea' id='block_1_2' title="bbox 101 579 1215 1384">
    <p class='ocr_par' dir='ltr' id='par_1_2' title="bbox 101 579 1215 1384">
     <span class='ocr_line' id='line_1_2' title="bbox 106 579 1177 664; baseline -0.001 -19"><span class='ocrx_word' id='word_1_8' title='bbox 106 581 256 664; x_wconf 88' lang='lat' dir='ltr'><strong>cuiusque</strong></span> <span class='ocrx_word' id='word_1_9' title='bbox 277 582 355 646; x_wconf 87' lang='lat' dir='ltr'><strong>artis</strong></span> <span class='ocrx_word' id='word_1_10' title='bbox 377 599 454 660; x_wconf 84' lang='lat' dir='ltr'><strong>esse,</strong></span> <span class='ocrx_word' id='word_1_11' title='bbox 477 581 522 647; x_wconf 90' lang='lat' dir='ltr'><strong>sic</strong></span> <span class='ocrx_word' id='word_1_12' title='bbox 543 600 703 647; x_wconf 88' lang='lat' dir='ltr'><strong>commune</strong></span> <span class='ocrx_word' id='word_1_13' title='bbox 724 579 901 646; x_wconf 86' lang='lat' dir='ltr'><strong>animalium</strong></span> <span class='ocrx_word' id='word_1_14' title='bbox 923 581 1058 644; x_wconf 91' lang='lat' dir='ltr'><strong>omnium</strong></span> <span class='ocrx_word' id='word_1_15' title='bbox 1069 598 1177 644; x_wconf 89' lang='lat' dir='ltr'><strong>secuu-</strong></span> 
     </span>
     <span class='ocr_line' id='line_1_3' title="bbox 105 681 1177 762; baseline -0.002 -14"><span class='ocrx_word' id='word_1_16' title='bbox 105 684 181 748; x_wconf 90' lang='lat' dir='ltr'><strong>dum</strong></span> <span class='ocrx_word' id='word_1_17' title='bbox 203 691 347 748; x_wconf 75' lang='lat' dir='ltr'><strong>nanneni</strong></span> <span class='ocrx_word' id='word_1_18' title='bbox 369 684 488 762; x_wconf 83' lang='lat' dir='ltr'><strong>vivere,</strong></span> <span class='ocrx_word' id='word_1_19' title='bbox 518 685 575 748; x_wconf 88' lang='lat' dir='ltr'><strong>sed</strong></span> <span class='ocrx_word' id='word_1_20' title='bbox 601 689 730 748; x_wconf 84' lang='lat' dir='ltr'><strong>naturas</strong></span> <span class='ocrx_word' id='word_1_21' title='bbox 758 701 827 748; x_wconf 90' lang='lat' dir='ltr'><strong>esse</strong></span> <span class='ocrx_word' id='word_1_22' title='bbox 849 683 1004 761; x_wconf 86' lang='lat' dir='ltr'><strong>diversae,</strong></span> <span class='ocrx_word' id='word_1_23' title='bbox 1037 691 1072 746; x_wconf 89' lang='lat' dir='ltr'><strong>ut</strong></span> <span class='ocrx_word' id='word_1_24' title='bbox 1093 681 1177 746; x_wconf 88' lang='lat' dir='ltr'><strong>aliud</strong></span> 
     </span>
     <span class='ocr_line' id='line_1_4' title="bbox 104 782 1177 866; baseline -0.003 -16"><span class='ocrx_word' id='word_1_25' title='bbox 104 803 186 866; x_wconf 91' lang='lat' dir='ltr'><strong>equo</strong></span> <span class='ocrx_word' id='word_1_26' title='bbox 209 786 289 850; x_wconf 90' lang='lat' dir='ltr'><strong>site</strong></span> <span class='ocrx_word' id='word_1_27' title='bbox 311 795 437 863; x_wconf 87' lang='lat' dir='ltr'><strong>nature,</strong></span> <span class='ocrx_word' id='word_1_28' title='bbox 470 785 555 851; x_wconf 87' lang='lat' dir='ltr'><strong>eliud</strong></span> <span class='ocrx_word' id='word_1_29' title='bbox 576 785 661 864; x_wconf 79' lang='lat' dir='ltr'><strong>bovi,</strong></span> <span class='ocrx_word' id='word_1_30' title='bbox 694 785 779 850; x_wconf 88' lang='lat' dir='ltr'><strong>aliud</strong></span> <span class='ocrx_word' id='word_1_31' title='bbox 800 785 928 862; x_wconf 88' lang='lat' dir='ltr'><strong>homini,</strong></span> <span class='ocrx_word' id='word_1_32' title='bbox 962 791 994 848; x_wconf 86' lang='lat' dir='ltr'><strong>et</strong></span> <span class='ocrx_word' id='word_1_33' title='bbox 1020 782 1177 848; x_wconf 87' lang='lat' dir='ltr'><strong>tamenin</strong></span> 
     </span>
     <span class='ocr_line' id='line_1_5' title="bbox 103 885 1176 968; baseline -0.001 -18"><span class='ocrx_word' id='word_1_34' title='bbox 103 887 247 952; x_wconf 88' lang='lat' dir='ltr'><strong>omuibus</strong></span> <span class='ocrx_word' id='word_1_35' title='bbox 269 905 390 952; x_wconf 89' lang='lat' dir='ltr'><strong>summa</strong></span> <span class='ocrx_word' id='word_1_36' title='bbox 411 887 589 966; x_wconf 88' lang='lat' dir='ltr'><strong>communis,</strong></span> <span class='ocrx_word' id='word_1_37' title='bbox 612 893 643 952; x_wconf 86' lang='lat' dir='ltr'><strong>et</strong></span> <span class='ocrx_word' id='word_1_38' title='bbox 664 887 789 968; x_wconf 91' lang='lat' dir='ltr'><strong>quidem</strong></span> <span class='ocrx_word' id='word_1_39' title='bbox 810 905 871 951; x_wconf 91' lang='lat' dir='ltr'><strong>nou</strong></span> <span class='ocrx_word' id='word_1_40' title='bbox 895 887 995 950; x_wconf 89' lang='lat' dir='ltr'><strong>solum</strong></span> <span class='ocrx_word' id='word_1_41' title='bbox 1016 886 1047 950; x_wconf 91' lang='lat' dir='ltr'><strong>in</strong></span> <span class='ocrx_word' id='word_1_42' title='bbox 1059 885 1176 950; x_wconf 85' lang='lat' dir='ltr'><strong>anima·</strong></span> 
     </span>
     <span class='ocr_line' id='line_1_6' title="bbox 102 987 1215 1071; baseline 0.002 -19"><span class='ocrx_word' id='word_1_43' title='bbox 102 987 199 1066; x_wconf 57' lang='lat' dir='ltr'><strong>libus</strong></span> <span class='ocrx_word' id='word_1_44' title='bbox 233 990 289 1053; x_wconf 89' lang='lat' dir='ltr'><strong>sed</strong></span> <span class='ocrx_word' id='word_1_45' title='bbox 322 990 414 1054; x_wconf 85' lang='lat' dir='ltr'><strong>etiam</strong></span> <span class='ocrx_word' id='word_1_46' title='bbox 440 990 473 1054; x_wconf 90' lang='lat' dir='ltr'><strong>iu</strong></span> <span class='ocrx_word' id='word_1_47' title='bbox 500 990 592 1054; x_wconf 86' lang='lat' dir='ltr'><strong>rebus</strong></span> <span class='ocrx_word' id='word_1_48' title='bbox 620 989 761 1054; x_wconf 90' lang='lat' dir='ltr'><strong>omnibus</strong></span> <span class='ocrx_word' id='word_1_49' title='bbox 788 988 839 1068; x_wconf 81' lang='lat' dir='ltr'><strong>iis,</strong></span> <span class='ocrx_word' id='word_1_50' title='bbox 872 1007 950 1071; x_wconf 85' lang='lat' dir='ltr'><strong>quas</strong></span> <span class='ocrx_word' id='word_1_51' title='bbox 978 995 1092 1053; x_wconf 87' lang='lat' dir='ltr'><strong>ustura</strong></span> <span class='ocrx_word' id='word_1_52' title='bbox 1112 987 1215 1066; x_wconf 70' lang='lat' dir='ltr'><strong>alitb</strong></span> 
     </span>
     <span class='ocr_line' id='line_1_7' title="bbox 102 1090 1177 1174; baseline -0.001 -20"><span class='ocrx_word' id='word_1_53' title='bbox 102 1096 208 1172; x_wconf 83' lang='lat' dir='ltr'><strong>auget,</strong></span> <span class='ocrx_word' id='word_1_54' title='bbox 232 1097 349 1171; x_wconf 84' lang='lat' dir='ltr'><strong>tuctur;</strong></span> <span class='ocrx_word' id='word_1_55' title='bbox 371 1091 404 1156; x_wconf 94' lang='lat' dir='ltr'><strong>iu</strong></span> <span class='ocrx_word' id='word_1_56' title='bbox 421 1090 533 1174; x_wconf 89' lang='lat' dir='ltr'><strong>quibus</strong></span> <span class='ocrx_word' id='word_1_57' title='bbox 550 1091 689 1157; x_wconf 85' lang='lat' dir='ltr'><strong>videmus</strong></span> <span class='ocrx_word' id='word_1_58' title='bbox 712 1110 757 1169; x_wconf 72' lang='lat' dir='ltr'><strong>ea</strong></span> <span class='ocrx_word' id='word_1_59' title='bbox 779 1109 859 1173; x_wconf 87' lang='lat' dir='ltr'><strong>quae</strong></span> <span class='ocrx_word' id='word_1_60' title='bbox 870 1091 1038 1172; x_wconf 81' lang='lat' dir='ltr'><strong>gignuntur</strong></span> <span class='ocrx_word' id='word_1_61' title='bbox 1054 1099 1177 1167; x_wconf 75' lang='lat' dir='ltr'><strong>eterra,</strong></span> 
     </span>
     <span class='ocr_line' id='line_1_8' title="bbox 104 1191 1177 1275; baseline -0.002 -19"><span class='ocrx_word' id='word_1_62' title='bbox 104 1193 205 1258; x_wconf 84' lang='lat' dir='ltr'><strong>multe</strong></span> <span class='ocrx_word' id='word_1_63' title='bbox 227 1193 361 1274; x_wconf 89' lang='lat' dir='ltr'><strong>quodem</strong></span> <span class='ocrx_word' id='word_1_64' title='bbox 382 1195 474 1258; x_wconf 90' lang='lat' dir='ltr'><strong>modo</strong></span> <span class='ocrx_word' id='word_1_65' title='bbox 496 1192 618 1258; x_wconf 85' lang='lat' dir='ltr'><strong>efficere</strong></span> <span class='ocrx_word' id='word_1_66' title='bbox 640 1193 710 1274; x_wconf 86' lang='lat' dir='ltr'><strong>ipsa</strong></span> <span class='ocrx_word' id='word_1_67' title='bbox 732 1193 790 1258; x_wconf 84' lang='lat' dir='ltr'><strong>eibi</strong></span> <span class='ocrx_word' id='word_1_68' title='bbox 811 1213 869 1274; x_wconf 86' lang='lat' dir='ltr'><strong>per</strong></span> <span class='ocrx_word' id='word_1_69' title='bbox 891 1212 939 1272; x_wconf 83' lang='lat' dir='ltr'><strong>se,</strong></span> <span class='ocrx_word' id='word_1_70' title='bbox 967 1211 1047 1275; x_wconf 90' lang='lat' dir='ltr'><strong>quae</strong></span> <span class='ocrx_word' id='word_1_71' title='bbox 1069 1193 1109 1257; x_wconf 90' lang='lat' dir='ltr'><strong>ed</strong></span> <span class='ocrx_word' id='word_1_72' title='bbox 1131 1191 1177 1254; x_wconf 86' lang='lat' dir='ltr'><strong>vi-</strong></span> 
     </span>
     <span class='ocr_line' id='line_1_9' title="bbox 101 1293 1178 1384; baseline -0.001 -26"><span class='ocrx_word' id='word_1_73' title='bbox 101 1296 239 1360; x_wconf 84' lang='lat' dir='ltr'><strong>vendum</strong></span> <span class='ocrx_word' id='word_1_74' title='bbox 260 1296 521 1377; x_wconf 81' lang='lat' dir='ltr'>crescendumque</span> <span class='ocrx_word' id='word_1_75' title='bbox 543 1295 681 1375; x_wconf 86' lang='lat' dir='ltr'><strong>valeant,</strong></span> <span class='ocrx_word' id='word_1_76' title='bbox 714 1302 750 1359; x_wconf 93' lang='lat' dir='ltr'><strong>ut</strong></span> <span class='ocrx_word' id='word_1_77' title='bbox 777 1315 834 1384; x_wconf 80' lang='lat' dir='ltr'><strong>suo</strong></span> <span class='ocrx_word' id='word_1_78' title='bbox 860 1313 973 1376; x_wconf 84' lang='lat' dir='ltr'><strong>genere</strong></span> <span class='ocrx_word' id='word_1_79' title='bbox 994 1293 1178 1377; x_wconf 80' lang='lat' dir='ltr'><strong>perveniant</strong></span> 
     </span>
    </p>
   </div>
   <div class='ocr_carea' id='block_1_3' title="bbox 99 1496 1178 1700">
    <p class='ocr_par' dir='ltr' id='par_1_3' title="bbox 99 1496 1178 1700">
     <span class='ocr_line' id='line_1_10' title="bbox 177 1496 1176 1564; baseline 0.001 -17"><span class='ocrx_word' id='word_1_80' title='bbox 177 1503 196 1550; x_wconf 93' lang='grc' dir='ltr'><strong>Ι.</strong></span> <span class='ocrx_word' id='word_1_81' title='bbox 216 1498 353 1548; x_wconf 81' lang='lat' dir='ltr'><strong>animalium</strong></span> <span class='ocrx_word' id='word_1_82' title='bbox 371 1500 529 1551; x_wconf 73' lang='lat' dir='ltr'><strong>commoneo</strong></span> <span class='ocrx_word' id='word_1_83' title='bbox 569 1500 668 1548; x_wconf 76' lang='lat' dir='ltr'><strong>munium</strong></span> <span class='ocrx_word' id='word_1_84' title='bbox 691 1515 741 1550; x_wconf 83' lang='lat' dir='ltr'><strong>om.</strong></span> <span class='ocrx_word' id='word_1_85' title='bbox 765 1499 808 1550; x_wconf 82' lang='lat' dir='ltr'><strong>LO</strong></span> <span class='ocrx_word' id='word_1_86' title='bbox 850 1506 870 1550; x_wconf 73' lang='lat'><strong>2.</strong></span> <span class='ocrx_word' id='word_1_87' title='bbox 898 1517 976 1550; x_wconf 76' lang='lat' dir='ltr'><strong>omnes</strong></span> <span class='ocrx_word' id='word_1_88' title='bbox 999 1501 1056 1564; x_wconf 80' lang='lat' dir='ltr'><strong>(pro</strong></span> <span class='ocrx_word' id='word_1_89' title='bbox 1074 1496 1176 1560; x_wconf 80' lang='lat' dir='ltr'><strong>esec)0</strong></span> 
     </span>
     <span class='ocr_line' id='line_1_11' title="bbox 99 1567 1178 1634; baseline 0 -18"><span class='ocrx_word' id='word_1_90' title='bbox 99 1573 123 1616; x_wconf 80' lang='lat'><strong>8.</strong></span> <span class='ocrx_word' id='word_1_91' title='bbox 143 1584 157 1617; x_wconf 87' lang='lat' dir='ltr'><strong>e</strong></span> <span class='ocrx_word' id='word_1_92' title='bbox 175 1583 225 1617; x_wconf 89' lang='grc' dir='ltr'>οιιι.</span> <span class='ocrx_word' id='word_1_93' title='bbox 245 1567 355 1618; x_wconf 84' lang='lat' dir='ltr'><strong>LPROr.</strong></span> <span class='ocrx_word' id='word_1_94' title='bbox 375 1585 387 1618; x_wconf 83' lang='lat' dir='ltr'><strong>e</strong></span> <span class='ocrx_word' id='word_1_95' title='bbox 405 1577 493 1618; x_wconf 78' lang='grc' dir='ltr'>ιιαιιινο</span> <span class='ocrx_word' id='word_1_96' title='bbox 511 1569 601 1620; x_wconf 80' lang='lat' dir='ltr'><strong>cmc</strong></span> <span class='ocrx_word' id='word_1_97' title='bbox 636 1567 707 1617; x_wconf 66' lang='grc' dir='ltr'><strong>Μία</strong></span> <span class='ocrx_word' id='word_1_98' title='bbox 717 1567 761 1619; x_wconf 78' lang='lat' dir='ltr'><strong>Lo</strong></span> <span class='ocrx_word' id='word_1_99' title='bbox 796 1567 880 1634; x_wconf 60' lang='lat' dir='ltr'><strong>oletss</strong></span> <span class='ocrx_word' id='word_1_100' title='bbox 917 1567 1178 1618; x_wconf 70' lang='lat' dir='ltr'><strong>s.0cauer1.1’css</strong></span> 
     </span>
     <span class='ocr_line' id='line_1_12' title="bbox 100 1636 405 1700; baseline 0.013 -14"><span class='ocrx_word' id='word_1_101' title='bbox 100 1643 123 1686; x_wconf 82' lang='grc'><strong>8.</strong></span> <span class='ocrx_word' id='word_1_102' title='bbox 144 1645 168 1686; x_wconf 77' lang='grc' dir='ltr'>ει</span> <span class='ocrx_word' id='word_1_103' title='bbox 185 1654 229 1686; x_wconf 78' lang='lat' dir='ltr'><strong>cue</strong></span> <span class='ocrx_word' id='word_1_104' title='bbox 247 1653 341 1700; x_wconf 77' lang='lat' dir='ltr'><strong>omncs,</strong></span> <span class='ocrx_word' id='word_1_105' title='bbox 360 1636 405 1690; x_wconf 88' lang='lat' dir='ltr'><strong>Or.</strong></span> 
     </span>
    </p>
   </div>
   <div class='ocr_carea' id='block_1_4' title="bbox 94 1806 1177 4452">
    <p class='ocr_par' dir='ltr' id='par_1_4' title="bbox 95 1806 1177 2296">
     <span class='ocr_line' id='line_1_13' title="bbox 97 1806 1177 1890; baseline 0 -24"><span class='ocrx_word' id='word_1_106' title='bbox 97 1819 275 1868; x_wconf 76' lang='lat' dir='ltr'><strong>annotasset</strong></span> <span class='ocrx_word' id='word_1_107' title='bbox 296 1811 341 1890; x_wconf 90' lang='lat' dir='ltr'><strong>(et</strong></span> <span class='ocrx_word' id='word_1_108' title='bbox 362 1811 479 1868; x_wconf 83' lang='lat' dir='ltr'><strong>videtur</strong></span> <span class='ocrx_word' id='word_1_109' title='bbox 500 1827 564 1868; x_wconf 87' lang='lat' dir='ltr'><strong>esse</strong></span> <span class='ocrx_word' id='word_1_110' title='bbox 587 1810 616 1868; x_wconf 90' lang='lat' dir='ltr'><strong>in</strong></span> <span class='ocrx_word' id='word_1_111' title='bbox 629 1806 686 1880; x_wconf 87' lang='grc' dir='ltr'><strong>Εξ;</strong></span> <span class='ocrx_word' id='word_1_112' title='bbox 709 1829 776 1867; x_wconf 90' lang='lat' dir='ltr'><strong>nam</strong></span> <span class='ocrx_word' id='word_1_113' title='bbox 799 1829 815 1868; x_wconf 88' lang='lat' dir='ltr'><strong>e</strong></span> <span class='ocrx_word' id='word_1_114' title='bbox 838 1811 901 1868; x_wconf 90' lang='lat' dir='ltr'><strong>eolo</strong></span> <span class='ocrx_word' id='word_1_115' title='bbox 922 1830 940 1887; x_wconf 88' lang='grc' dir='ltr'><em>χ</em></span> <span class='ocrx_word' id='word_1_116' title='bbox 961 1811 1086 1868; x_wconf 87' lang='lat' dir='ltr'><strong>alterum</strong></span> <span class='ocrx_word' id='word_1_117' title='bbox 1107 1827 1177 1883; x_wconf 85' lang='lat' dir='ltr'><strong>pro-</strong></span> 
     </span>
     <span class='ocr_line' id='line_1_14' title="bbox 100 1895 1176 1972; baseline 0 -20"><span class='ocrx_word' id='word_1_118' title='bbox 100 1895 230 1972; x_wconf 77' lang='lat' dir='ltr'><strong>fertur),</strong></span> <span class='ocrx_word' id='word_1_119' title='bbox 269 1897 394 1953; x_wconf 85' lang='lat' dir='ltr'><strong>alterum</strong></span> <span class='ocrx_word' id='word_1_120' title='bbox 427 1896 522 1953; x_wconf 86' lang='lat' dir='ltr'><strong>tenuit</strong></span> <span class='ocrx_word' id='word_1_121' title='bbox 555 1905 584 1952; x_wconf 90' lang='lat' dir='ltr'><strong>et</strong></span> <span class='ocrx_word' id='word_1_122' title='bbox 617 1896 659 1954; x_wconf 91' lang='lat' dir='ltr'><strong>ita</strong></span> <span class='ocrx_word' id='word_1_123' title='bbox 691 1897 854 1953; x_wconf 80' lang='lat' dir='ltr'><strong>enarravit:</strong></span> <span class='ocrx_word' id='word_1_124' title='bbox 893 1895 1042 1966; x_wconf 86' lang='lat' dir='ltr'><strong>„omnium</strong></span> <span class='ocrx_word' id='word_1_125' title='bbox 1069 1895 1176 1952; x_wconf 83' lang='lat' dir='ltr'><strong>artium</strong></span> 
     </span>
     <span class='ocr_line' id='line_1_15' title="bbox 98 1981 1176 2058; baseline -0.001 -20"><span class='ocrx_word' id='word_1_126' title='bbox 98 1981 162 2038; x_wconf 90' lang='lat' dir='ltr'><strong>dici</strong></span> <span class='ocrx_word' id='word_1_127' title='bbox 186 1991 285 2058; x_wconf 86' lang='lat' dir='ltr'><strong>potest</strong></span> <span class='ocrx_word' id='word_1_128' title='bbox 306 1982 417 2056; x_wconf 87' lang='lat' dir='ltr'><strong>aliquid</strong></span> <span class='ocrx_word' id='word_1_129' title='bbox 440 2000 504 2038; x_wconf 86' lang='lat' dir='ltr'><strong>esse</strong></span> <span class='ocrx_word' id='word_1_130' title='bbox 526 1999 689 2052; x_wconf 84' lang='lat' dir='ltr'><strong>commune,</strong></span> <span class='ocrx_word' id='word_1_131' title='bbox 712 1982 754 2038; x_wconf 84' lang='lat' dir='ltr'><strong>ita</strong></span> <span class='ocrx_word' id='word_1_132' title='bbox 776 1990 809 2038; x_wconf 91' lang='lat' dir='ltr'><strong>ut</strong></span> <span class='ocrx_word' id='word_1_133' title='bbox 830 1982 885 2038; x_wconf 88' lang='lat' dir='ltr'><strong>boo</strong></span> <span class='ocrx_word' id='word_1_134' title='bbox 908 1999 1060 2038; x_wconf 91' lang='lat' dir='ltr'><strong>commune</strong></span> <span class='ocrx_word' id='word_1_135' title='bbox 1078 1999 1176 2037; x_wconf 86' lang='lat' dir='ltr'><strong>verse·</strong></span> 
     </span>
     <span class='ocr_line' id='line_1_16' title="bbox 97 2065 1176 2142; baseline 0 -18"><span class='ocrx_word' id='word_1_136' title='bbox 97 2075 148 2124; x_wconf 84' lang='lat' dir='ltr'><strong>tur</strong></span> <span class='ocrx_word' id='word_1_137' title='bbox 173 2067 203 2124; x_wconf 88' lang='lat' dir='ltr'><strong>iu</strong></span> <span class='ocrx_word' id='word_1_138' title='bbox 225 2067 348 2124; x_wconf 87' lang='lat' dir='ltr'><strong>scicntia</strong></span> <span class='ocrx_word' id='word_1_139' title='bbox 370 2067 497 2141; x_wconf 84' lang='lat' dir='ltr'><strong>aliquo.“</strong></span> <span class='ocrx_word' id='word_1_140' title='bbox 532 2066 571 2124; x_wconf 88' lang='lat' dir='ltr'><strong>Et</strong></span> <span class='ocrx_word' id='word_1_141' title='bbox 593 2067 739 2142; x_wconf 78' lang='lat' dir='ltr'><strong>persuasit</strong></span> <span class='ocrx_word' id='word_1_142' title='bbox 759 2067 980 2124; x_wconf 86' lang='lat' dir='ltr'><strong>recentioribus.</strong></span> <span class='ocrx_word' id='word_1_143' title='bbox 1014 2065 1176 2124; x_wconf 89' lang='lat' dir='ltr'><strong>Multorum</strong></span> 
     </span>
     <span class='ocr_line' id='line_1_17' title="bbox 96 2151 1177 2228; baseline -0.002 -18"><span class='ocrx_word' id='word_1_144' title='bbox 96 2152 271 2212; x_wconf 78' lang='lat' dir='ltr'><strong>criticorum</strong></span> <span class='ocrx_word' id='word_1_145' title='bbox 293 2152 350 2210; x_wconf 89' lang='lat' dir='ltr'><strong>dici</strong></span> <span class='ocrx_word' id='word_1_146' title='bbox 373 2161 472 2228; x_wconf 88' lang='lat' dir='ltr'><strong>potest</strong></span> <span class='ocrx_word' id='word_1_147' title='bbox 492 2171 645 2210; x_wconf 88' lang='lat' dir='ltr'><strong>commune</strong></span> <span class='ocrx_word' id='word_1_148' title='bbox 667 2171 741 2224; x_wconf 80' lang='lat' dir='ltr'><strong>esse,</strong></span> <span class='ocrx_word' id='word_1_149' title='bbox 764 2161 798 2210; x_wconf 88' lang='lat' dir='ltr'><strong>ut</strong></span> <span class='ocrx_word' id='word_1_150' title='bbox 819 2153 849 2210; x_wconf 89' lang='lat' dir='ltr'><strong>in</strong></span> <span class='ocrx_word' id='word_1_151' title='bbox 871 2151 1036 2210; x_wconf 82' lang='lat' dir='ltr'><strong>incredibili</strong></span> <span class='ocrx_word' id='word_1_152' title='bbox 1059 2151 1177 2208; x_wconf 81' lang='lat' dir='ltr'><strong>inscitia</strong></span> 
     </span>
     <span class='ocr_line' id='line_1_18' title="bbox 95 2235 676 2296; baseline -0.002 -1"><span class='ocrx_word' id='word_1_153' title='bbox 95 2273 140 2282; x_wconf 89' lang='lat'><em>-</em></span> <span class='ocrx_word' id='word_1_154' title='bbox 165 2237 299 2295; x_wconf 81' lang='lat' dir='ltr'><strong>dicamne</strong></span> <span class='ocrx_word' id='word_1_155' title='bbox 321 2248 459 2295; x_wconf 83' lang='lat' dir='ltr'><strong>versentur</strong></span> <span class='ocrx_word' id='word_1_156' title='bbox 478 2256 517 2294; x_wconf 85' lang='lat' dir='ltr'><strong>an</strong></span> <span class='ocrx_word' id='word_1_157' title='bbox 539 2235 676 2296; x_wconf 77' lang='lat' dir='ltr'><strong>versetur?</strong></span> 
     </span>
    </p>

    <p class='ocr_par' dir='ltr' id='par_1_5' title="bbox 94 2319 1176 3768">
     <span class='ocr_line' id='line_1_19' title="bbox 189 2319 1175 2402; baseline 0 -22"><span class='ocrx_word' id='word_1_158' title='bbox 189 2334 218 2380; x_wconf 86' lang='lat' dir='ltr'><strong>ut</strong></span> <span class='ocrx_word' id='word_1_159' title='bbox 238 2326 315 2382; x_wconf 81' lang='lat' dir='ltr'><strong>aliud</strong></span> <span class='ocrx_word' id='word_1_160' title='bbox 336 2343 403 2398; x_wconf 84' lang='lat' dir='ltr'><strong>equo</strong></span> <span class='ocrx_word' id='word_1_161' title='bbox 424 2327 460 2380; x_wconf 80' lang='lat' dir='ltr'><strong>sit</strong></span> <span class='ocrx_word' id='word_1_162' title='bbox 481 2344 495 2380; x_wconf 83' lang='lat' dir='ltr'><strong>e</strong></span> <span class='ocrx_word' id='word_1_163' title='bbox 516 2319 629 2402; x_wconf 75' lang='lat' dir='ltr'><strong>emtore)</strong></span> <span class='ocrx_word' id='word_1_164' title='bbox 652 2323 682 2381; x_wconf 92' lang='lat' dir='ltr'><strong>id</strong></span> <span class='ocrx_word' id='word_1_165' title='bbox 705 2331 759 2394; x_wconf 84' lang='lat' dir='ltr'><strong>est,</strong></span> <span class='ocrx_word' id='word_1_166' title='bbox 782 2323 820 2380; x_wconf 90' lang='lat' dir='ltr'><strong>ad</strong></span> <span class='ocrx_word' id='word_1_167' title='bbox 842 2322 905 2380; x_wconf 90' lang='lat' dir='ltr'><strong>eius</strong></span> <span class='ocrx_word' id='word_1_168' title='bbox 928 2329 1061 2379; x_wconf 88' lang='lat' dir='ltr'><strong>naturam</strong></span> <span class='ocrx_word' id='word_1_169' title='bbox 1073 2331 1175 2397; x_wconf 90' lang='lat' dir='ltr'><strong>aptum</strong></span> 
     </span>
     <span class='ocr_line' id='line_1_20' title="bbox 97 2407 1175 2478; baseline -0.001 -12"><span class='ocrx_word' id='word_1_170' title='bbox 97 2417 128 2466; x_wconf 88' lang='lat' dir='ltr'><strong>et</strong></span> <span class='ocrx_word' id='word_1_171' title='bbox 158 2410 412 2466; x_wconf 85' lang='lat' dir='ltr'><strong>accommodatum</strong></span> <span class='ocrx_word' id='word_1_172' title='bbox 440 2409 502 2466; x_wconf 88' lang='lat' dir='ltr'><strong>sive</strong></span> <span class='ocrx_word' id='word_1_173' title='bbox 530 2409 688 2466; x_wconf 89' lang='lat' dir='ltr'><strong>secundum</strong></span> <span class='ocrx_word' id='word_1_174' title='bbox 717 2417 862 2466; x_wconf 83' lang='lat' dir='ltr'><strong>naturam.</strong></span> <span class='ocrx_word' id='word_1_175' title='bbox 912 2407 963 2468; x_wconf 85' lang='lat' dir='ltr'><strong>Sic</strong></span> <span class='ocrx_word' id='word_1_176' title='bbox 984 2407 1060 2464; x_wconf 80' lang='lat' dir='ltr'><strong>dixit</strong></span> <span class='ocrx_word' id='word_1_177' title='bbox 1082 2412 1096 2478; x_wconf 68' lang='grc' dir='ltr'><strong>ξ</strong></span> <span class='ocrx_word' id='word_1_178' title='bbox 1120 2409 1175 2466; x_wconf 79' lang='lat'><strong>47:</strong></span> 
     </span>
     <span class='ocr_line' id='line_1_21' title="bbox 97 2494 1176 2570; baseline -0.001 -19"><span class='ocrx_word' id='word_1_179' title='bbox 97 2495 142 2552; x_wconf 75' lang='lat' dir='ltr'><strong>tic</strong></span> <span class='ocrx_word' id='word_1_180' title='bbox 167 2504 267 2566; x_wconf 81' lang='lat' dir='ltr'><strong>status,</strong></span> <span class='ocrx_word' id='word_1_181' title='bbox 290 2498 339 2570; x_wconf 82' lang='lat' dir='ltr'><strong>qui</strong></span> <span class='ocrx_word' id='word_1_182' title='bbox 359 2506 398 2552; x_wconf 85' lang='lat' dir='ltr'><strong>est</strong></span> <span class='ocrx_word' id='word_1_183' title='bbox 419 2497 533 2551; x_wconf 67' lang='lat' dir='ltr'><strong>maxime</strong></span> <span class='ocrx_word' id='word_1_184' title='bbox 556 2515 569 2551; x_wconf 86' lang='lat' dir='ltr'><strong>e</strong></span> <span class='ocrx_word' id='word_1_185' title='bbox 590 2505 699 2565; x_wconf 70' lang='lat' dir='ltr'><strong>tratura,</strong></span> <span class='ocrx_word' id='word_1_186' title='bbox 722 2502 751 2550; x_wconf 91' lang='lat' dir='ltr'><strong>et</strong></span> <span class='ocrx_word' id='word_1_187' title='bbox 773 2495 831 2564; x_wconf 91' lang='grc' dir='ltr'><strong>ΙΙΙ,</strong></span> <span class='ocrx_word' id='word_1_188' title='bbox 850 2494 904 2550; x_wconf 86' lang='lat'><strong>33:</strong></span> <span class='ocrx_word' id='word_1_189' title='bbox 932 2503 1054 2551; x_wconf 70' lang='lat' dir='ltr'><strong>scotusc</strong></span> <span class='ocrx_word' id='word_1_190' title='bbox 1077 2504 1176 2551; x_wconf 83' lang='lat' dir='ltr'><strong>natura</strong></span> 
     </span>
     <span class='ocr_line' id='line_1_22' title="bbox 95 2568 1175 2656; baseline -0.003 -20"><span class='ocrx_word' id='word_1_191' title='bbox 95 2581 231 2650; x_wconf 73' lang='lat' dir='ltr'><strong>absoluto,</strong></span> <span class='ocrx_word' id='word_1_192' title='bbox 255 2588 285 2636; x_wconf 89' lang='lat' dir='ltr'><strong>et</strong></span> <span class='ocrx_word' id='word_1_193' title='bbox 305 2581 401 2650; x_wconf 75' lang='lat'><strong>11,34</strong></span> <span class='ocrx_word' id='word_1_194' title='bbox 424 2590 513 2654; x_wconf 87' lang='lat' dir='ltr'><strong>atque</strong></span> <span class='ocrx_word' id='word_1_195' title='bbox 535 2581 590 2650; x_wconf 99' lang='grc' dir='ltr'><strong>Ν,</strong></span> <span class='ocrx_word' id='word_1_196' title='bbox 604 2581 643 2637; x_wconf 77' lang='lat'><strong>26</strong></span> <span class='ocrx_word' id='word_1_197' title='bbox 667 2583 883 2637; x_wconf 75' lang='lat' dir='ltr'><strong>evirtuteeicere</strong></span> <span class='ocrx_word' id='word_1_198' title='bbox 899 2572 979 2656; x_wconf 79' lang='grc' dir='ltr'>(κατ’</span> <span class='ocrx_word' id='word_1_199' title='bbox 999 2568 1106 2654; x_wconf 72' lang='grc' dir='ltr'><em>ἀρετὴν</em></span> <span class='ocrx_word' id='word_1_200' title='bbox 1124 2572 1175 2653; x_wconf 68' lang='grc' dir='ltr'><strong>ζῆν</strong></span> 
     </span>
     <span class='ocr_line' id='line_1_23' title="bbox 96 2664 1174 2742; baseline -0.004 -18"><span class='ocrx_word' id='word_1_201' title='bbox 96 2665 195 2724; x_wconf 87' lang='lat' dir='ltr'><strong>Clem.</strong></span> <span class='ocrx_word' id='word_1_202' title='bbox 219 2665 307 2722; x_wconf 85' lang='lat' dir='ltr'><strong>Alex.</strong></span> <span class='ocrx_word' id='word_1_203' title='bbox 325 2665 432 2726; x_wconf 87' lang='lat' dir='ltr'><strong>Strom.</strong></span> <span class='ocrx_word' id='word_1_204' title='bbox 456 2666 488 2723; x_wconf 93' lang='lat' dir='ltr'><strong>II</strong></span> <span class='ocrx_word' id='word_1_205' title='bbox 499 2685 528 2741; x_wconf 90' lang='lat' dir='ltr'><strong>p.</strong></span> <span class='ocrx_word' id='word_1_206' title='bbox 544 2667 601 2723; x_wconf 88' lang='grc'><strong>179</strong></span> <span class='ocrx_word' id='word_1_207' title='bbox 616 2665 707 2742; x_wconf 62' lang='lat' dir='ltr'><strong>sylb„</strong></span> <span class='ocrx_word' id='word_1_208' title='bbox 731 2665 817 2742; x_wconf 89' lang='lat' dir='ltr'><strong>Diog.</strong></span> <span class='ocrx_word' id='word_1_209' title='bbox 836 2665 1016 2735; x_wconf 77' lang='lat' dir='ltr'><strong>mercvn,</strong></span> <span class='ocrx_word' id='word_1_210' title='bbox 1037 2664 1075 2719; x_wconf 80' lang='lat'><strong>87</strong></span> <span class='ocrx_word' id='word_1_211' title='bbox 1095 2665 1174 2738; x_wconf 78' lang='lat' dir='ltr'><strong>cet),</strong></span> 
     </span>
     <span class='ocr_line' id='line_1_24' title="bbox 95 2749 1174 2826; baseline -0.002 -18"><span class='ocrx_word' id='word_1_212' title='bbox 95 2771 110 2808; x_wconf 81' lang='lat' dir='ltr'><strong>e</strong></span> <span class='ocrx_word' id='word_1_213' title='bbox 133 2754 234 2808; x_wconf 61' lang='lat' dir='ltr'><strong>vertute</strong></span> <span class='ocrx_word' id='word_1_214' title='bbox 255 2771 334 2824; x_wconf 68' lang='lat' dir='ltr'><strong>apere</strong></span> <span class='ocrx_word' id='word_1_215' title='bbox 355 2753 409 2822; x_wconf 91' lang='grc' dir='ltr'><strong>Ν,</strong></span> <span class='ocrx_word' id='word_1_216' title='bbox 425 2751 475 2819; x_wconf 83' lang='grc'><strong>35,</strong></span> <span class='ocrx_word' id='word_1_217' title='bbox 498 2771 511 2808; x_wconf 84' lang='lat' dir='ltr'><strong>e</strong></span> <span class='ocrx_word' id='word_1_218' title='bbox 533 2762 631 2809; x_wconf 83' lang='lat' dir='ltr'><strong>natura</strong></span> <span class='ocrx_word' id='word_1_219' title='bbox 653 2754 739 2808; x_wconf 82' lang='lat' dir='ltr'><strong>vivere</strong></span> <span class='ocrx_word' id='word_1_220' title='bbox 760 2751 808 2808; x_wconf 91' lang='lat' dir='ltr'><strong>hic</strong></span> <span class='ocrx_word' id='word_1_221' title='bbox 824 2751 992 2826; x_wconf 82' lang='lat' dir='ltr'><strong>paulopost</strong></span> <span class='ocrx_word' id='word_1_222' title='bbox 1008 2749 1106 2820; x_wconf 83' lang='lat' dir='ltr'><strong>etlll,</strong></span> <span class='ocrx_word' id='word_1_223' title='bbox 1121 2751 1174 2818; x_wconf 89' lang='grc'><strong>68;</strong></span> 
     </span>
     <span class='ocr_line' id='line_1_25' title="bbox 96 2835 1175 2912; baseline 0 -20"><span class='ocrx_word' id='word_1_224' title='bbox 96 2835 192 2912; x_wconf 90' lang='lat' dir='ltr'><strong>paulo</strong></span> <span class='ocrx_word' id='word_1_225' title='bbox 214 2845 312 2894; x_wconf 90' lang='lat' dir='ltr'><strong>autem</strong></span> <span class='ocrx_word' id='word_1_226' title='bbox 334 2836 508 2894; x_wconf 90' lang='lat' dir='ltr'><strong>insolentius</strong></span> <span class='ocrx_word' id='word_1_227' title='bbox 530 2838 585 2907; x_wconf 91' lang='grc' dir='ltr'><strong>Ν,</strong></span> <span class='ocrx_word' id='word_1_228' title='bbox 607 2839 658 2894; x_wconf 85' lang='lat' dir='ltr'><strong>lb:</strong></span> <span class='ocrx_word' id='word_1_229' title='bbox 691 2857 723 2893; x_wconf 86' lang='lat' dir='ltr'><strong>ea</strong></span> <span class='ocrx_word' id='word_1_230' title='bbox 744 2841 814 2908; x_wconf 80' lang='lat' dir='ltr'><strong>vita,</strong></span> <span class='ocrx_word' id='word_1_231' title='bbox 842 2856 912 2910; x_wconf 83' lang='lat' dir='ltr'><strong>quae</strong></span> <span class='ocrx_word' id='word_1_232' title='bbox 933 2855 966 2892; x_wconf 76' lang='lat' dir='ltr'><strong>eu</strong></span> <span class='ocrx_word' id='word_1_233' title='bbox 986 2855 1088 2894; x_wconf 73' lang='lat' dir='ltr'><strong>aramme</strong></span> <span class='ocrx_word' id='word_1_234' title='bbox 1110 2836 1175 2892; x_wconf 85' lang='lat' dir='ltr'><strong>bono</strong></span> 
     </span>
     <span class='ocr_line' id='line_1_26' title="bbox 95 2921 1174 2996; baseline 0 -18"><span class='ocrx_word' id='word_1_235' title='bbox 95 2924 221 2996; x_wconf 70' lang='lat' dir='ltr'><strong>deputer,</strong></span> <span class='ocrx_word' id='word_1_236' title='bbox 245 2921 300 2978; x_wconf 89' lang='lat' dir='ltr'><strong>boo</strong></span> <span class='ocrx_word' id='word_1_237' title='bbox 322 2931 377 2992; x_wconf 81' lang='lat' dir='ltr'><strong>est,</strong></span> <span class='ocrx_word' id='word_1_238' title='bbox 399 2922 441 2979; x_wconf 85' lang='lat' dir='ltr'><strong>ita</strong></span> <span class='ocrx_word' id='word_1_239' title='bbox 463 2931 496 2978; x_wconf 88' lang='lat' dir='ltr'><strong>ut</strong></span> <span class='ocrx_word' id='word_1_240' title='bbox 517 2941 661 2980; x_wconf 88' lang='lat' dir='ltr'><strong>summum</strong></span> <span class='ocrx_word' id='word_1_241' title='bbox 674 2923 781 2979; x_wconf 92' lang='lat' dir='ltr'><strong>bonum</strong></span> <span class='ocrx_word' id='word_1_242' title='bbox 803 2923 834 2979; x_wconf 91' lang='lat' dir='ltr'><strong>in</strong></span> <span class='ocrx_word' id='word_1_243' title='bbox 857 2941 892 2978; x_wconf 88' lang='lat' dir='ltr'><strong>ea</strong></span> <span class='ocrx_word' id='word_1_244' title='bbox 914 2921 994 2978; x_wconf 81' lang='lat' dir='ltr'><strong>assit.</strong></span> <span class='ocrx_word' id='word_1_245' title='bbox 1027 2921 1114 2994; x_wconf 82' lang='lat' dir='ltr'><strong>Quod</strong></span> <span class='ocrx_word' id='word_1_246' title='bbox 1137 2940 1174 2978; x_wconf 83' lang='lat' dir='ltr'><strong>ex</strong></span> 
     </span>
     <span class='ocr_line' id='line_1_27' title="bbox 98 3004 1174 3085; baseline -0.002 -21"><span class='ocrx_word' id='word_1_247' title='bbox 98 3007 164 3064; x_wconf 88' lang='lat' dir='ltr'><strong>Erl.</strong></span> <span class='ocrx_word' id='word_1_248' title='bbox 189 3004 235 3085; x_wconf 88' lang='lat' dir='ltr'><strong>[et</strong></span> <span class='ocrx_word' id='word_1_249' title='bbox 255 3005 296 3084; x_wconf 92' lang='lat' dir='ltr'><strong>B]</strong></span> <span class='ocrx_word' id='word_1_250' title='bbox 319 3007 396 3078; x_wconf 83' lang='lat' dir='ltr'><strong>dedi,</strong></span> <span class='ocrx_word' id='word_1_251' title='bbox 419 3025 437 3064; x_wconf 87' lang='lat' dir='ltr'><strong>e</strong></span> <span class='ocrx_word' id='word_1_252' title='bbox 459 3005 535 3066; x_wconf 85' lang='lat' dir='ltr'><strong>Gzio</strong></span> <span class='ocrx_word' id='word_1_253' title='bbox 558 3017 821 3078; x_wconf 70' lang='lat' dir='ltr'><strong>nonsummum,</strong></span> <span class='ocrx_word' id='word_1_254' title='bbox 845 3026 903 3064; x_wconf 91' lang='lat' dir='ltr'><strong>non</strong></span> <span class='ocrx_word' id='word_1_255' title='bbox 915 3006 1027 3077; x_wconf 86' lang='lat' dir='ltr'><strong>dubito,</strong></span> <span class='ocrx_word' id='word_1_256' title='bbox 1050 3006 1120 3080; x_wconf 91' lang='lat' dir='ltr'><strong>quin</strong></span> <span class='ocrx_word' id='word_1_257' title='bbox 1143 3007 1174 3063; x_wconf 95' lang='lat' dir='ltr'><strong>in</strong></span> 
     </span>
     <span class='ocr_line' id='line_1_28' title="bbox 95 3092 1175 3168; baseline 0 -19"><span class='ocrx_word' id='word_1_258' title='bbox 95 3093 238 3150; x_wconf 84' lang='lat' dir='ltr'><strong>omnibus</strong></span> <span class='ocrx_word' id='word_1_259' title='bbox 261 3092 429 3150; x_wconf 83' lang='lat' dir='ltr'><strong>melioribus</strong></span> <span class='ocrx_word' id='word_1_260' title='bbox 457 3093 607 3150; x_wconf 85' lang='lat' dir='ltr'><strong>codicibus</strong></span> <span class='ocrx_word' id='word_1_261' title='bbox 635 3093 738 3168; x_wconf 77' lang='lat' dir='ltr'><strong>fuerit3</strong></span> <span class='ocrx_word' id='word_1_262' title='bbox 767 3093 818 3150; x_wconf 84' lang='lat' dir='ltr'><strong>sed</strong></span> <span class='ocrx_word' id='word_1_263' title='bbox 845 3111 931 3150; x_wconf 90' lang='lat' dir='ltr'><strong>nemo</strong></span> <span class='ocrx_word' id='word_1_264' title='bbox 958 3092 1092 3149; x_wconf 88' lang='lat' dir='ltr'><strong>attendit.</strong></span> <span class='ocrx_word' id='word_1_265' title='bbox 1136 3092 1175 3149; x_wconf 82' lang='lat' dir='ltr'><strong>Et</strong></span> 
     </span>
     <span class='ocr_line' id='line_1_29' title="bbox 96 3178 1174 3254; baseline -0.001 -20"><span class='ocrx_word' id='word_1_266' title='bbox 96 3187 200 3234; x_wconf 85' lang='lat' dir='ltr'><strong>tamen</strong></span> <span class='ocrx_word' id='word_1_267' title='bbox 223 3195 311 3251; x_wconf 87' lang='lat' dir='ltr'><strong>quam</strong></span> <span class='ocrx_word' id='word_1_268' title='bbox 333 3178 492 3235; x_wconf 87' lang='lat' dir='ltr'><strong>absurdum</strong></span> <span class='ocrx_word' id='word_1_269' title='bbox 511 3189 556 3236; x_wconf 90' lang='lat' dir='ltr'><strong>est</strong></span> <span class='ocrx_word' id='word_1_270' title='bbox 572 3187 602 3235; x_wconf 87' lang='lat' dir='ltr'><strong>et</strong></span> <span class='ocrx_word' id='word_1_271' title='bbox 618 3197 671 3254; x_wconf 88' lang='lat' dir='ltr'><strong>per</strong></span> <span class='ocrx_word' id='word_1_272' title='bbox 687 3198 718 3236; x_wconf 87' lang='lat' dir='ltr'><strong>se</strong></span> <span class='ocrx_word' id='word_1_273' title='bbox 741 3179 823 3236; x_wconf 89' lang='lat' dir='ltr'><strong>etad</strong></span> <span class='ocrx_word' id='word_1_274' title='bbox 846 3178 967 3235; x_wconf 87' lang='lat' dir='ltr'><strong>Latinas</strong></span> <span class='ocrx_word' id='word_1_275' title='bbox 988 3195 1091 3234; x_wconf 89' lang='lat' dir='ltr'><strong>aures:</strong></span> <span class='ocrx_word' id='word_1_276' title='bbox 1126 3179 1174 3234; x_wconf 81' lang='lat' dir='ltr'><strong>doc</strong></span> 
     </span>
     <span class='ocr_line' id='line_1_30' title="bbox 96 3261 1174 3339; baseline 0 -19"><span class='ocrx_word' id='word_1_277' title='bbox 96 3261 205 3338; x_wconf 80' lang='lat' dir='ltr'><strong>(aliud)</strong></span> <span class='ocrx_word' id='word_1_278' title='bbox 228 3281 296 3337; x_wconf 81' lang='lat' dir='ltr'><strong>equo</strong></span> <span class='ocrx_word' id='word_1_279' title='bbox 317 3275 416 3320; x_wconf 73' lang='lat' dir='ltr'><strong>tratura</strong></span> <span class='ocrx_word' id='word_1_280' title='bbox 438 3274 476 3320; x_wconf 84' lang='lat' dir='ltr'><strong>est</strong></span> <span class='ocrx_word' id='word_1_281' title='bbox 498 3283 551 3339; x_wconf 88' lang='lat' dir='ltr'><strong>pro</strong></span> <span class='ocrx_word' id='word_1_282' title='bbox 564 3283 608 3334; x_wconf 75' lang='lat' dir='ltr'><strong>eo,</strong></span> <span class='ocrx_word' id='word_1_283' title='bbox 631 3265 710 3338; x_wconf 91' lang='lat' dir='ltr'><strong>qnod</strong></span> <span class='ocrx_word' id='word_1_284' title='bbox 731 3263 853 3321; x_wconf 87' lang='lat' dir='ltr'><strong>dicitur:</strong></span> <span class='ocrx_word' id='word_1_285' title='bbox 892 3265 956 3320; x_wconf 82' lang='lat' dir='ltr'><strong>laec</strong></span> <span class='ocrx_word' id='word_1_286' title='bbox 983 3267 1046 3337; x_wconf 83' lang='lat' dir='ltr'><strong>equi</strong></span> <span class='ocrx_word' id='word_1_287' title='bbox 1066 3273 1174 3320; x_wconf 81' lang='lat' dir='ltr'><strong>notura.</strong></span> 
     </span>
     <span class='ocr_line' id='line_1_31' title="bbox 99 3347 1174 3424; baseline -0.002 -16"><span class='ocrx_word' id='word_1_288' title='bbox 99 3348 161 3408; x_wconf 91' lang='lat' dir='ltr'><strong>Sed</strong></span> <span class='ocrx_word' id='word_1_289' title='bbox 186 3348 376 3424; x_wconf 75' lang='lat' dir='ltr'><strong>exipsorum</strong></span> <span class='ocrx_word' id='word_1_290' title='bbox 400 3359 570 3406; x_wconf 84' lang='lat' dir='ltr'><strong>naturarum</strong></span> <span class='ocrx_word' id='word_1_291' title='bbox 593 3349 763 3406; x_wconf 84' lang='lat' dir='ltr'><strong>diversitate</strong></span> <span class='ocrx_word' id='word_1_292' title='bbox 791 3349 937 3424; x_wconf 86' lang='lat' dir='ltr'><strong>sequitur,</strong></span> <span class='ocrx_word' id='word_1_293' title='bbox 970 3357 1004 3406; x_wconf 91' lang='lat' dir='ltr'><strong>ut</strong></span> <span class='ocrx_word' id='word_1_294' title='bbox 1025 3347 1174 3406; x_wconf 87' lang='lat' dir='ltr'><strong>diversum</strong></span> 
     </span>
     <span class='ocr_line' id='line_1_32' title="bbox 96 3423 1173 3510; baseline -0.002 -18"><span class='ocrx_word' id='word_1_295' title='bbox 96 3434 138 3492; x_wconf 87' lang='lat' dir='ltr'><strong>sit</strong></span> <span class='ocrx_word' id='word_1_296' title='bbox 159 3423 197 3490; x_wconf 80' lang='grc' dir='ltr'><strong>τὸ</strong></span> <span class='ocrx_word' id='word_1_297' title='bbox 220 3423 296 3489; x_wconf 79' lang='grc' dir='ltr'><strong><em>κατὰ</em></strong></span> <span class='ocrx_word' id='word_1_298' title='bbox 320 3423 416 3507; x_wconf 72' lang='grc' dir='ltr'>φύσιν.</span> <span class='ocrx_word' id='word_1_299' title='bbox 450 3435 545 3492; x_wconf 90' lang='lat' dir='ltr'><strong>Paulo</strong></span> <span class='ocrx_word' id='word_1_300' title='bbox 567 3444 649 3510; x_wconf 84' lang='lat' dir='ltr'><strong>post:</strong></span> <span class='ocrx_word' id='word_1_301' title='bbox 670 3438 728 3506; x_wconf 82' lang='lat' dir='ltr'><strong>ulit,</strong></span> <span class='ocrx_word' id='word_1_302' title='bbox 750 3445 837 3509; x_wconf 76' lang='lat' dir='ltr'><strong>capet,</strong></span> <span class='ocrx_word' id='word_1_303' title='bbox 860 3445 948 3492; x_wconf 81' lang='lat' dir='ltr'><strong>tuetur</strong></span> <span class='ocrx_word' id='word_1_304' title='bbox 969 3433 1062 3494; x_wconf 78' lang='lat' dir='ltr'><strong>Gaius</strong></span> <span class='ocrx_word' id='word_1_305' title='bbox 1085 3433 1173 3492; x_wconf 84' lang='lat' dir='ltr'><strong>etiam</strong></span> 
     </span>
     <span class='ocr_line' id='line_1_33' title="bbox 96 3513 1174 3600; baseline 0 -24"><span class='ocrx_word' id='word_1_306' title='bbox 96 3518 219 3596; x_wconf 88' lang='lat' dir='ltr'><strong>eSpir.;</strong></span> <span class='ocrx_word' id='word_1_307' title='bbox 242 3519 331 3575; x_wconf 88' lang='lat' dir='ltr'><strong>ceteri</strong></span> <span class='ocrx_word' id='word_1_308' title='bbox 342 3529 367 3576; x_wconf 84' lang='lat' dir='ltr'><strong>et</strong></span> <span class='ocrx_word' id='word_1_309' title='bbox 378 3529 482 3590; x_wconf 81' lang='lat' dir='ltr'><strong>tuetur3</strong></span> <span class='ocrx_word' id='word_1_310' title='bbox 499 3517 539 3600; x_wconf 88' lang='grc' dir='ltr'><strong>[Β</strong></span> <span class='ocrx_word' id='word_1_311' title='bbox 551 3523 605 3577; x_wconf 85' lang='lat' dir='ltr'><strong>olet</strong></span> <span class='ocrx_word' id='word_1_312' title='bbox 616 3531 711 3590; x_wconf 78' lang='lat' dir='ltr'><strong>tuetur,</strong></span> <span class='ocrx_word' id='word_1_313' title='bbox 724 3539 781 3578; x_wconf 92' lang='lat' dir='ltr'><strong>om.</strong></span> <span class='ocrx_word' id='word_1_314' title='bbox 793 3517 894 3600; x_wconf 68' lang='lat' dir='ltr'><strong>stupet}</strong></span> <span class='ocrx_word' id='word_1_315' title='bbox 925 3513 995 3578; x_wconf 88' lang='lat' dir='ltr'><strong>Dixi</strong></span> <span class='ocrx_word' id='word_1_316' title='bbox 1007 3520 1044 3577; x_wconf 85' lang='lat' dir='ltr'><strong>ed</strong></span> <span class='ocrx_word' id='word_1_317' title='bbox 1055 3521 1111 3590; x_wconf 93' lang='grc' dir='ltr'><strong>Ν,</strong></span> <span class='ocrx_word' id='word_1_318' title='bbox 1124 3520 1174 3578; x_wconf 89' lang='grc'><strong>56.</strong></span> 
     </span>
     <span class='ocr_line' id='line_1_34' title="bbox 95 3603 1174 3684; baseline -0.001 -21"><span class='ocrx_word' id='word_1_319' title='bbox 95 3604 232 3684; x_wconf 89' lang='lat' dir='ltr'><strong>[Vellem</strong></span> <span class='ocrx_word' id='word_1_320' title='bbox 249 3603 280 3660; x_wconf 89' lang='lat' dir='ltr'><strong>in</strong></span> <span class='ocrx_word' id='word_1_321' title='bbox 297 3605 422 3662; x_wconf 88' lang='lat' dir='ltr'><strong>transitu</strong></span> <span class='ocrx_word' id='word_1_322' title='bbox 444 3607 482 3662; x_wconf 88' lang='lat' dir='ltr'><strong>ab</strong></span> <span class='ocrx_word' id='word_1_323' title='bbox 504 3605 618 3663; x_wconf 89' lang='lat' dir='ltr'><strong>infinita</strong></span> <span class='ocrx_word' id='word_1_324' title='bbox 639 3607 773 3664; x_wconf 87' lang='lat' dir='ltr'><strong>oratione</strong></span> <span class='ocrx_word' id='word_1_325' title='bbox 794 3607 833 3664; x_wconf 87' lang='lat' dir='ltr'><strong>ed</strong></span> <span class='ocrx_word' id='word_1_326' title='bbox 854 3607 966 3664; x_wconf 86' lang='lat' dir='ltr'><strong>finitam</strong></span> <span class='ocrx_word' id='word_1_327' title='bbox 983 3606 1174 3663; x_wconf 79' lang='lat' dir='ltr'><strong>scriberetur:</strong></span> 
     </span>
     <span class='ocr_line' id='line_1_35' title="bbox 94 3689 718 3768; baseline 0 -20"><span class='ocrx_word' id='word_1_328' title='bbox 94 3710 205 3748; x_wconf 83' lang='lat' dir='ltr'><strong>summa</strong></span> <span class='ocrx_word' id='word_1_329' title='bbox 225 3693 370 3746; x_wconf 83' lang='lat' dir='ltr'><strong>communis</strong></span> <span class='ocrx_word' id='word_1_330' title='bbox 391 3701 450 3762; x_wconf 82' lang='lat' dir='ltr'><strong>est,</strong></span> <span class='ocrx_word' id='word_1_331' title='bbox 473 3701 498 3747; x_wconf 83' lang='lat' dir='ltr'><strong>et</strong></span> <span class='ocrx_word' id='word_1_332' title='bbox 519 3693 625 3765; x_wconf 82' lang='lat' dir='ltr'><strong>quidem</strong></span> <span class='ocrx_word' id='word_1_333' title='bbox 647 3689 718 3768; x_wconf 79' lang='lat' dir='ltr'><strong>cet]</strong></span> 
     </span>
    </p>

    <p class='ocr_par' dir='ltr' id='par_1_6' title="bbox 94 3774 1175 4452">
     <span class='ocr_line' id='line_1_36' title="bbox 184 3774 1174 3854; baseline 0.002 -23"><span class='ocrx_word' id='word_1_334' title='bbox 184 3785 214 3832; x_wconf 88' lang='lat' dir='ltr'><strong>ut</strong></span> <span class='ocrx_word' id='word_1_335' title='bbox 225 3795 376 3850; x_wconf 71' lang='lat' dir='ltr'><strong>moyerem</strong></span> <span class='ocrx_word' id='word_1_336' title='bbox 388 3774 457 3854; x_wconf 90' lang='lat' dir='ltr'><strong>cet.)</strong></span> <span class='ocrx_word' id='word_1_337' title='bbox 474 3776 567 3836; x_wconf 89' lang='lat' dir='ltr'><strong>Codd.</strong></span> <span class='ocrx_word' id='word_1_338' title='bbox 579 3787 609 3834; x_wconf 86' lang='lat' dir='ltr'><strong>et</strong></span> <span class='ocrx_word' id='word_1_339' title='bbox 620 3777 701 3834; x_wconf 86' lang='lat' dir='ltr'><strong>editt.</strong></span> <span class='ocrx_word' id='word_1_340' title='bbox 714 3787 737 3834; x_wconf 84' lang='lat' dir='ltr'><strong>et</strong></span> <span class='ocrx_word' id='word_1_341' title='bbox 748 3797 797 3834; x_wconf 81' lang='lat' dir='ltr'><strong>suo</strong></span> <span class='ocrx_word' id='word_1_342' title='bbox 805 3797 907 3851; x_wconf 75' lang='lat' dir='ltr'><strong>qaaere.</strong></span> <span class='ocrx_word' id='word_1_343' title='bbox 930 3776 1025 3851; x_wconf 85' lang='lat' dir='ltr'><strong>Atqui</strong></span> <span class='ocrx_word' id='word_1_344' title='bbox 1042 3795 1100 3834; x_wconf 89' lang='lat' dir='ltr'><strong>non</strong></span> <span class='ocrx_word' id='word_1_345' title='bbox 1112 3776 1174 3846; x_wconf 85' lang='lat' dir='ltr'><strong>illa,</strong></span> 
     </span>
     <span class='ocr_line' id='line_1_37' title="bbox 95 3859 1175 3937; baseline -0.001 -17"><span class='ocrx_word' id='word_1_346' title='bbox 95 3880 174 3937; x_wconf 79' lang='lat' dir='ltr'><strong>quae</strong></span> <span class='ocrx_word' id='word_1_347' title='bbox 197 3859 407 3919; x_wconf 79' lang='lat' dir='ltr'><strong>efficiunturet</strong></span> <span class='ocrx_word' id='word_1_348' title='bbox 418 3881 493 3936; x_wconf 87' lang='lat' dir='ltr'><strong>quae</strong></span> <span class='ocrx_word' id='word_1_349' title='bbox 504 3863 541 3919; x_wconf 91' lang='lat' dir='ltr'><strong>ad</strong></span> <span class='ocrx_word' id='word_1_350' title='bbox 559 3862 716 3920; x_wconf 84' lang='lat' dir='ltr'><strong>vivendum</strong></span> <span class='ocrx_word' id='word_1_351' title='bbox 735 3863 981 3937; x_wconf 86' lang='lat' dir='ltr'><strong>crescendumque</strong></span> <span class='ocrx_word' id='word_1_352' title='bbox 999 3862 1113 3933; x_wconf 83' lang='lat' dir='ltr'><strong>valent,</strong></span> <span class='ocrx_word' id='word_1_353' title='bbox 1136 3863 1175 3919; x_wconf 89' lang='lat' dir='ltr'><strong>ad</strong></span> 
     </span>
     <span class='ocr_line' id='line_1_38' title="bbox 95 3947 1174 4023; baseline 0 -19"><span class='ocrx_word' id='word_1_354' title='bbox 95 3957 263 4004; x_wconf 87' lang='lat' dir='ltr'><strong>extremum</strong></span> <span class='ocrx_word' id='word_1_355' title='bbox 286 3947 441 4021; x_wconf 87' lang='lat' dir='ltr'><strong>pervenire</strong></span> <span class='ocrx_word' id='word_1_356' title='bbox 463 3948 584 4018; x_wconf 80' lang='lat' dir='ltr'><strong>debent,</strong></span> <span class='ocrx_word' id='word_1_357' title='bbox 608 3949 659 4006; x_wconf 85' lang='lat' dir='ltr'><strong>sed</strong></span> <span class='ocrx_word' id='word_1_358' title='bbox 687 3949 753 4006; x_wconf 90' lang='lat' dir='ltr'><strong>ideo</strong></span> <span class='ocrx_word' id='word_1_359' title='bbox 765 3948 935 4023; x_wconf 85' lang='lat' dir='ltr'><strong>aetirpibus</strong></span> <span class='ocrx_word' id='word_1_360' title='bbox 947 3947 1123 4019; x_wconf 79' lang='lat' dir='ltr'><strong>efficiuntur,</strong></span> <span class='ocrx_word' id='word_1_361' title='bbox 1142 3957 1174 4004; x_wconf 88' lang='grc' dir='ltr'><strong>ιιι</strong></span> 
     </span>
     <span class='ocr_line' id='line_1_39' title="bbox 94 4032 1174 4109; baseline 0 -19"><span class='ocrx_word' id='word_1_362' title='bbox 94 4033 153 4090; x_wconf 85' lang='lat' dir='ltr'><strong>bae</strong></span> <span class='ocrx_word' id='word_1_363' title='bbox 181 4033 265 4108; x_wconf 88' lang='lat' dir='ltr'><strong>ipsae</strong></span> <span class='ocrx_word' id='word_1_364' title='bbox 287 4032 324 4089; x_wconf 89' lang='lat' dir='ltr'><strong>ad</strong></span> <span class='ocrx_word' id='word_1_365' title='bbox 343 4041 507 4090; x_wconf 86' lang='lat' dir='ltr'><strong>extremum</strong></span> <span class='ocrx_word' id='word_1_366' title='bbox 518 4035 701 4109; x_wconf 83' lang='lat' dir='ltr'><strong>perveniant</strong></span> <span class='ocrx_word' id='word_1_367' title='bbox 734 4035 770 4092; x_wconf 89' lang='lat' dir='ltr'><strong>Id</strong></span> <span class='ocrx_word' id='word_1_368' title='bbox 781 4033 917 4092; x_wconf 82' lang='lat' dir='ltr'><strong>Bromius</strong></span> <span class='ocrx_word' id='word_1_369' title='bbox 939 4034 1068 4092; x_wconf 89' lang='lat' dir='ltr'><strong>sentiens</strong></span> <span class='ocrx_word' id='word_1_370' title='bbox 1085 4033 1174 4090; x_wconf 89' lang='lat' dir='ltr'><strong>scribi</strong></span> 
     </span>
     <span class='ocr_line' id='line_1_40' title="bbox 95 4117 1173 4194; baseline 0.001 -19"><span class='ocrx_word' id='word_1_371' title='bbox 95 4118 232 4176; x_wconf 86' lang='lat' dir='ltr'><strong>volebat:</strong></span> <span class='ocrx_word' id='word_1_372' title='bbox 265 4127 290 4175; x_wconf 79' lang='lat' dir='ltr'><strong>et</strong></span> <span class='ocrx_word' id='word_1_373' title='bbox 312 4128 341 4175; x_wconf 84' lang='lat' dir='ltr'><strong>ut</strong></span> <span class='ocrx_word' id='word_1_374' title='bbox 361 4138 410 4176; x_wconf 80' lang='lat' dir='ltr'><strong>suo</strong></span> <span class='ocrx_word' id='word_1_375' title='bbox 431 4129 497 4190; x_wconf 82' lang='lat' dir='ltr'><strong>cet,</strong></span> <span class='ocrx_word' id='word_1_376' title='bbox 515 4119 709 4194; x_wconf 85' lang='lat' dir='ltr'><strong>probavitque</strong></span> <span class='ocrx_word' id='word_1_377' title='bbox 722 4120 894 4177; x_wconf 88' lang='lat' dir='ltr'><strong>Beierusad</strong></span> <span class='ocrx_word' id='word_1_378' title='bbox 916 4117 974 4178; x_wconf 83' lang='lat' dir='ltr'><strong>Off.</strong></span> <span class='ocrx_word' id='word_1_379' title='bbox 985 4119 1011 4191; x_wconf 89' lang='lat'><strong>1,</strong></span> <span class='ocrx_word' id='word_1_380' title='bbox 1027 4120 1065 4176; x_wconf 89' lang='grc'><strong>10</strong></span> <span class='ocrx_word' id='word_1_381' title='bbox 1081 4140 1110 4194; x_wconf 89' lang='lat' dir='ltr'><strong>p.</strong></span> <span class='ocrx_word' id='word_1_382' title='bbox 1123 4120 1173 4176; x_wconf 79' lang='lat'><strong>24.</strong></span> 
     </span>
     <span class='ocr_line' id='line_1_41' title="bbox 95 4203 1174 4281; baseline 0 -19"><span class='ocrx_word' id='word_1_383' title='bbox 95 4203 158 4262; x_wconf 85' lang='lat' dir='ltr'><strong>Sed</strong></span> <span class='ocrx_word' id='word_1_384' title='bbox 180 4214 206 4260; x_wconf 84' lang='lat' dir='ltr'><strong>et</strong></span> <span class='ocrx_word' id='word_1_385' title='bbox 227 4203 370 4261; x_wconf 86' lang='lat' dir='ltr'><strong>orationis</strong></span> <span class='ocrx_word' id='word_1_386' title='bbox 392 4213 568 4262; x_wconf 87' lang='lat' dir='ltr'><strong>structuram</strong></span> <span class='ocrx_word' id='word_1_387' title='bbox 583 4206 743 4281; x_wconf 85' lang='lat' dir='ltr'><strong>perturbat.</strong></span> <span class='ocrx_word' id='word_1_388' title='bbox 776 4205 875 4262; x_wconf 82' lang='lat' dir='ltr'><strong>Aliter</strong></span> <span class='ocrx_word' id='word_1_389' title='bbox 896 4205 972 4262; x_wconf 88' lang='lat' dir='ltr'><strong>Dav.</strong></span> <span class='ocrx_word' id='word_1_390' title='bbox 996 4213 1132 4275; x_wconf 68' lang='lat' dir='ltr'><strong>tentarat,</strong></span> <span class='ocrx_word' id='word_1_391' title='bbox 1155 4223 1174 4262; x_wconf 87' lang='lat' dir='ltr'><strong>e</strong></span> 
     </span>
     <span class='ocr_line' id='line_1_42' title="bbox 94 4289 1175 4350; baseline 0.001 -4"><span class='ocrx_word' id='word_1_392' title='bbox 94 4289 245 4346; x_wconf 84' lang='lat' dir='ltr'><strong>sententie</strong></span> <span class='ocrx_word' id='word_1_393' title='bbox 260 4297 358 4346; x_wconf 84' lang='lat' dir='ltr'><strong>tamen</strong></span> <span class='ocrx_word' id='word_1_394' title='bbox 377 4291 525 4348; x_wconf 82' lang='lat' dir='ltr'><strong>aberrans.</strong></span> <span class='ocrx_word' id='word_1_395' title='bbox 555 4292 623 4350; x_wconf 90' lang='lat' dir='ltr'><strong>Una</strong></span> <span class='ocrx_word' id='word_1_396' title='bbox 634 4292 732 4349; x_wconf 87' lang='lat' dir='ltr'><strong>littera</strong></span> <span class='ocrx_word' id='word_1_397' title='bbox 744 4309 810 4348; x_wconf 90' lang='lat' dir='ltr'><strong>cum</strong></span> <span class='ocrx_word' id='word_1_398' title='bbox 822 4291 878 4348; x_wconf 86' lang='lat' dir='ltr'><strong>Th.</strong></span> <span class='ocrx_word' id='word_1_399' title='bbox 887 4291 1022 4348; x_wconf 85' lang='lat' dir='ltr'><strong>Bentleio</strong></span> <span class='ocrx_word' id='word_1_400' title='bbox 1034 4291 1175 4348; x_wconf 83' lang='lat' dir='ltr'><strong>mutanda</strong></span> 
     </span>
     <span class='ocr_line' id='line_1_43' title="bbox 94 4374 1173 4452; baseline 0.002 -21"><span class='ocrx_word' id='word_1_401' title='bbox 94 4385 168 4432; x_wconf 83' lang='lat' dir='ltr'><strong>eret.</strong></span> <span class='ocrx_word' id='word_1_402' title='bbox 203 4374 341 4432; x_wconf 86' lang='lat' dir='ltr'><strong>Klotzius</strong></span> <span class='ocrx_word' id='word_1_403' title='bbox 362 4385 461 4432; x_wconf 90' lang='lat' dir='ltr'><strong>tamen</strong></span> <span class='ocrx_word' id='word_1_404' title='bbox 482 4375 513 4432; x_wconf 91' lang='lat' dir='ltr'><strong>in</strong></span> <span class='ocrx_word' id='word_1_405' title='bbox 531 4376 664 4450; x_wconf 82' lang='lat' dir='ltr'><strong>Quaestt.</strong></span> <span class='ocrx_word' id='word_1_406' title='bbox 676 4377 823 4434; x_wconf 88' lang='lat' dir='ltr'><strong>Tullianis</strong></span> <span class='ocrx_word' id='word_1_407' title='bbox 846 4397 873 4452; x_wconf 90' lang='lat' dir='ltr'><strong>p.</strong></span> <span class='ocrx_word' id='word_1_408' title='bbox 887 4377 926 4434; x_wconf 88' lang='grc'><strong>67</strong></span> <span class='ocrx_word' id='word_1_409' title='bbox 939 4395 1012 4450; x_wconf 83' lang='lat' dir='ltr'><strong>sqq,</strong></span> <span class='ocrx_word' id='word_1_410' title='bbox 1036 4377 1083 4433; x_wconf 91' lang='lat' dir='ltr'><strong>cui</strong></span> <span class='ocrx_word' id='word_1_411' title='bbox 1101 4376 1173 4436; x_wconf 87' lang='lat' dir='ltr'><strong>Otto</strong></span> 
     </span>
    </p>
   </div>
   <div class='ocr_carea' id='block_1_5' title="bbox 0 0 1504 5020">
    <p class='ocr_par' dir='ltr' id='par_1_7' title="bbox 0 0 1504 5020">
     <span class='ocr_line' id='line_1_44' title="bbox 0 0 1504 5020; baseline 0 3"><span class='ocrx_word' id='word_1_412' title='bbox 0 0 1504 5020; x_wconf 95' lang='lat' dir='ltr'><strong> </strong></span> 
     </span>
    </p>
   </div>
  </div>
 </body>
</html>
