2956 5028
314 409 378 472 224
708 426 753 470 nn
776 425 907 472 amisus
930 425 1000 471 soit.

314 595 424 672 tribus,
451 593 482 657 in
511 612 572 674 quo
599 594 680 658 inest
702 594 779 658 ordo
802 603 833 657 et
855 594 1035 658 moderatio.
1080 593 1174 658 Cuius
1197 591 1411 656 similitudine

314 703 482 777 perspecta
498 695 530 759 in
552 695 722 788 fonnarmn
744 695 847 776 specie
869 713 906 760 ac
928 695 1087 775 dignitate,
1109 694 1275 758 transitum
1292 703 1345 757 est
1364 694 1410 757 ad

316 797 509 861 honestatem
536 797 688 860 dictorum
715 803 811 878 atque
839 795 1000 861 factorum.
1049 795 1129 860 Nam
1158 814 1195 860 ex
1221 795 1270 859 his
1299 795 1411 859 tribus

316 898 468 978 laudibus,
497 917 575 979 quas
598 906 671 962 ante
693 898 770 978 dixi,
793 906 825 963 et
847 897 1051 963 temeritatem
1074 897 1256 962 reformidat
1283 903 1315 961 et
1339 915 1410 960 non

278 1001 414 1069 bartdet
435 1000 577 1082 cuiquam
603 1008 658 1065 aut
680 1000 763 1065 dioto
789 1005 937 1082 protervo
965 1005 1019 1064 aut
1040 999 1122 1064 iacto
1150 1017 1275 1078 nocere,
1310 1017 1411 1062 vere·

392 1209 414 1252 2.
436 1221 500 1268 spem
523 1204 571 1252 Em
592 1190 650 1271 [spa
668 1212 696 1252 ut
713 1213 738 1252 et
754 1220 818 1267 spem
836 1213 861 1252 et
878 1203 955 1268 specie
977 1204 1027 1265 legi
1045 1204 1133 1268 possit,
1154 1201 1200 1270 Eh]
1247 1220 1263 1252 a
1283 1206 1343 1267 (pro
1365 1204 1411 1266 aci

320 1287 407 1322 omnes
461 1278 484 1320 5.
502 1272 563 1322 audi
582 1274 641 1337 (pro
660 1272 741 1330 audet)
761 1273 783 1322 E
840 1271 920 1338 [rraare
938 1288 984 1338 pro
1002 1289 1085 1322 nocem
1103 1270 1149 1339 ΑΙ]

317 1499 425 1554 genere
447 1478 586 1553 loquendi
603 1480 692 1555 paulo
713 1480 919 1545 insolentiore3
937 1480 988 1537 sed
1000 1481 1102 1538 eodem
1118 1479 1204 1536 modo
1222 1478 1298 1534 dixit
1310 1478 1411 1534 Tuae.

320 1565 378 1635 ΙΙΙ,
403 1565 457 1620 49ι
480 1584 550 1638 quae
567 1575 723 1638 sequantur,
747 1569 773 1621 iu
793 1567 885 1621 eoadem
896 1569 1024 1622 sententia
1036 1575 1106 1631 erari,
1118 1565 1175 1620 hoe
1192 1575 1245 1632 est,
1268 1563 1410 1619 eiusdem

319 1648 498 1720 sententiae,
517 1659 546 1706 et
573 1650 598 1720 Ι,
624 1651 678 1706 94ε
711 1654 738 1706 r'rr
760 1651 852 1706 rualem
875 1652 1001 1706 brevitate
1022 1653 1193 1725 reperiemur,
1216 1659 1245 1705 et
1266 1649 1284 1705 Ι
1306 1648 1348 1704 N.
1368 1648 1410 1704 D.

321 1736 378 1791 31:
412 1754 482 1808 qaae
504 1745 565 1790 strat
588 1737 679 1791 iisdem
702 1738 728 1791 iu
752 1739 849 1791 erratis
865 1737 935 1808 jere.
959 1735 1059 1792 Minus
1072 1735 1177 1791 mirum
1190 1743 1243 1804 est,
1267 1733 1351 1808 quod
1377 1734 1410 1789 in
1469 1741 1470 1752 ¹

319 1823 424 1893 perterre
447 1820 591 1876 vocabulo
614 1819 719 1878 Cicero
731 1839 819 1895 saepe
843 1821 885 1877 sie
908 1821 1053 1895 loquitur,
1077 1831 1109 1877 nt
1131 1820 1179 1877 hie
1201 1819 1264 1889 ΙΙΙ,
1291 1819 1331 1874 69
1366 1819 1409 1893 (m

320 1924 349 1961 eo
369 1925 463 1978 praere
485 1916 555 1975 staret,
578 1905 635 1962 hoo
657 1915 711 1974 est,
735 1906 797 1962 eius
819 1904 959 1982 generis).
983 1907 1069 1962 Verr.
1092 1906 1150 1975 111,
1172 1906 1221 1974 99,
1246 1905 1282 1960 de
1300 1903 1410 1959 Divin.

320 1991 345 2059 Ι,
360 1991 409 2062 89,
422 1991 526 2066 Topie.
540 1991 594 2060 763
617 2009 685 2046 nam
701 2009 808 2066 genere
820 2009 867 2047 res
879 1991 1167 2065 comprehenduntur
1178 1988 1327 2064 singulam
1354 1989 1410 2044 sed

320 2076 390 2132 hine
412 2075 485 2132 illud
507 2085 603 2132 ortum
627 2084 671 2132 est
693 2076 804 2146 durius,
828 2076 907 2150 quod
929 2076 1037 2151 legitur
1059 2076 1107 2131 hio
1128 2076 1184 2146 IV,
1209 2075 1263 2131 36:
1295 2077 1409 2130 arrirmrs

321 2171 361 2218 est
383 2163 409 2216 t'n
431 2161 548 2234 quodam
569 2181 664 2234 perrara
685 2163 818 2235 eorporis,
842 2161 873 2216 id
895 2170 949 2232 est,
972 2179 1065 2237 genus
1088 2160 1235 2235 quoddam
1259 2159 1409 2234 eorporis.

321 2245 372 2304 Ab
401 2245 503 2302 eadem
531 2246 645 2321 origine
678 2246 786 2302 dieitur
812 2265 869 2302 esee
896 2249 921 2302 in
950 2250 1025 2317 tatio,
1060 2264 1119 2302 non
1147 2246 1241 2303 solum
1264 2245 1409 2302 universe

323 2331 416 2407 (quod
439 2341 630 2406 pervagatum
654 2329 722 2408 est),
746 2331 796 2388 sed
820 2331 948 2402 definite,
972 2332 1008 2387 de
1030 2332 1065 2388 R.
1079 2331 1114 2388 P.
1136 2332 1162 2402 I,
1186 2332 1241 2386 44:
1264 2349 1337 2404 qrrae
1359 2349 1408 2402 pe-

322 2436 388 2472 rtera
410 2425 472 2472 etad
494 2419 520 2472 r'rr
543 2419 576 2472 r'r's
598 2419 704 2489 or'nqula
726 2419 805 2486 ru'tr'r's,
830 2435 900 2490 qrrae
921 2426 982 2473 aute
1004 2417 1071 2473 clim:
1105 2416 1170 2473 Nee
1192 2414 1261 2471 hino
1278 2415 1409 2471 discedit

322 2500 396 2558 illud
419 2501 449 2557 in
472 2501 560 2558 Tuso.
582 2501 637 2573 IV,
662 2502 716 2557 42:
749 2503 930 2574 aepm'tudr'aes
952 2511 1091 2576 saareprtae
1112 2504 1233 2558 continuo
1255 2503 1281 2556 io
1305 2519 1408 2572 mapua

319 2589 405 2663 pestis
423 2596 504 2661 parte
526 2597 676 2656 vereantur,
700 2585 730 2642 id
753 2595 807 2654 est,
830 2605 964 2661 magnam
988 2595 1103 2662 partem
1126 2585 1286 2643 continent.
1330 2583 1409 2642 Bre-

324 2672 400 2728 mius
421 2671 671 2747 praepositionem
693 2670 819 2728 fortasse
842 2672 995 2728 delendam
1020 2690 1083 2728 esse
1101 2671 1240 2746 putabat;
1264 2669 1410 2726 audacior

324 2757 486 2813 Lambinus
509 2757 681 2825 sustuleram
715 2757 802 2813 venia
824 2757 930 2831 dignus
952 2766 1093 2830 uterque,
1127 2775 1186 2813 non
1210 2755 1319 2824 Gaius,
1357 2755 1408 2828 qui

324 2841 461 2917 primum,
484 2841 616 2898 adbibita
628 2843 716 2898 etiarn
739 2841 857 2900 Graeca
869 2842 1120 2916 interpretatione,
1143 2841 1303 2898 verbahoe
1315 2840 1409 2914 signi-

324 2927 413 2982 ficare
437 2925 537 2983 docet:
560 2928 599 2982 ad
620 2928 730 2983 eoadem
748 2928 977 3001 padebrr'tadiaem
999 2927 1168 3000 referendum
1190 2935 1243 2996 eet,
1280 2935 1309 2982 et
1341 2925 1409 3000 pul·

324 3010 520 3068 chritudinom
543 3012 690 3068 internum
714 3011 804 3068 animi
827 3011 963 3069 decorem
974 3011 1204 3088 intellegendum
1222 3029 1296 3078 esse,
1320 3009 1408 3084 quasi

324 3107 375 3153 aut
398 3097 450 3153 illo
473 3097 559 3154 modo
582 3097 743 3153 dicaturus
772 3097 921 3153 anthane
943 3097 1191 3172 pulchritudinem
1213 3107 1281 3152 ante
1301 3095 1409 3154 Cicero

324 3182 561 3239 commemorarit
572 3182 602 3238 in
615 3201 707 3255 eaque
719 3183 843 3238 virtutes
856 3189 1005 3256 tamquam
1017 3191 1117 3257 partas
1130 3181 1275 3257 posuerit;
1300 3181 1408 3237 deinde

325 3267 467 3323 mirificus
489 3277 615 3342 nugator
637 3267 736 3323 omnia
759 3267 848 3341 plana
870 3267 933 3323 fieri
955 3276 1050 3342 putat,
1074 3267 1098 3323 si
1121 3277 1146 3323 et
1168 3299 1209 3308 —-
1231 3277 1256 3323 et
1277 3285 1336 3340 pro,
1357 3285 1408 3321 aon

324 3354 410 3408 oolam
433 3384 474 3392 —
497 3353 546 3408 secl
566 3355 644 3408 etiam
666 3352 857 3426 accipiantur.
901 3353 945 3408 At
978 3353 1175 3428 quaerebatur
1203 3351 1238 3408 de
1266 3354 1293 3406 iu
1322 3369 1410 3426 prae-

326 3437 482 3512 positione.
556 3471 565 3488 2

416 3522 499 3578 Graias
523 3523 693 3578 eiadlr’tadr'ae
706 3518 863 3599 perspecta)
886 3521 952 3578 Hoc
975 3531 1034 3578 est:
1058 3539 1123 3578 eum
1147 3520 1259 3596 aliquid
1281 3521 1348 3577 eius
1371 3519 1410 3576 si·

326 3607 396 3663 mile
418 3616 605 3682 perspectum
629 3615 722 3674 esset,
746 3606 803 3663 rid.
827 3607 865 3663 ad
887 3607 925 3677 V,
939 3607 988 3662 42.
1017 3607 1209 3680 Tumadipa.
1232 3605 1323 3662 etiam
1336 3605 1408 3661 aiio·

326 3712 391 3749 imm
415 3691 509 3761 codd,
532 3691 589 3748 nisi
612 3691 691 3765 quod
712 3691 743 3747 in
765 3692 842 3748 Etr
866 3710 899 3748 ae
916 3691 1024 3749 dieitur
1046 3710 1125 3761 esse;
1149 3691 1338 3748 emendatum
1351 3691 1409 3746 iam

326 3778 356 3834 in
376 3779 450 3834 Ven.
471 3778 552 3833 1480
570 3775 697 3853 (Orellio
710 3775 797 3854 teste)
816 3787 845 3834 et
862 3775 940 3851 apud
962 3777 1104 3848 Marsum,
1123 3778 1178 3833 etsi
1201 3776 1311 3832 mansit
1328 3795 1409 3832 men·

326 3863 397 3919 dum
409 3863 439 3919 in
451 3862 516 3919 edd.
535 3861 683 3937 plerisque
695 3860 733 3917 ad
744 3862 909 3919 Davisium.
937 3862 1119 3919 Annotonda
1132 3861 1238 3918 deinde
1250 3859 1410 3938 singularis

327 3947 470 4004 orationis
494 3947 623 4004 brevitas
645 3946 676 4003 in
698 3946 754 4002 hae
775 3946 885 4005 forma:
919 3966 952 4002 er
980 3948 1022 4003 iris
1051 3948 1136 4004 tribas
1166 3947 1293 4003 laudibus
1322 3953 1409 4002 —et

328 4036 499 4089 temeritatem
521 4033 681 4106 reformidat
702 4041 757 4088 ete.
800 4032 929 4090 Videtur
951 4031 1056 4090 Cicero
1079 4032 1245 4108 significare
1268 4031 1408 4098 voluisse,

328 4117 455 4191 quidex
478 4117 601 4193 singuiis
623 4117 683 4174 illis
705 4117 778 4173 haee
801 4127 906 4191 quarta
927 4117 1050 4174 haberet
1072 4127 1102 4173 et
1123 4117 1264 4186 traheret,
1287 4125 1321 4173 ut
1337 4116 1409 4172 haee

328 4201 391 4258 fere
413 4202 560 4260 sententia
588 4203 640 4259 sit:
663 4201 711 4258 Ex
737 4202 783 4258 his
811 4201 947 4259 laudibus
975 4202 1069 4260 oritur
1097 4203 1205 4277 partim
1234 4199 1410 4259 temeritatis
1469 4273 1470 4276 Ἴ

326 4286 539 4358 reformidatio,
562 4288 668 4362 partim
691 4287 868 4361 proterviae,
892 4297 946 4344 cet.
