2938 5020
332 366 393 428 122
722 383 766 428 na
789 383 919 430 sturnus
942 382 1012 428 uon.

329 553 450 634 busque
461 569 568 616 aarum
579 551 746 634 explicatis,
769 559 809 630 et,
831 559 866 617 ut
877 553 968 617 modo
980 553 1079 630 docui,
1102 551 1284 632 cognitionis
1297 549 1392 632 regtdu

329 654 494 718 etiudicio
517 654 684 720 abeodem
712 653 764 718 illo
793 655 975 732 constituto,
1008 653 1075 718 veri
1101 651 1220 718 afelso
1248 652 1393 718 distinctio

329 757 471 821 traditur.

413 859 480 924 XX.
526 859 576 926 65.
610 859 722 924 Restat
748 859 834 924 locus
860 859 931 924 huic
963 858 1165 941 disputationi
1193 857 1241 922 vel
1274 857 1394 922 maxime

291 961 537 1040 urnecessern'us,
571 961 783 1040 deamicitia,
816 979 924 1042 quarn,
958 960 984 1024 si
1012 959 1155 1042 voluptas
1183 978 1336 1024 summum
1361 958 1396 1022 sit

399 1171 419 1214 l.
438 1167 557 1216 eoncurE
591 1165 710 1216 docuimus
729 1165 750 1214 E
788 1173 810 1216 2.
829 1165 913 1216 ecdem
931 1165 974 1216 illa
991 1179 1078 1216 omnes
1099 1163 1220 1232 [A²]‚Or.
1242 1162 1281 1230 [ea
1290 1164 1342 1212 derb
1359 1161 1396 1211 illc

328 1234 372 1300 ΔΙ]
410 1242 433 1283 4.
454 1235 490 1283 cel
507 1245 602 1299 trcnsp.
622 1244 680 1283 ante
698 1233 781 1285 luicC
803 1231 1009 1302 [disputationibus
1026 1233 1126 1282 inarime
1138 1233 1182 1299 Αἱ]
1221 1237 1244 1282 5.
1259 1234 1309 1280 bon.
1327 1233 1355 1280 cit
1372 1231 1396 1280 Μ

327 1462 380 1519 per
392 1463 422 1500 se
435 1443 551 1514 dicitur,
564 1442 820 1518 quemadmodum,
832 1443 915 1501 nullo
927 1443 1037 1504 addito.
1049 1443 1138 1500 Tusc.
1150 1443 1209 1512 III,
1228 1443 1274 1499 16.
1298 1439 1396 1498 Maluit

326 1529 382 1584 hoc
405 1528 509 1586 Cicero
533 1548 620 1603 quarn
644 1533 844 1604 reciperandum
866 1529 972 1599 dicere,
996 1529 1074 1603 quod
1086 1531 1189 1584 relictio
1200 1527 1396 1604 praecedebat.

412 1625 444 1672 et.
468 1625 497 1670 ut
518 1617 595 1684 recedo
617 1617 704 1685 docui,
728 1613 798 1692 etc.)
831 1615 985 1684 Mendurn,
1014 1615 1093 1688 quod
1115 1614 1163 1670 bic
1185 1614 1311 1682 latebat,
1345 1629 1397 1667 non

327 1699 460 1757 dubitavi
482 1700 595 1758 tollere.
640 1702 676 1758 In
699 1700 820 1776 vulgata
842 1701 1003 1776 scriptura,
1031 1699 1057 1756 si
1084 1701 1178 1772 reputa
1205 1698 1398 1756 nominativus

326 1795 369 1843 est
393 1783 461 1863 (nec
484 1795 580 1862 potest
603 1805 661 1843 non
685 1783 772 1863 esse),
796 1785 976 1842 divelluntur
998 1787 1090 1859 reptile
1113 1795 1142 1842 et
1165 1787 1306 1854 indicium,
1330 1801 1398 1857 quae

326 1871 566 1928 coniunctissime
588 1881 655 1928 sunt
678 1881 707 1927 et
730 1871 830 1927 eadem
854 1871 963 1947 duplici
987 1871 1105 1928 nomine
1132 1869 1180 1949 (de
1203 1873 1295 1944 copulo
1318 1881 1342 1924 et
1362 1871 1398 1922 in-

326 1958 395 2012 dicio
417 1956 482 2014 IN.
495 1958 533 2014 D.
557 1955 621 2034 43),
645 1957 891 2033 coniungiturque
913 1956 1025 2034 regula,
1048 1975 1123 2032 quae
1146 1957 1183 2013 eb
1207 1956 1337 2031 Epicuro
1358 1953 1399 2008 in-

326 2043 480 2098 strumenti
503 2043 569 2100 loco
592 2043 661 2099 data
683 2051 737 2111 est,
761 2061 825 2100 cum
849 2040 964 2112 effectu,
988 2042 1175 2100 distinctione
1198 2043 1260 2098 veri
1285 2051 1313 2097 et
1326 2038 1398 2096 fulsi,

325 2127 441 2184 Deinde
464 2128 604 2185 iudicium
626 2129 661 2184 ab
682 2129 785 2204 regule
807 2128 997 2186 constitutum
1021 2127 1144 2198 dicitur,
1168 2125 1247 2202 quod
1269 2139 1298 2183 et
1322 2145 1353 2182 re
1374 2133 1398 2180 et
1427 2197 1429 2202 ι

220 2267 223 2276 ,
326 2213 468 2270 cretionis
484 2212 846 2290 lormaperversissimum
869 2223 928 2284 est;
957 2213 1071 2290 singule
1093 2213 1203 2270 iudicia
1226 2211 1329 2288 regula
1351 2209 1400 2266 illa

325 2308 481 2374 reguntur3
503 2308 574 2360 turn.
598 2299 676 2374 quod
698 2299 915 2375 apertissimum
939 2311 997 2370 est,
1020 2299 1058 2356 ab
1081 2301 1171 2356 erdem
1194 2301 1241 2356 iliu
1264 2298 1307 2355 sic
1329 2296 1399 2352 dici·

325 2393 387 2454 tur,
416 2394 565 2458 tamquam
593 2385 674 2442 aliud
700 2386 813 2460 aliquid
838 2387 875 2442 ab
909 2387 1011 2443 eadem
1033 2393 1101 2442 ente
1129 2385 1321 2442 coustitutum
1350 2381 1399 2445 sin

326 2488 421 2544 neque
444 2470 521 2526 eninr
545 2489 562 2526 a
584 2472 699 2528 Latinis
721 2489 875 2546 uniquam,
909 2470 987 2546 quod
1015 2488 1092 2527 nunc
1119 2470 1152 2527 iit
1175 2488 1263 2545 seepe
1286 2487 1304 2526 e
1328 2468 1399 2524 male

325 2555 531 2627 scribentibus,
553 2559 623 2613 idem
640 2575 693 2632 pro
705 2575 750 2627 eo,
769 2557 847 2630 quod
859 2567 902 2620 est
915 2561 947 2622 io,
970 2557 1097 2632 ponitur.
1125 2555 1288 2612 Ablativus
1305 2565 1399 2612 eruent

325 2643 417 2714 copulo
440 2659 503 2698 esse
525 2643 641 2716 nequit3
674 2661 741 2699 narn
771 2643 795 2698 si
825 2643 862 2698 ed
885 2643 1004 2714 copulam
1026 2652 1050 2698 et
1072 2643 1199 2698 iudicium
1222 2639 1399 2698 coniunctim

324 2724 451 2783 refertur
472 2731 620 2798 concutere,
643 2728 680 2784 ad
703 2737 858 2801 utrumque
881 2728 970 2784 etiarn
992 2727 1152 2802 pertinebit
1174 2727 1341 2784 necessario
1368 2725 1400 2780 ob

324 2813 415 2868 euclem
439 2814 500 2875 illc:
523 2831 598 2886 qrrae
621 2814 711 2889 igitur
732 2813 805 2869 haec
828 2813 916 2870 tertia
938 2811 1012 2870 erit?
1057 2812 1116 2872 Sed
1138 2821 1171 2869 ut
1193 2813 1339 2887 tingamus
1360 2811 1400 2866 sic

324 2898 397 2954 haec
419 2897 550 2974 intellegi
574 2918 677 2974 posse:
711 2901 802 2970 cepido
825 2903 980 2968 couett'tutu,
1003 2909 1028 2954 et
1049 2899 1084 2954 cb
1106 2899 1197 2954 eadent
1221 2899 1320 2954 dedicio
1341 2917 1398 2953 cou-

324 2986 424 3052 stituto,
448 2992 554 3045 cetere.
578 2984 700 3059 quaein
723 2984 904 3041 nominativo
927 2994 1025 3054 erent,
1059 2983 1245 3040 incommoda
1273 2993 1399 3046 manent,

324 3068 464 3126 iudicium
486 3089 505 3126 a
526 3070 629 3146 regula
651 3079 799 3144 remquam
812 3069 994 3145 subsequens
1016 3069 1163 3126 divulsum
1187 3078 1217 3125 et
1238 3070 1322 3124 sabee
1334 3085 1400 3124 con-

324 3153 469 3224 stitutum,
492 3166 554 3212 turn
578 3173 740 3231 pronomen
762 3157 854 3212 eaden
877 3174 968 3231 prave
990 3155 1127 3231 positum
1162 3154 1246 3212 Haec
1269 3155 1321 3227 qui
1334 3171 1400 3210 con·

324 3239 508 3307 siderererit,
531 3259 589 3298 non
612 3241 732 3318 negabit
755 3241 928 3300 Ciceronem
942 3241 1109 3316 scripsisse:
1132 3251 1164 3300 et.
1177 3250 1207 3296 ut
1223 3241 1302 3296 niodo
1314 3241 1399 3306 alocm',

231 3379 233 3384 .
323 3329 476 3398 copnitionie
507 3329 598 3400 reperio
621 3337 646 3384 et
667 3329 765 3384 iudicio
787 3328 821 3383 ab
844 3329 954 3384 eodem
976 3329 1036 3382 illo
1058 3323 1122 3402 (qui
1145 3325 1268 3401 physica
1292 3325 1401 3383 docuit.

324 3411 468 3488 Epicuro)
496 3417 648 3474 iroraetituto.
683 3417 738 3469 veri
764 3433 781 3468 u
805 3415 879 3487 salci
903 3415 1037 3469 distinctio
1065 3413 1193 3468 trudito.
1239 3410 1290 3470 Sic
1314 3411 1400 3468 etiam

323 3495 396 3552 illud
418 3506 514 3572 petet.
541 3498 613 3555 haec
635 3517 689 3574 per
711 3515 742 3554 ae
764 3497 801 3555 de
824 3498 982 3556 canonicae
1004 3497 1097 3572 partia
1119 3497 1247 3554 utilitate
1270 3495 1402 3572 adiungi,

323 3600 417 3656 neque
441 3601 478 3638 ex
501 3582 560 3640 illis
582 3585 733 3658 epbysicie
761 3583 833 3640 diue
861 3583 897 3640 ad
926 3585 1045 3640 truditur
1065 3583 1258 3657 repetendum
1287 3601 1354 3640 ease
1376 3585 1401 3636 in

318 3668 449 3742 piperis,
473 3685 539 3725 curn
561 3669 734 3744 praesertim
756 3669 800 3726 rei
821 3669 946 3738 veritas,
980 3679 1011 3725 ut
1034 3687 1124 3743 supra
1146 3668 1223 3734 dixi,
1246 3677 1402 3744 repugnet

322 3754 458 3827 Apparet
481 3754 580 3822 etiarn,
602 3772 654 3811 cur
677 3754 712 3811 de
736 3755 879 3830 Epicuro
914 3755 965 3830 qui
987 3772 1045 3812 non
1064 3754 1203 3829 proxime
1232 3754 1402 3811 nominat-us

322 3847 409 3908 esset,
433 3839 565 3896 additum
588 3839 625 3896 sit
648 3843 701 3896 illo.
745 3839 876 3918 (Unus
867 3859 897 3898 1n
920 3841 976 3898 boc
992 3838 1234 3898 locooffenderet
1246 3839 1402 3914 prudentis

322 3923 424 3980 iudicii
445 3925 549 3995 borno,
578 3925 611 3982 F.
631 3927 668 3982 V.
691 3926 819 3986 Reizius
853 3945 978 4010 errmquc
1012 3927 1041 3981 in
1070 3925 1208 4000 exemplo
1235 3943 1307 3988 suo,
1345 3943 1401 3998 quo

322 4009 416 4067 Gzius
439 4029 510 4066 risus
533 4021 587 4070 est.
611 4011 751 4090 notarat.)

408 4093 479 4238 Cap.
493 4097 566 4166 XX,
580 4099 628 4154 65.
652 4099 838 4172 Epiron-usito
850 4097 952 4174 dicet)
944 4116 974 4154 rn
986 4097 1132 4154 sententia
1143 4095 1401 4160 duodeuicesima,

323 4180 474 4256 Diogx,
502 4183 576 4239 148:
599 4169 688 4237 ιὨν
674 4201 690 4257 η
713 4177 807 4255 σοᾳία
828 4171 1086 4278 παρασκευάζεται
1110 4173 1152 4244 εἰς
1173 4171 1225 4254 rip
1248 4180 1305 4240 τοῦ
1330 4171 1400 4240 ὅλοι

322 4258 388 4340 βίον
411 4253 627 4341 μακαριότητα.
649 4256 725 4322 eroli
747 4257 883 4341 μέγιστόν
906 4261 983 4324 ἐστιν
1007 4258 1022 4340 ἡ
1044 4263 1096 4340 τῆς
1119 4257 1220 4338 φιλίας
1241 4265 1352 4340 κτῆσις.
