2920 5012
405 349 450 395 nr
471 347 553 394 nnn.
574 347 667 394 amr
691 349 764 396 cae.
780 351 817 396 re.
1085 329 1145 393 111

92 515 218 582 irturove
248 517 429 583 seiunctum.
484 517 549 582 Neo
576 535 650 583 vero
678 518 843 600 quisquam
870 517 984 582 stultus
1006 535 1069 581 non
1091 516 1148 581 ho-

92 639 149 684 rum
167 619 342 685 morborum
362 620 467 702 aliquo
493 619 629 698 laborat3
661 637 752 684 nemo
774 620 868 702 igitur
890 627 1022 684 estnon
1043 619 1147 684 miser.

93 724 133 787 60.
151 723 273 788 Accedit
294 723 389 787 etiam
409 739 507 801 mors,
530 740 624 803 quae,
647 722 737 804 quasi
758 740 868 786 saxum
890 721 1038 801 Tantalo,
1066 739 1146 786 sem-

92 843 140 905 per
157 825 323 906 impendet;
345 824 613 906 tumsuperstitio,
636 842 699 906 qua
721 825 774 906 qui
790 831 839 888 est
855 823 1000 904 imbutus,
1023 823 1146 904 quietus

93 943 150 992 esse
168 946 333 1009 numquam
354 931 466 1008 potest.
514 927 683 992 Praeterea
703 926 786 991 bona
807 927 977 1008 praeterita
998 944 1060 991 non
1081 925 1187 990 me=5

92 1029 243 1108 ninerunt,
271 1028 490 1110 praesentibus
513 1047 573 1094 non
596 1027 757 1107 fruuntm3
786 1025 891 1093 fertura
912 1029 1004 1094 modo
1037 1046 1147 1109 expec-

92 1136 154 1209 tant,
174 1149 252 1212 quae
274 1131 347 1214 quia
369 1137 455 1196 certa
476 1149 545 1196 esse
567 1149 628 1195 non
650 1137 791 1212 possunt,
814 1129 1018 1196 conficiuntur
1039 1135 1071 1196 et
1091 1149 1147 1194 an-

92 1251 154 1313 gore
175 1240 205 1298 et
224 1241 322 1312 metu;
356 1233 549 1315 maximeque
571 1233 763 1312 cruciantur,
796 1251 866 1298 cum
898 1252 968 1299 sero
1002 1233 1147 1312 sentiunt,

92 1333 192 1400 frustra
225 1355 260 1402 se
281 1341 337 1401 aut
357 1336 509 1418 pecuniae
530 1335 688 1401 studuisse
709 1343 765 1400 aut
785 1335 923 1417 imperiis
950 1342 1005 1401 aut
1037 1333 1147 1416 opibus

91 1444 136 1500 aut
153 1437 274 1519 gloriae.
317 1438 428 1503 Nullas
450 1437 531 1502 enim
552 1445 785 1520 consequuntur
806 1437 992 1520 voluptates,
1015 1455 1146 1520 quarum
1167 1437 1209 1502 10

148 1664 168 1710 Ξ.
184 1677 261 1710 mma
288 1668 323 1710 eet
349 1661 408 1726 (pro
426 1664 471 1724 eet)
495 1659 612 1710 Leonem
631 1659 674 1710 Or.
718 1665 742 1710 3.
763 1658 862 1711 Accedit
881 1687 910 1697 —
931 1675 1056 1724 numquam
1070 1667 1148 1724 petest

91 1727 142 1776 citat
156 1728 251 1779 Nonius
268 1745 292 1794 p.
312 1733 363 1778 824
381 1729 460 1780 Marc.
491 1728 561 1778 etiam
579 1729 703 1779 omittens.
741 1735 764 1778 4.
783 1728 930 1795 irnpendr'tE
966 1738 1014 1779 tam
1032 1727 1090 1792 qaia
1108 1730 1151 1794 qra'

90 1801 140 1854 leur.
156 1797 297 1863 mutatio)
315 1797 382 1848 Non.
419 1803 442 1849 e.
457 1797 565 1862 pecuniis
582 1797 605 1848 Ε

90 2003 147 2062 dam
166 2007 306 2064 editiones
329 2005 433 2084 (Crat,
455 2005 549 2081 Vict.)
582 2005 752 2082 irrepsisset
782 2008 900 2077 omnino,
934 2013 964 2062 et
991 2005 1022 2063 in
1055 2025 1146 2084 marg.

90 2088 158 2148 Cret
178 2103 205 2149 et
227 2111 242 2148 e
267 2091 332 2150 cod.
353 2093 429 2150 Mor.
452 2110 555 2149 verum
577 2100 748 2149 annotatum
771 2099 824 2148 est.

162 2189 198 2234 est
218 2197 270 2234 aaa
292 2174 387 2258 amer)
420 2177 469 2236 Ex
490 2175 594 2237 Ursini
616 2177 730 2250 codice,
759 2177 811 2252 qui
831 2177 930 2235 nullus
952 2185 1030 2247 erat,
1052 2175 1146 2234 Davi-

88 2260 141 2319 sius
160 2273 187 2319 et
207 2263 301 2322 Gaius
323 2283 413 2320 eorum
445 2283 499 2339 pro
527 2273 566 2320 est
592 2263 777 2334 asciverunt,
810 2281 847 2320 ne
880 2263 967 2320 nimis
1000 2263 1146 2340 generalia

88 2349 218 2406 sententia
239 2349 338 2424 ipeurn
360 2349 523 2425 eapientem
545 2349 814 2424 comprehenderet
858 2348 917 2408 Sed
938 2367 997 2406 non
1020 2348 1147 2406 difficul-

87 2439 125 2489 ter
143 2453 158 2490 e
178 2435 313 2510 proximo
336 2433 454 2492 auditur
475 2437 587 2506 stultam
610 2435 666 2492 etsi
693 2434 798 2492 melius
819 2434 871 2492 illo
894 2435 981 2492 modo
1003 2433 1145 2492 scribere-

87 2526 134 2574 tur.
173 2521 244 2578 Mox
268 2519 305 2576 de
328 2520 448 2577 'fontali
470 2539 558 2591 sexo,
588 2521 671 2578 cuius
698 2519 889 2579 similitudine
911 2520 1066 2578 Lucretius
1088 2521 1147 2592 III,

88 2604 139 2661 980
165 2624 224 2681 sqq.
246 2605 279 2662 in
302 2605 423 2663 deorum
446 2606 551 2663 timore
574 2607 681 2678 utitur,
710 2605 784 2677 vid,
813 2606 838 2664 si
860 2606 935 2664 tanti
957 2614 1015 2678 est,
1039 2606 1149 2664 Porso-

86 2707 134 2746 uns
153 2691 188 2747 ad
207 2691 313 2767 Eur-ip.
336 2690 433 2750 Orest.
456 2711 484 2748 v.
509 2693 537 2747 5.

162 2778 206 2833 60.
250 2787 276 2833 et
297 2795 397 2850 copore
418 2787 443 2834 et
464 2776 548 2852 metu)
582 2776 728 2851 Quoniam
755 2777 828 2833 haec
855 2776 981 2852 repetita
1003 2777 1150 2852 particula

86 2859 307 2939 distingruntur,
341 2881 434 2938 angor
466 2863 504 2920 ad
536 2863 700 2938 praesentis
727 2871 821 2920 status
843 2862 973 2920 taedium
999 2863 1148 2938 pertinere

85 2945 197 3004 ridetur.

160 3053 274 3108 prorum
291 3033 415 3109 potiendi
434 3031 495 3109 epe)
516 3034 667 3091 Incertum
690 3042 749 3104 eet,
782 3041 880 3090 utrum
903 3031 1008 3091 Cicero
1031 3051 1148 3108 quorum

85 3119 201 3176 ererbo
233 3119 298 3196 regi
332 3119 460 3176 voluerit
486 3137 524 3175 an
551 3127 707 3193 utrumque
735 3119 774 3176 ad
795 3118 1011 3177 substantivum
1033 3116 1147 3175 referri.

84 3200 153 3260 Nam
173 3209 264 3280 potior
292 3221 359 3262 cum
381 3205 518 3280 genetivo
541 3215 626 3262 extra
652 3204 835 3262 notissimam
856 3203 1014 3261 formulam
1037 3203 1082 3280 (p
1106 3223 1148 3260 re·

84 3287 149 3364 rum)
169 3290 245 3348 dixit
267 3289 357 3346 etiam
379 3289 395 3348 I
417 3289 456 3347 ad
477 3289 559 3347 Fam.
584 3291 617 3359 7,
649 3289 666 3346 5
690 3284 785 3370 (aliud
808 3299 853 3346 ast
875 3289 953 3346 enim
975 3289 1077 3366 longe,
1111 3290 1147 3346 de

85 3373 199 3434 Lentulo
232 3376 426 3452 imperatore,
453 3378 530 3448 requi
565 3376 662 3431 illiue
695 3377 794 3450 potiri,
833 3375 913 3432 aliud
945 3379 1022 3449 reperi
1053 3379 1147 3452 potiri,

82 3457 108 3515 id
137 3471 193 3533 eet,
220 3479 320 3538 regern
343 3460 420 3536 fieri)
443 3461 531 3517 etde
554 3458 612 3519 Off.
634 3461 698 3531 HI,
725 3460 783 3517 113
807 3461 875 3537 (pot.
897 3459 1070 3536 castrorum).
1115 3462 1148 3521 Si

82 3557 171 3603 tamen
202 3565 220 3604 a
252 3547 453 3619 substantivo,
481 3565 540 3622 quo
572 3546 666 3622 magis
698 3547 823 3618 inclino,
856 3565 926 3604 usus
960 3555 1005 3604 est
1032 3546 1146 3619 Cicero,

81 3641 109 3687 nt
138 3633 176 3702 V,
212 3633 248 3690 19
284 3633 400 3711 (mrum,
430 3653 500 3707 quoe
532 3635 676 3690 recaredum
713 3643 839 3690 naturam
871 3644 947 3703 ment,
980 3634 1149 3709 admiscendi

80 3719 185 3792 coum),
224 3728 296 3776 noto
329 3719 491 3791 schemate,
526 3719 609 3776 cuiue
647 3719 784 3794 exempla
822 3718 1003 3794 collegerunt
1035 3719 1147 3776 Ruddi·

79 3821 195 3862 mannus
217 3805 259 3874 11,
293 3825 322 3880 p.
352 3803 429 3875 245,
462 3804 675 3862 Ramshornius
708 3823 736 3880 p.
761 3805 839 3875 650,
862 3805 994 3862 Kritzius
1021 3804 1059 3861 ad
1082 3805 1146 3864 Sal·

79 3887 154 3948 lustii
195 3889 284 3950 Catil.
324 3889 379 3952 31,
421 3890 566 3947 rationem
605 3889 816 3948 Stallbaumius
855 3900 886 3947 et
922 3890 1054 3948 Kritzius
1094 3891 1147 3948 mi·

78 3993 128 4032 nus
159 3985 238 4033 recte
269 3974 484 4051 explicuerrmt.
538 3975 671 4032 Primum
694 3975 782 4033 etiam
805 3994 883 4033 nunc
910 3976 948 4032 ad
975 3977 1052 4032 hanc
1074 3976 1147 4052 fign-

76 4079 134 4118 ram
166 4059 299 4120 referunt
331 4060 384 4118 illa
420 4065 464 4118 ezri
494 4063 637 4137 purqaodi
667 4081 751 4118 cansa
783 4063 831 4134 (de
864 4061 1012 4137 pluribus)
1045 4071 1075 4119 et
1107 4062 1146 4120 si·

76 4147 165 4218 milia,
193 4165 250 4204 nec
272 4147 441 4218 attendunt,
475 4164 634 4222 numquam
656 4165 833 4223 quemquam
863 4147 973 4205 dixisse
1006 4151 1050 4204 eoi
1076 4167 1145 4222 par·

73 4235 234 4306 aaudomm,
257 4232 337 4308 quod
357 4236 420 4304 mei,
444 4235 491 4306 lui,
514 4235 565 4304 eui,
587 4236 680 4305 nostre,
702 4237 785 4292 vestri
805 4233 934 4310 genetivi
957 4243 1026 4290 suut
1046 4233 1146 4310 singu·
