3054 5030
399 389 443 434 ar
466 388 546 434 nnn.
563 387 626 432 nm.
643 387 668 432 11
690 386 762 432 cnr.
786 388 897 434 ao-eo.
1131 365 1195 431 305

131 557 251 622 bamus
272 559 373 622 haec.
419 556 534 621 Tanti
556 555 725 620 aderant
746 553 899 620 vesicae
926 559 963 618 et
988 551 1195 617 torminum

200 799 220 845 1.
238 794 297 844 Post
313 795 481 844 leocadiae
504 795 523 843 E
559 801 636 841 autam
659 791 839 857 (procuderant)
857 790 950 840 vesicas
975 791 993 839 li
1020 799 1095 840 autem
1123 789 1199 839 morbi

130 861 286 982 gangram.
309 863 524 914 tructarum
551 860 653 910 aderam
680 877 727 910 ves.
751 859 793 911 Or.
846 859 961 911 aucarum
983 856 1040 924 (pro
1063 857 1195 922 torminum)

129 1112 268 1198 μακαρίαν
291 1137 413 1215 αγοντες
429 1109 478 1178 xci
502 1138 567 1194 αμα
588 1109 762 1218 τελευταίαν
784 1115 868 1214 (sic
858 1117 1106 1188 recteDarisius3
1128 1117 1198 1174 libri

129 1194 366 1303 τελεοτῶντες)’
351 1197 462 1296 ημίραν
489 1201 544 1263 τοῦ
571 1198 638 1280 βίον
662 1184 831 1277 ἐγραφομιν
853 1192 959 1278 tipice
942 1194 1038 1258 ταοτί.
1081 1201 1197 1279 Στραγ-

129 1304 227 1362 yoopau
242 1307 275 1345 τε
286 1272 510 1386 παρηκολούθει
532 1287 589 1368 (sio
601 1287 694 1348 Gaius
705 1295 796 1380 reate,
820 1287 876 1346 etsi
886 1285 1013 1344 fortasse
1025 1305 1110 1357 casu3
1133 1286 1197 1343 edd.

128 1359 398 1471 ταρνκολοοθὴιιει)
421 1363 469 1431 καλ
494 1361 682 1449 δυσεντερικὰ
706 1357 794 1466 πάθη
817 1361 978 1462 ὑπερβολὴν
1001 1363 1053 1428 οὐκ
1076 1359 1196 1428 cincini-

128 1472 215 1511 ταντα
241 1453 297 1513 τοῦ
327 1450 357 1512 ἐν
384 1448 503 1520 surreie·
530 1451 708 1553 μεγέθους.
741 1439 1037 1545 Ἀντιτιαρετιίττετο
1067 1447 1098 1513 di
1125 1451 1198 1512 οιᾶσι

127 1526 237 1605 roi-roa·
258 1530 294 1594 τὸ
317 1532 393 1596 aurci
416 1531 537 1640 ψορὴν
536 1543 640 1636 χαῖρον
664 1527 708 1596 ι’τιλ
730 1535 767 1612 τῇ
788 1536 847 1596 τῶν
869 1521 1030 1635 γεγονότων
1053 1530 1122 1632 ἡμῖν
1137 1537 1197 1594 δια-

127 1615 266 1722 ioyurpp'rs
286 1610 395 1698 μνήμῃ.
439 1624 486 1682 Συ
509 1616 539 1681 di
563 1614 709 1692 αξίοις
673 1641 726 1697 της
748 1615 778 1678 ἐκ
799 1615 952 1698 μειρακίον
980 1639 1199 1714 τιαραστασιοοι·

127 1695 196 1778 πρὸς
218 1699 267 1781 ἐμὲ
301 1699 349 1765 καλ
384 1703 566 1782 φιλοσοφίαν
594 1701 730 1782 ἐπιμελοῦ
757 1725 815 1764 τοιν
842 1700 956 1762 παίδων
979 1691 1197 1783 Μητροδώρου.

128 1786 208 1860 Quod
239 1793 281 1850 ibi
314 1793 475 1850 Idomeneo
509 1792 636 1869 epistula
668 1791 779 1890 scripta
801 1791 922 1862 dicitur,
950 1791 1135 1850 Gessendius
1162 1790 1200 1847 ad

127 1882 276 1952 utrumque
300 1878 399 1935 datam
421 1887 521 1952 putat,
550 1896 620 1954 ego,
649 1878 788 1951 quoniam
811 1895 876 1934 eam
898 1877 989 1934 habet
1008 1875 1144 1947 formam,
1167 1884 1201 1932 ut

127 1963 314 2020 communiter
336 1974 366 2019 et
387 1963 472 2037 quasi
494 1963 525 2020 in
547 1964 648 2020 orbem
670 1963 709 2018 ad
730 1981 832 2020 omnes
854 1960 977 2037 Epicuri
999 1961 1109 2018 amicos
1131 1960 1200 2018 data

126 2044 215 2102 rideri
226 2049 328 2122 possit,
341 2047 476 2123 pluribus
498 2047 780 2123 praescriptionibus
793 2047 994 2104 circumlatam
1011 2046 1090 2122 apud
1101 2054 1200 2121 poste·

125 2128 214 2188 riores
234 2141 323 2207 puto,
363 2149 428 2190 cum
457 2133 517 2190 alia
539 2142 626 2206 atque
649 2132 709 2189 alia
730 2132 912 2208 singulorum
934 2131 1054 2190 nomina
1075 2149 1200 2207 praepo·

126 2225 269 2274 narentur.
313 2218 465 2275 Extabant
488 2219 577 2275 etiam
605 2217 726 2293 Epicuri
749 2217 892 2293 epistulae
915 2217 952 2272 ad
974 2216 1199 2286 Hermarchum,

125 2300 228 2373 quibus
250 2303 409 2360 Leontium
420 2303 645 2362 commendabat
667 2302 790 2380 (Athen.
806 2303 888 2360 XIII
901 2321 934 2377 p.
952 2301 1013 2358 588
1035 2299 1086 2380 Β).
1114 2300 1201 2374 Quod

127 2396 220 2444 autom
242 2388 415 2445 nonnemini
438 2388 576 2445 salutatio
599 2389 678 2464 apud
690 2387 862 2446 Ciceronem
886 2387 1043 2444 subditicio
1065 2385 1129 2443 visa
1146 2395 1200 2456 est,

126 2489 218 2545 neque
240 2473 361 2530 omnino
384 2473 520 2548 cuiquam
543 2473 657 2531 scribae
679 2491 744 2529 cam
766 2472 874 2529 addere
896 2473 927 2528 in
950 2480 1078 2528 mentem
1100 2471 1201 2528 venire

126 2564 254 2630 poterat.
278 2567 321 2628 et,
346 2558 372 2615 si
394 2560 524 2616 venisset
545 2559 575 2615 in
598 2566 741 2628 mentem,
776 2557 855 2632 quod
877 2555 1026 2616 Graecum
1049 2557 1202 2631 exemplar

126 2651 233 2712 nosset,
257 2642 333 2700 idem
358 2662 464 2700 nomen
487 2644 643 2720 posuisset
676 2645 789 2700 Verum
812 2660 870 2700 non
893 2649 954 2698 tam
976 2641 1056 2699 docti
1067 2641 1201 2699 homines

125 2725 178 2783 hos
210 2727 303 2786 libros
336 2728 407 2785 olim
440 2729 664 2805 interpolarent.
714 2727 891 2784 Hermarchi
920 2727 1122 2802 (Mitylenaei,
1151 2726 1202 2801 qui

125 2811 255 2886 Epicuro
283 2813 313 2869 in
336 2813 438 2870 schola
460 2814 614 2884 successit,
649 2812 707 2868 vid.
731 2813 819 2888 Diog.
841 2813 882 2883 X,
908 2811 957 2883 15,
984 2814 1031 2883 17,
1056 2813 1111 2882 24,
1147 2810 1201 2888 25)

125 2913 240 2968 nomem
264 2915 329 2954 cum
353 2898 453 2956 ethic
475 2909 504 2956 et
526 2898 605 2956 infra
630 2899 686 2955 101
712 2898 794 2954 etin
817 2897 893 2954 libro
915 2898 931 2954 I
953 2897 989 2954 de
1001 2897 1039 2954 N.
1051 2898 1090 2953 D.
1115 2897 1154 2953 93
1173 2905 1203 2953 et

124 2982 218 3038 Acad.
240 2983 283 3054 11,
309 2983 347 3040 97
372 2984 677 3060 etapudDiogenem,
701 2983 899 3052 Athenaeum,
924 2981 1066 3041 Senecam
1089 2980 1159 3060 (Ep.
1173 2982 1201 3052 6,

126 3066 175 3136 33,
200 3067 270 3143 52),
304 3067 503 3145 Porphyrium
532 3066 582 3148 (de
600 3067 718 3126 Abstin.
741 3069 766 3138 Ι,
791 3066 845 3142 26)
868 3067 1039 3124 Ηονιιιαολιιο
1060 3066 1202 3123 scribere·

125 3161 185 3220 rur.
220 3171 236 3208 e
259 3154 456 3212 monumentis
478 3153 750 3211 Herculanensibus
779 3151 1009 3230 (subscriptione
1037 3160 1152 3209 statuae
1174 3161 1203 3208 et

124 3235 200 3293 libro
222 3237 390 3296 Philodami
412 3229 479 3314 περὶ
502 3228 668 3315 ῥητορικῆς,
691 3237 918 3294 vidAntichita
940 3236 969 3293 di
980 3237 1127 3294 Ercolano
1144 3235 1203 3294 vol.

126 3323 155 3378 V
177 3322 237 3378 tab.
265 3323 301 3380 17
325 3334 405 3399 etp.
430 3322 485 3399 71)
508 3342 608 3380 reram
631 3322 758 3380 formam
780 3322 991 3379 restituendam
1014 3341 1078 3380 esse
1090 3322 1204 3378 monuit

125 3405 321 3465 Villoisonius
343 3407 458 3466 Anecd.
481 3407 588 3467 Graec.
611 3409 697 3466 Τοιιι.
720 3409 753 3466 Π
774 3427 803 3483 p.
830 3407 904 3478 159,
933 3426 1020 3482 quem
1043 3406 1136 3466 Gaius
1159 3425 1204 3464 se-

125 3500 210 3549 cutus
232 3502 286 3550 est.
320 3492 504 3552 Confirmant
525 3513 590 3550 eam
619 3493 668 3551 hic
680 3491 767 3571 [AB]
779 3493 850 3563 Erl.,
873 3491 952 3549 inira
978 3502 1076 3550 autem
1106 3487 1204 3572 [Ala]

124 3577 187 3634 Erl.
210 3586 241 3634 et
263 3577 340 3654 Spin.
363 3576 426 3657 (hic
448 3575 622 3657 Ηονιιιανοι),
656 3578 794 3635 inlibris
817 3577 853 3634 de
869 3579 908 3635 N.
931 3579 970 3634 D.
993 3578 1097 3654 optimi
1120 3577 1204 3634 codd.

126 3661 166 3738 (B
188 3663 373 3736 Harmoniae,
402 3663 486 3723 Aca
508 3659 698 3743 Homereas).
742 3665 825 3722 Idem
848 3663 985 3720 mendum
1008 3671 1072 3721 erat
1093 3663 1123 3719 in
1145 3662 1204 3720 alio

124 3747 244 3804 homine
265 3748 296 3806 in
318 3759 392 3807 orat.
415 3749 451 3806 de
473 3749 592 3824 harusp.
614 3767 691 3825 resp.
716 3750 766 3806 34.
799 3749 931 3805 Eandem
954 3747 1110 3823 epistulam
1133 3748 1205 3823 Epi-

126 3831 189 3888 curi
211 3831 315 3892 Cicero
338 3833 485 3911 significat
506 3835 597 3894 Tusa.
621 3835 662 3906 Π,
686 3834 726 3892 45
750 3843 780 3891 et
801 3835 839 3905 V,
864 3834 914 3890 88.

217 3919 297 3976 Tanti
317 3916 445 3997 aderam)
479 3917 583 3996 [Edidi
610 3937 687 3976 nunc
716 3937 781 3976 cum
808 3918 944 3990 Baitero,
978 3925 1012 3974 ut
1039 3925 1085 3976 est
1111 3917 1142 3974 in
1164 3918 1204 3988 Α,

126 4019 214 4076 quem
231 4011 319 4060 antea
329 4003 406 4062 falso
418 4013 592 4080 putaveram
603 4004 712 4062 habere
724 4007 794 4062 tanti
801 4013 889 4061 autem
900 4005 1028 4074 admunt,
1051 4002 1130 4077 qnod
1142 4011 1207 4059 erat

127 4087 158 4144 in
175 4088 326 4146 codMor.
359 4090 394 4146 ln
417 4089 479 4146 Erl.
503 4098 533 4145 et
553 4090 580 4147 B
602 4100 690 4147 aretem
723 4109 761 4147 ex
793 4091 909 4146 oderunt
941 4097 1037 4146 ortum
1064 4085 1205 4165 videtum]

128 4171 269 4231 Ordinem
292 4174 369 4232 hunc
392 4175 566 4245 verborum,
595 4194 653 4250 quo
686 4177 772 4232 morbi
798 4174 914 4250 longius
942 4174 1078 4246 reicitur.
1112 4171 1206 4232 Gaius

127 4259 170 4315 ait
201 4259 315 4316 insuia
338 4261 474 4318 omnibus
502 4279 566 4317 essa
594 4269 713 4335 praeter
741 4259 820 4319 Gud.
845 4260 878 4329 2;
906 4278 965 4317 ιιοιι
994 4259 1079 4316 valde
1102 4258 1204 4331 credo,
1243 4267 1247 4276 ’

128 4344 266 4418 qnoniam
294 4363 353 4402 non
382 4345 605 4416 animadvertit,
629 4346 659 4402 in
682 4346 744 4403 Erl.
765 4346 881 4402 oderant
902 4346 1015 4402 abesse.
1054 4345 1207 4402 Tormiaum

966 4461 1001 4514 20
