2928 5012
510 401 706 448 Pnanrarro.
1078 384 1151 448 Llll

162 573 227 653 §A
272 571 413 652 Sumpsit
435 571 550 650 Cicero,
573 589 667 652 quam
689 573 737 638 his
759 573 846 638 libris
869 572 1052 652 explicaret,
1081 590 1150 636 eam

95 681 299 761 quaestionem,
329 699 392 760 qua
413 681 512 746 omnis
533 679 636 746 ethica
658 681 822 761 disciplina
844 681 1076 760 continebatur,
1111 683 1150 746 dc

96 807 194 854 summo
215 789 295 853 bono
317 798 352 853 et
370 789 467 867 malo,
496 789 579 870 quod
602 788 713 854 Graeci
736 787 841 858 ssione
864 790 987 854 nomine
1009 790 1149 871 appella-

95 899 196 978 hant,¹)
217 916 279 962 non
301 903 406 962 tamen
430 905 466 961 ut
480 897 550 978 ipse
573 917 629 962 suo
651 898 773 979 ingenio
797 915 862 962 rem
885 899 1017 962 arduam
1036 916 1148 980 aggre-

95 1009 199 1072 deretur
221 1014 252 1071 et
274 1006 421 1086 expedire
443 1013 609 1070 conaretur
629 1015 686 1070 aut
707 1007 818 1071 saltem
839 1008 880 1070 ad
894 1007 1079 1071 sententiam
1091 1007 1150 1070 sihi

94 1116 234 1196 probatam
256 1115 376 1196 aliquid
396 1114 535 1179 adiceret
556 1115 628 1178 novi
651 1115 836 1196 argumenti,
858 1115 923 1193 sed,
946 1115 1030 1195 qnod
1052 1133 1149 1178 uuum

13 1289 14 1304 ,
94 1223 170 1288 illiin
191 1221 386 1305 philosophia
399 1222 593 1303 propositum
616 1229 693 1302 erat,
715 1230 758 1302 ut,
781 1223 856 1304 quid
873 1222 1147 1303 asingulisphilo·
1175 1271 1179 1278 .

13 1341 14 1352 ¹
93 1331 200 1412 sophiae
215 1330 387 1412 disciphnis
405 1331 561 1396 diceretur
577 1331 615 1412 (I,
629 1333 693 1412 12),
705 1337 949 1412 persequeretur
966 1339 998 1394 et
1015 1332 1150 1411 quodam
1261 1415 1264 1424 ,

93 1442 381 1520 nodommpararct
409 1439 676 1521 ltaquequoniam
698 1439 751 1504 illa
773 1447 1014 1519 aetatepraeter
1035 1457 1148 1504 novam

92 1549 284 1626 Academiam,
329 1565 410 1628 quae
448 1547 562 1612 ntrllam
596 1549 690 1612 certis
722 1547 857 1613 decretis
891 1548 1149 1629 comprehensam

13 1649 15 1726 ζ
91 1675 221 1722 summam
242 1656 389 1721 tradebat
415 1675 570 1738 quamque
591 1656 653 1720 iam
671 1656 920 1738 languescentem
938 1675 995 1720 nec
1017 1656 1149 1720 volatica

92 1765 316 1846 disputationum
337 1764 462 1830 levitate
484 1765 604 1828 animos
627 1765 693 1829 veri
714 1765 844 1845 cupidos
855 1763 1030 1846 explentem
1042 1765 1150 1830 Cicero

13 1919 14 1924 η
90 1882 176 1938 tanen
196 1874 234 1939 ah
251 1873 462 1937 adulescentia
472 1873 650 1937 adamatam
661 1873 795 1949 tenebat,
817 1873 958 1937 uthhere
969 1891 1027 1952 per
1043 1889 1149 1937 omnes

13 1987 15 2072 t
91 1979 326 2062 philosophorum
348 1980 528 2062 disciplinas
550 1979 642 2046 flores
665 1981 831 2062 colhgeret,
854 1982 935 2046 dnae
958 1989 1079 2045 veteres
1101 1981 1148 2045 vi-

13 2095 14 2130 l
91 2089 186 2168 gabant
206 2099 323 2168 sectae,
346 2089 502 2170 Epicurea
523 2095 555 2153 et
577 2089 689 2168 Stoica,
711 2089 837 2154 tertiam
858 2090 1029 2155 Antiochus
1052 2092 1149 2156 Asca-

13 2183 14 2192 ’
91 2195 183 2262 locitas
197 2215 215 2262 e
231 2195 406 2262 Stoicorum
427 2197 562 2262 decretis
590 2207 622 2262 et
642 2197 921 2278 Peripateticorum
948 2198 1149 2264 Academico-

13 2305 15 2330 *
93 2323 202 2388 mmqne
223 2307 421 2387 superiorum
432 2305 593 2370 sententiis
605 2304 789 2388 quibusdam
802 2307 947 2371 etverhis
965 2306 1023 2370 suh
1035 2307 1150 2371 votens

13 2439 14 2506 3
95 2413 256 2478 Academiae
278 2415 401 2479 nomine
423 2413 640 2492 constituerat,
668 2413 775 2479 Cicero
797 2413 985 2495 tripertitam
1007 2415 1150 2494 disputa-

13 2507 14 2548 ³
94 2519 189 2585 nonem
208 2521 292 2600 iecit,
314 2523 550 2603 expositamque
571 2522 705 2602 primum
733 2521 860 2602 Epicuri
890 2522 1063 2587 doctrinam
1093 2507 1165 2603 op?

95 2630 223 2708 pugnavit
242 2631 311 2712 ipse
332 2631 363 2694 in
385 2630 465 2695 libro
487 2631 624 2695 secundo
647 2629 821 2695 Stoicorum
842 2630 926 2709 talia,
954 2629 1003 2694 hic
1024 2631 1149 2711 quidem

97 2751 126 2796 en
143 2737 225 2802 animi
247 2738 400 2802 sententia
423 2757 533 2820 agens;
556 2738 668 2804 deinde
680 2737 802 2802 Stoicae
818 2737 999 2818 disciphnae
1021 2737 1151 2818 opponit

97 2841 206 2910 inhhro
226 2853 338 2928 quarto
361 2845 505 2911 Antiochi
527 2845 780 2928 disputationem,
803 2845 922 2911 Stoicos
945 2865 1057 2928 reapse
1079 2864 1149 2910 cum

13 2959 14 2986 ³
98 2953 230 3018 veodhus
247 2955 439 3020 Academicis
462 2959 494 3019 et
514 2953 740 3036 Peripateticis,
762 2955 794 3018 id
817 2963 874 3033 eat,
897 2973 967 3019 curn
989 2973 1026 3019 ea
1048 2953 1149 3019 forma

13 3115 14 3120 ,
98 3055 276 3142 damarum
297 3081 392 3145 quam
414 3062 584 3128 Antiochus
606 3062 729 3127 illorum
751 3081 821 3128 esse
842 3063 989 3141 docebat,
1017 3080 1148 3127 consen-

101 3212 276 3227 -ἣ-ι-

124 3331 139 3388 't
154 3333 321 3400 Reprehensos
340 3344 381 3388 est
398 3339 489 3388 Cicero
507 3352 522 3386 a
540 3337 587 3387 iul.
598 3337 708 3387 Caesare
723 3337 853 3400 scaligero
873 3337 915 3387 tde
935 3337 1027 3387 Suhtll.
1039 3337 1148 3388 Exercit.

155 3421 215 3475 dcli
233 3431 257 3474 et
275 3425 372 3474 ilnreto
395 3423 475 3482 (verr.
499 3423 578 3473 Lectt.
597 3422 670 3482 llVll,
690 3422 724 3482 ll,
744 3421 812 3485 quod
836 3421 901 3472 lines
921 3426 999 3473 etiam
1018 3423 1148 3472 malorum

155 3505 260 3568 dixisset,
282 3523 342 3559 cum
366 3512 392 3559 in
418 3511 523 3558 nomine
547 3509 592 3558 rod
614 3506 707 3570 φίλους
731 3508 921 3571 significaretur
943 3505 986 3562 τό.
1011 3491 1043 3558 οὗ
1063 3503 1149 3570 ἕνεκα,

156 3600 178 3640 nt
192 3595 220 3644 de
237 3595 298 3644 solis
317 3595 392 3645 botilo
412 3595 548 3654 diceretur,
566 3593 836 3644 defensusaliavislo.
859 3593 936 3644 ilecto
956 3599 1088 3653 statuunt,
1107 3591 1149 3644 τέ·

154 3678 194 3741 λος
213 3683 282 3730 initio
305 3683 342 3730 sie
365 3682 480 3743 positum
499 3694 512 3728 a
531 3679 701 3742 philosophis,
721 3685 749 3729 ut
770 3680 796 3728 id
821 3679 1023 3742 significaretur,
1051 3682 1077 3730 ln
1097 3693 1148 3743 quo

155 3771 254 3815 extremo
271 3769 425 3816 consisteret
442 3778 536 3814 causae
554 3771 579 3816 et
598 3765 700 3816 consilii
716 3768 860 3828 exquisitio.
894 3766 981 3827 ltaque
996 3768 1098 3829 proprie
1117 3766 1149 3817 de

158 3847 222 3900 honis
236 3853 328 3900 dicitnr
342 3853 546 3914 saepissimeque
560 3853 665 3913 ponitur
680 3863 731 3900 non
747 3850 833 3900 addito
844 3843 965 3919 ripaticis.
991 3850 1041 3900 Sed
1061 3856 1147 3901 tamen

154 3938 252 3996 sensim,
270 3943 368 3986 retenta
385 3940 488 3986 tantum
507 3936 591 3984 ultimi
611 3941 636 3984 et
649 3939 714 3995 elus,
733 3937 800 4000 quod
811 3950 977 4000 progressum
988 3939 1149 3994 terminaret,

154 4021 336 4081 signihesttone,
346 4022 493 4072 traductum
505 4026 544 4071 est
554 4021 669 4071 etiamad
681 4022 714 4080 id,
725 4023 792 4085 quod
805 4026 829 4072 iu
841 4024 1033 4085 comparatione
1044 4035 1149 4072 summo

155 4103 213 4156 hono
230 4111 384 4158 contrarium
404 4112 472 4157 esset
491 4107 578 4164 tAcsd.
590 4107 619 4165 li,
630 4105 699 4166 1321,
718 4111 794 4170 atque
814 4111 848 4157 ita
867 4113 891 4158 et
909 4121 924 4157 a
943 4107 1048 4157 Graecis
1068 4111 1149 4158 inter·

154 4189 207 4240 dnm
223 4197 334 4256 positum
346 4194 447 4243 ridetur
465 4193 544 4256 (apud
558 4192 699 4254 Diogenem
714 4193 796 4241 laert.
812 4192 862 4250 Vll,
877 4191 909 4244 at
923 4189 1011 4242 calami
1027 4191 1105 4256 κακά)
1125 4199 1150 4242 et

154 4273 232 4328 hmine
241 4283 317 4330 etiam
332 4279 442 4330 formose
454 4293 468 4328 a
479 4278 598 4336 Varrone,
617 4281 661 4341 qul
672 4277 785 4334 eosdem,
796 4291 861 4341 quos
872 4278 972 4336 Cicero,
984 4285 1091 4329 secutus
1101 4285 1150 4338 est,

155 4363 173 4408 si
188 4377 200 4412 a
218 4364 326 4415 lamone
344 4365 393 4415 hoc
413 4367 523 4428 sumpsit
541 4366 702 4427 Augustinus
722 4363 753 4414 de
773 4365 826 4416 Cin.
847 4365 891 4415 liei
910 4365 972 4420 lilii,
992 4365 1014 4416 1.
