<?xml version="1.0" encoding="UTF-8"?>
<!DOCTYPE html PUBLIC "-//W3C//DTD XHTML 1.0 Transitional//EN"
    "http://www.w3.org/TR/xhtml1/DTD/xhtml1-transitional.dtd">
<html xmlns="http://www.w3.org/1999/xhtml" xml:lang="en" lang="en">
 <head>
  <title>
</title>
<meta http-equiv="Content-Type" content="text/html;charset=utf-8" />
  <meta name='ocr-system' content='tesseract 3.04.00' />
  <meta name='ocr-capabilities' content='ocr_page ocr_carea ocr_par ocr_line ocrx_word'/>
</head>
<body>
  <div class='ocr_page' id='page_1' title='image "./definibusbonoru04cicegoog_0349.png"; bbox 0 0 2956 5028; ppageno 0'>
   <div class='ocr_carea' id='block_1_1' title="bbox 350 361 1143 428">
    <p class='ocr_par' dir='ltr' id='par_1_1' title="bbox 350 361 1143 428">
     <span class='ocr_line' id='line_1_1' title="bbox 350 361 1143 428; baseline -0.003 -1"><span class='ocrx_word' id='word_1_1' title='bbox 350 381 394 427; x_wconf 79' lang='lat' dir='ltr'>en</span> <span class='ocrx_word' id='word_1_2' title='bbox 417 381 498 428; x_wconf 74' lang='lat' dir='ltr'>mnu.</span> <span class='ocrx_word' id='word_1_3' title='bbox 516 380 580 427; x_wconf 82' lang='lat' dir='ltr'>mn.</span> <span class='ocrx_word' id='word_1_4' title='bbox 596 381 620 426; x_wconf 92' lang='lat' dir='ltr'>n</span> <span class='ocrx_word' id='word_1_5' title='bbox 643 379 716 426; x_wconf 70' lang='lat' dir='ltr'>oar.</span> <span class='ocrx_word' id='word_1_6' title='bbox 735 382 845 427; x_wconf 71' lang='lat' dir='ltr'>na-so.</span> <span class='ocrx_word' id='word_1_7' title='bbox 1084 361 1143 426; x_wconf 78' lang='grc'>271</span> 
     </span>
    </p>
   </div>
   <div class='ocr_carea' id='block_1_2' title="bbox 85 545 1207 2666">
    <p class='ocr_par' dir='ltr' id='par_1_2' title="bbox 85 545 1207 1750">
     <span class='ocr_line' id='line_1_2' title="bbox 88 545 1146 630; baseline 0 -18"><span class='ocrx_word' id='word_1_8' title='bbox 88 559 174 614; x_wconf 87' lang='lat' dir='ltr'>tecum</span> <span class='ocrx_word' id='word_1_9' title='bbox 194 549 260 630; x_wconf 88' lang='lat' dir='ltr'>ipse</span> <span class='ocrx_word' id='word_1_10' title='bbox 281 563 313 614; x_wconf 86' lang='lat' dir='ltr'>et</span> <span class='ocrx_word' id='word_1_11' title='bbox 334 567 403 614; x_wconf 82' lang='lat' dir='ltr'>mm</span> <span class='ocrx_word' id='word_1_12' title='bbox 425 550 487 614; x_wconf 88' lang='lat' dir='ltr'>tuis</span> <span class='ocrx_word' id='word_1_13' title='bbox 509 555 610 627; x_wconf 87' lang='lat' dir='ltr'>utare,</span> <span class='ocrx_word' id='word_1_14' title='bbox 631 545 771 630; x_wconf 84' lang='lat' dir='ltr'>profiteri</span> <span class='ocrx_word' id='word_1_15' title='bbox 799 555 830 613; x_wconf 90' lang='lat' dir='ltr'>et</span> <span class='ocrx_word' id='word_1_16' title='bbox 855 547 888 612; x_wconf 93' lang='lat' dir='ltr'>in</span> <span class='ocrx_word' id='word_1_17' title='bbox 916 549 1050 614; x_wconf 90' lang='lat' dir='ltr'>medium</span> <span class='ocrx_word' id='word_1_18' title='bbox 1072 566 1146 629; x_wconf 89' lang='lat' dir='ltr'>pro-</span> 
     </span>
     <span class='ocr_line' id='line_1_3' title="bbox 87 645 1146 732; baseline 0.003 -19"><span class='ocrx_word' id='word_1_19' title='bbox 87 649 156 714; x_wconf 85' lang='lat' dir='ltr'>lerre</span> <span class='ocrx_word' id='word_1_20' title='bbox 177 671 237 716; x_wconf 90' lang='lat' dir='ltr'>non</span> <span class='ocrx_word' id='word_1_21' title='bbox 256 653 397 716; x_wconf 80' lang='lat' dir='ltr'>audeas?</span> <span class='ocrx_word' id='word_1_22' title='bbox 440 653 584 716; x_wconf 77' lang='lat' dir='ltr'>novero</span> <span class='ocrx_word' id='word_1_23' title='bbox 612 645 679 730; x_wconf 76' lang='lat' dir='ltr'>illi,</span> <span class='ocrx_word' id='word_1_24' title='bbox 713 669 793 732; x_wconf 89' lang='lat' dir='ltr'>quae</span> <span class='ocrx_word' id='word_1_25' title='bbox 820 649 1032 731; x_wconf 81' lang='lat' dir='ltr'>Peripatetici,</span> <span class='ocrx_word' id='word_1_26' title='bbox 1065 669 1146 732; x_wconf 88' lang='lat' dir='ltr'>quae</span> 
     </span>
     <span class='ocr_line' id='line_1_4' title="bbox 88 751 1144 834; baseline 0.004 -19"><span class='ocrx_word' id='word_1_27' title='bbox 88 751 165 818; x_wconf 76' lang='lat' dir='ltr'>Stoici</span> <span class='ocrx_word' id='word_1_28' title='bbox 185 754 298 834; x_wconf 83' lang='lat' dir='ltr'>diumt,</span> <span class='ocrx_word' id='word_1_29' title='bbox 321 771 446 834; x_wconf 81' lang='lat' dir='ltr'>semper</span> <span class='ocrx_word' id='word_1_30' title='bbox 466 753 521 818; x_wconf 75' lang='lat' dir='ltr'>trini</span> <span class='ocrx_word' id='word_1_31' title='bbox 543 753 574 817; x_wconf 93' lang='lat' dir='ltr'>in</span> <span class='ocrx_word' id='word_1_32' title='bbox 597 771 652 818; x_wconf 91' lang='lat' dir='ltr'>ore</span> <span class='ocrx_word' id='word_1_33' title='bbox 663 757 744 831; x_wconf 86' lang='lat' dir='ltr'>sunt,</span> <span class='ocrx_word' id='word_1_34' title='bbox 766 751 798 816; x_wconf 92' lang='lat' dir='ltr'>in</span> <span class='ocrx_word' id='word_1_35' title='bbox 820 751 950 832; x_wconf 87' lang='lat' dir='ltr'>iudiciis,</span> <span class='ocrx_word' id='word_1_36' title='bbox 972 753 1002 818; x_wconf 91' lang='lat' dir='ltr'>in</span> <span class='ocrx_word' id='word_1_37' title='bbox 1026 761 1144 819; x_wconf 90' lang='lat' dir='ltr'>senatu.</span> 
     </span>
     <span class='ocr_line' id='line_1_5' title="bbox 88 852 1146 938; baseline 0.004 -21"><span class='ocrx_word' id='word_1_38' title='bbox 88 852 221 934; x_wconf 78' lang='lat' dir='ltr'>tlffiu&#39;rnn,</span> <span class='ocrx_word' id='word_1_39' title='bbox 237 855 433 937; x_wconf 76' lang='lat' dir='ltr'>aequimtem,</span> <span class='ocrx_word' id='word_1_40' title='bbox 449 855 641 937; x_wconf 80' lang='lat' dir='ltr'>dignitatem,</span> <span class='ocrx_word' id='word_1_41' title='bbox 653 853 755 933; x_wconf 88' lang='lat' dir='ltr'>fidem,</span> <span class='ocrx_word' id='word_1_42' title='bbox 772 861 866 934; x_wconf 87' lang='lat' dir='ltr'>recta,</span> <span class='ocrx_word' id='word_1_43' title='bbox 888 854 1028 934; x_wconf 88' lang='lat' dir='ltr'>honesta,</span> <span class='ocrx_word' id='word_1_44' title='bbox 1051 856 1146 938; x_wconf 86' lang='lat' dir='ltr'>digna</span> 
     </span>
     <span class='ocr_line' id='line_1_6' title="bbox 87 955 1185 1039; baseline 0.001 -19"><span class='ocrx_word' id='word_1_45' title='bbox 87 955 207 1036; x_wconf 82' lang='lat' dir='ltr'>inperio,</span> <span class='ocrx_word' id='word_1_46' title='bbox 228 957 323 1039; x_wconf 82' lang='lat' dir='ltr'>digna</span> <span class='ocrx_word' id='word_1_47' title='bbox 344 957 461 1039; x_wconf 93' lang='lat' dir='ltr'>populo</span> <span class='ocrx_word' id='word_1_48' title='bbox 482 957 632 1036; x_wconf 87' lang='lat' dir='ltr'>Romano,</span> <span class='ocrx_word' id='word_1_49' title='bbox 655 956 758 1020; x_wconf 89' lang='lat' dir='ltr'>omnia</span> <span class='ocrx_word' id='word_1_50' title='bbox 779 955 917 1036; x_wconf 87' lang='lat' dir='ltr'>pericula</span> <span class='ocrx_word' id='word_1_51' title='bbox 939 975 997 1038; x_wconf 90' lang='lat' dir='ltr'>pro</span> <span class='ocrx_word' id='word_1_52' title='bbox 1019 957 1185 1039; x_wconf 81' lang='lat' dir='ltr'>repub-5</span> 
     </span>
     <span class='ocr_line' id='line_1_7' title="bbox 87 1056 1145 1142; baseline 0.006 -24"><span class='ocrx_word' id='word_1_53' title='bbox 87 1056 141 1134; x_wconf 70' lang='lat' dir='ltr'>lieu</span> <span class='ocrx_word' id='word_1_54' title='bbox 160 1059 234 1124; x_wconf 89' lang='lat' dir='ltr'>mori</span> <span class='ocrx_word' id='word_1_55' title='bbox 256 1079 316 1140; x_wconf 94' lang='lat' dir='ltr'>pro</span> <span class='ocrx_word' id='word_1_56' title='bbox 329 1059 441 1142; x_wconf 82' lang='lat' dir='ltr'>patria,</span> <span class='ocrx_word' id='word_1_57' title='bbox 463 1060 539 1124; x_wconf 87' lang='lat' dir='ltr'>haec</span> <span class='ocrx_word' id='word_1_58' title='bbox 561 1076 629 1123; x_wconf 91' lang='lat' dir='ltr'>cum</span> <span class='ocrx_word' id='word_1_59' title='bbox 651 1057 798 1139; x_wconf 89' lang='lat' dir='ltr'>loqueris,</span> <span class='ocrx_word' id='word_1_60' title='bbox 820 1077 877 1124; x_wconf 89' lang='lat' dir='ltr'>nos</span> <span class='ocrx_word' id='word_1_61' title='bbox 893 1059 1027 1125; x_wconf 88' lang='lat' dir='ltr'>barones</span> <span class='ocrx_word' id='word_1_62' title='bbox 1038 1065 1145 1142; x_wconf 88' lang='lat' dir='ltr'>stupe·</span> 
     </span>
     <span class='ocr_line' id='line_1_8' title="bbox 87 1159 1147 1241; baseline 0.008 -21"><span class='ocrx_word' id='word_1_63' title='bbox 87 1177 155 1236; x_wconf 85' lang='lat' dir='ltr'>nos,</span> <span class='ocrx_word' id='word_1_64' title='bbox 186 1169 219 1224; x_wconf 87' lang='lat' dir='ltr'>tu</span> <span class='ocrx_word' id='word_1_65' title='bbox 249 1161 393 1226; x_wconf 83' lang='lat' dir='ltr'>videlicet</span> <span class='ocrx_word' id='word_1_66' title='bbox 419 1167 520 1226; x_wconf 85' lang='lat' dir='ltr'>tecum</span> <span class='ocrx_word' id='word_1_67' title='bbox 551 1159 620 1241; x_wconf 89' lang='lat' dir='ltr'>ipse</span> <span class='ocrx_word' id='word_1_68' title='bbox 648 1159 741 1225; x_wconf 91' lang='lat' dir='ltr'>rides.</span> <span class='ocrx_word' id='word_1_69' title='bbox 786 1161 835 1225; x_wconf 91' lang='grc'>77.</span> <span class='ocrx_word' id='word_1_70' title='bbox 868 1160 949 1226; x_wconf 84' lang='lat' dir='ltr'>Nam</span> <span class='ocrx_word' id='word_1_71' title='bbox 975 1161 1058 1226; x_wconf 88' lang='lat' dir='ltr'>inter</span> <span class='ocrx_word' id='word_1_72' title='bbox 1085 1162 1147 1228; x_wconf 87' lang='lat' dir='ltr'>ista</span> 
     </span>
     <span class='ocr_line' id='line_1_9' title="bbox 86 1261 1145 1347; baseline 0.005 -23"><span class='ocrx_word' id='word_1_73' title='bbox 86 1275 137 1324; x_wconf 82' lang='lat' dir='ltr'>tam</span> <span class='ocrx_word' id='word_1_74' title='bbox 156 1262 316 1344; x_wconf 82' lang='lat' dir='ltr'>magnifiee</span> <span class='ocrx_word' id='word_1_75' title='bbox 337 1263 432 1347; x_wconf 74' lang='lat' dir='ltr'>rerba</span> <span class='ocrx_word' id='word_1_76' title='bbox 453 1267 579 1345; x_wconf 85' lang='lat' dir='ltr'>tamque</span> <span class='ocrx_word' id='word_1_77' title='bbox 601 1261 763 1344; x_wconf 87' lang='lat' dir='ltr'>praeclara</span> <span class='ocrx_word' id='word_1_78' title='bbox 784 1280 846 1328; x_wconf 91' lang='lat' dir='ltr'>non</span> <span class='ocrx_word' id='word_1_79' title='bbox 868 1261 963 1328; x_wconf 87' lang='lat' dir='ltr'>habet</span> <span class='ocrx_word' id='word_1_80' title='bbox 983 1263 1145 1330; x_wconf 90' lang='lat' dir='ltr'>ullumvo·</span> 
     </span>
     <span class='ocr_line' id='line_1_10' title="bbox 86 1361 1145 1446; baseline 0.006 -22"><span class='ocrx_word' id='word_1_81' title='bbox 86 1361 174 1442; x_wconf 83' lang='lat' dir='ltr'>luptas</span> <span class='ocrx_word' id='word_1_82' title='bbox 195 1365 303 1444; x_wconf 77' lang='lat' dir='ltr'>loetum,</span> <span class='ocrx_word' id='word_1_83' title='bbox 326 1383 387 1430; x_wconf 90' lang='lat' dir='ltr'>non</span> <span class='ocrx_word' id='word_1_84' title='bbox 415 1364 507 1430; x_wconf 89' lang='lat' dir='ltr'>modo</span> <span class='ocrx_word' id='word_1_85' title='bbox 534 1363 600 1442; x_wconf 89' lang='lat' dir='ltr'>illa,</span> <span class='ocrx_word' id='word_1_86' title='bbox 634 1382 728 1444; x_wconf 89' lang='lat' dir='ltr'>quam</span> <span class='ocrx_word' id='word_1_87' title='bbox 755 1365 787 1428; x_wconf 93' lang='lat' dir='ltr'>in</span> <span class='ocrx_word' id='word_1_88' title='bbox 814 1372 900 1429; x_wconf 90' lang='lat' dir='ltr'>motu</span> <span class='ocrx_word' id='word_1_89' title='bbox 932 1383 1003 1430; x_wconf 87' lang='lat' dir='ltr'>esse</span> <span class='ocrx_word' id='word_1_90' title='bbox 1036 1365 1145 1446; x_wconf 87' lang='lat' dir='ltr'>dicitis,</span> 
     </span>
     <span class='ocr_line' id='line_1_11' title="bbox 86 1465 1207 1548; baseline 0.004 -22"><span class='ocrx_word' id='word_1_91' title='bbox 86 1481 164 1542; x_wconf 74' lang='lat' dir='ltr'>qiam</span> <span class='ocrx_word' id='word_1_92' title='bbox 184 1485 290 1532; x_wconf 89' lang='lat' dir='ltr'>omnes</span> <span class='ocrx_word' id='word_1_93' title='bbox 311 1465 432 1545; x_wconf 87' lang='lat' dir='ltr'>urbani,</span> <span class='ocrx_word' id='word_1_94' title='bbox 454 1465 570 1544; x_wconf 83' lang='lat' dir='ltr'>rustici,</span> <span class='ocrx_word' id='word_1_95' title='bbox 592 1484 708 1546; x_wconf 89' lang='lat' dir='ltr'>omnes,</span> <span class='ocrx_word' id='word_1_96' title='bbox 728 1465 868 1548; x_wconf 88' lang='lat' dir='ltr'>inquam,</span> <span class='ocrx_word' id='word_1_97' title='bbox 893 1467 946 1548; x_wconf 89' lang='lat' dir='ltr'>qui</span> <span class='ocrx_word' id='word_1_98' title='bbox 967 1467 1077 1532; x_wconf 81' lang='lat' dir='ltr'>Latine</span> <span class='ocrx_word' id='word_1_99' title='bbox 1099 1468 1145 1532; x_wconf 90' lang='lat' dir='ltr'>lo·</span> <span class='ocrx_word' id='word_1_100' title='bbox 1166 1467 1207 1530; x_wconf 86' lang='lat'>10</span> 
     </span>
     <span class='ocr_line' id='line_1_12' title="bbox 86 1567 1146 1650; baseline 0.006 -22"><span class='ocrx_word' id='word_1_101' title='bbox 86 1577 214 1647; x_wconf 81' lang='lat' dir='ltr'>quunnnr,</span> <span class='ocrx_word' id='word_1_102' title='bbox 236 1569 428 1650; x_wconf 82' lang='lat' dir='ltr'>volupmtem</span> <span class='ocrx_word' id='word_1_103' title='bbox 449 1575 575 1646; x_wconf 81' lang='lat' dir='ltr'>vocant,</span> <span class='ocrx_word' id='word_1_104' title='bbox 609 1569 664 1632; x_wconf 87' lang='lat' dir='ltr'>sed</span> <span class='ocrx_word' id='word_1_105' title='bbox 692 1587 732 1632; x_wconf 90' lang='lat' dir='ltr'>ue</span> <span class='ocrx_word' id='word_1_106' title='bbox 757 1567 835 1633; x_wconf 85' lang='lat' dir='ltr'>haec</span> <span class='ocrx_word' id='word_1_107' title='bbox 863 1568 988 1650; x_wconf 84' lang='lat' dir='ltr'>quidem</span> <span class='ocrx_word' id='word_1_108' title='bbox 1017 1567 1146 1648; x_wconf 88' lang='lat' dir='ltr'>stabilis,</span> 
     </span>
     <span class='ocr_line' id='line_1_13' title="bbox 85 1669 881 1750; baseline 0.004 -19"><span class='ocrx_word' id='word_1_109' title='bbox 85 1685 164 1746; x_wconf 66' lang='lat' dir='ltr'>«luam</span> <span class='ocrx_word' id='word_1_110' title='bbox 184 1677 309 1749; x_wconf 87' lang='lat' dir='ltr'>praeter</span> <span class='ocrx_word' id='word_1_111' title='bbox 329 1689 387 1734; x_wconf 88' lang='lat' dir='ltr'>vos</span> <span class='ocrx_word' id='word_1_112' title='bbox 408 1687 498 1735; x_wconf 92' lang='lat' dir='ltr'>nemo</span> <span class='ocrx_word' id='word_1_113' title='bbox 520 1669 660 1750; x_wconf 86' lang='lat' dir='ltr'>appellat</span> <span class='ocrx_word' id='word_1_114' title='bbox 681 1669 881 1750; x_wconf 86' lang='lat' dir='ltr'>voluptatem.</span> 
     </span>
    </p>

    <p class='ocr_par' dir='ltr' id='par_1_3' title="bbox 85 1769 1207 2666">
     <span class='ocr_line' id='line_1_14' title="bbox 156 1769 1145 1853; baseline 0.001 -18"><span class='ocrx_word' id='word_1_115' title='bbox 156 1769 265 1836; x_wconf 81' lang='lat' dir='ltr'>XXIV.</span> <span class='ocrx_word' id='word_1_116' title='bbox 310 1771 391 1837; x_wconf 87' lang='lat' dir='ltr'>Vide</span> <span class='ocrx_word' id='word_1_117' title='bbox 411 1771 520 1853; x_wconf 78' lang='lat' dir='ltr'>igion,</span> <span class='ocrx_word' id='word_1_118' title='bbox 542 1789 582 1836; x_wconf 91' lang='lat' dir='ltr'>ne</span> <span class='ocrx_word' id='word_1_119' title='bbox 603 1789 665 1834; x_wconf 93' lang='lat' dir='ltr'>non</span> <span class='ocrx_word' id='word_1_120' title='bbox 686 1769 800 1836; x_wconf 82' lang='lat' dir='ltr'>debeas</span> <span class='ocrx_word' id='word_1_121' title='bbox 827 1771 930 1836; x_wconf 89' lang='lat' dir='ltr'>verbis</span> <span class='ocrx_word' id='word_1_122' title='bbox 952 1771 1070 1836; x_wconf 85' lang='lat' dir='ltr'>nostris</span> <span class='ocrx_word' id='word_1_123' title='bbox 1092 1773 1145 1850; x_wconf 92' lang='lat' dir='ltr'>uti,</span> 
     </span>
     <span class='ocr_line' id='line_1_15' title="bbox 86 1871 1145 1954; baseline 0.006 -22"><span class='ocrx_word' id='word_1_124' title='bbox 86 1872 231 1937; x_wconf 73' lang='lat' dir='ltr'>mutandis</span> <span class='ocrx_word' id='word_1_125' title='bbox 253 1873 324 1938; x_wconf 83' lang='lat' dir='ltr'>mis.</span> <span class='ocrx_word' id='word_1_126' title='bbox 369 1871 461 1951; x_wconf 89' lang='lat' dir='ltr'>Quod</span> <span class='ocrx_word' id='word_1_127' title='bbox 487 1871 514 1937; x_wconf 92' lang='lat' dir='ltr'>si</span> <span class='ocrx_word' id='word_1_128' title='bbox 540 1873 659 1937; x_wconf 89' lang='lat' dir='ltr'>vultum</span> <span class='ocrx_word' id='word_1_129' title='bbox 689 1871 753 1952; x_wconf 84' lang='lat' dir='ltr'>tibi,</span> <span class='ocrx_word' id='word_1_130' title='bbox 776 1871 803 1937; x_wconf 92' lang='lat' dir='ltr'>si</span> <span class='ocrx_word' id='word_1_131' title='bbox 824 1873 980 1937; x_wconf 90' lang='lat' dir='ltr'>incessum</span> <span class='ocrx_word' id='word_1_132' title='bbox 1001 1871 1145 1954; x_wconf 72' lang='lat' dir='ltr'>fingeres</span> 
     </span>
     <span class='ocr_line' id='line_1_16' title="bbox 85 1972 1205 2056; baseline 0.005 -22"><span class='ocrx_word' id='word_1_133' title='bbox 85 1989 137 2050; x_wconf 86' lang='lat' dir='ltr'>quo</span> <span class='ocrx_word' id='word_1_134' title='bbox 156 1975 278 2054; x_wconf 84' lang='lat' dir='ltr'>gravior</span> <span class='ocrx_word' id='word_1_135' title='bbox 299 1975 451 2052; x_wconf 83' lang='lat' dir='ltr'>viderere,</span> <span class='ocrx_word' id='word_1_136' title='bbox 473 1991 536 2038; x_wconf 92' lang='lat' dir='ltr'>non</span> <span class='ocrx_word' id='word_1_137' title='bbox 558 1992 645 2040; x_wconf 86' lang='lat' dir='ltr'>esses</span> <span class='ocrx_word' id='word_1_138' title='bbox 667 1973 847 2054; x_wconf 79' lang='lat' dir='ltr'>tuisimilis3</span> <span class='ocrx_word' id='word_1_139' title='bbox 875 1975 971 2040; x_wconf 83' lang='lat' dir='ltr'>verba</span> <span class='ocrx_word' id='word_1_140' title='bbox 992 1981 1027 2039; x_wconf 91' lang='lat' dir='ltr'>tu</span> <span class='ocrx_word' id='word_1_141' title='bbox 1043 1972 1145 2056; x_wconf 82' lang='lat' dir='ltr'>fingas</span> <span class='ocrx_word' id='word_1_142' title='bbox 1165 1975 1205 2040; x_wconf 85' lang='lat'>15</span> 
     </span>
     <span class='ocr_line' id='line_1_17' title="bbox 85 2075 1146 2158; baseline 0.005 -23"><span class='ocrx_word' id='word_1_143' title='bbox 85 2083 111 2136; x_wconf 86' lang='lat' dir='ltr'>et</span> <span class='ocrx_word' id='word_1_144' title='bbox 128 2093 162 2138; x_wconf 87' lang='lat' dir='ltr'>ea</span> <span class='ocrx_word' id='word_1_145' title='bbox 181 2077 275 2155; x_wconf 86' lang='lat' dir='ltr'>dicas,</span> <span class='ocrx_word' id='word_1_146' title='bbox 297 2094 377 2158; x_wconf 89' lang='lat' dir='ltr'>quae</span> <span class='ocrx_word' id='word_1_147' title='bbox 398 2094 461 2142; x_wconf 91' lang='lat' dir='ltr'>non</span> <span class='ocrx_word' id='word_1_148' title='bbox 483 2075 622 2140; x_wconf 85' lang='lat' dir='ltr'>sentias?</span> <span class='ocrx_word' id='word_1_149' title='bbox 655 2085 710 2140; x_wconf 87' lang='lat' dir='ltr'>ant</span> <span class='ocrx_word' id='word_1_150' title='bbox 731 2075 833 2154; x_wconf 89' lang='lat' dir='ltr'>etium,</span> <span class='ocrx_word' id='word_1_151' title='bbox 856 2082 891 2140; x_wconf 90' lang='lat' dir='ltr'>ut</span> <span class='ocrx_word' id='word_1_152' title='bbox 906 2075 1068 2154; x_wconf 85' lang='lat' dir='ltr'>vestitum,</span> <span class='ocrx_word' id='word_1_153' title='bbox 1101 2075 1146 2141; x_wconf 88' lang='lat' dir='ltr'>sic</span> 
     </span>
     <span class='ocr_line' id='line_1_18' title="bbox 86 2175 1146 2256; baseline 0.004 -18"><span class='ocrx_word' id='word_1_154' title='bbox 86 2177 252 2242; x_wconf 85' lang='lat' dir='ltr'>sententiam</span> <span class='ocrx_word' id='word_1_155' title='bbox 273 2177 390 2244; x_wconf 86' lang='lat' dir='ltr'>habeas</span> <span class='ocrx_word' id='word_1_156' title='bbox 411 2177 504 2242; x_wconf 87' lang='lat' dir='ltr'>aliam</span> <span class='ocrx_word' id='word_1_157' title='bbox 526 2177 736 2255; x_wconf 84' lang='lat' dir='ltr'>domesticam,</span> <span class='ocrx_word' id='word_1_158' title='bbox 758 2177 850 2242; x_wconf 89' lang='lat' dir='ltr'>aliam</span> <span class='ocrx_word' id='word_1_159' title='bbox 872 2175 1036 2256; x_wconf 87' lang='lat' dir='ltr'>forensem,</span> <span class='ocrx_word' id='word_1_160' title='bbox 1057 2176 1146 2242; x_wconf 89' lang='lat' dir='ltr'>utin</span> 
     </span>
     <span class='ocr_line' id='line_1_19' title="bbox 85 2271 1145 2361; baseline 0.007 -24"><span class='ocrx_word' id='word_1_161' title='bbox 85 2271 172 2344; x_wconf 82' lang='lat' dir='ltr'>frome</span> <span class='ocrx_word' id='word_1_162' title='bbox 192 2278 361 2344; x_wconf 81' lang='lat' dir='ltr'>ostentatio</span> <span class='ocrx_word' id='word_1_163' title='bbox 382 2278 432 2358; x_wconf 87' lang='lat' dir='ltr'>sit,</span> <span class='ocrx_word' id='word_1_164' title='bbox 452 2279 538 2343; x_wconf 90' lang='lat' dir='ltr'>intus</span> <span class='ocrx_word' id='word_1_165' title='bbox 559 2277 677 2344; x_wconf 88' lang='lat' dir='ltr'>veritas</span> <span class='ocrx_word' id='word_1_166' title='bbox 694 2277 886 2344; x_wconf 79' lang='lat' dir='ltr'>oocrdtctur?</span> <span class='ocrx_word' id='word_1_167' title='bbox 908 2277 997 2358; x_wconf 87' lang='lat' dir='ltr'>Vide,</span> <span class='ocrx_word' id='word_1_168' title='bbox 1019 2297 1145 2361; x_wconf 88' lang='lat' dir='ltr'>quaeso,</span> 
     </span>
     <span class='ocr_line' id='line_1_20' title="bbox 87 2379 1145 2462; baseline 0.003 -19"><span class='ocrx_word' id='word_1_169' title='bbox 87 2387 227 2446; x_wconf 83' lang='lat' dir='ltr'>rectumne</span> <span class='ocrx_word' id='word_1_170' title='bbox 254 2380 303 2446; x_wconf 88' lang='lat' dir='ltr'>sit</span> <span class='ocrx_word' id='word_1_171' title='bbox 353 2379 429 2446; x_wconf 84' lang='lat' dir='ltr'>Mihi</span> <span class='ocrx_word' id='word_1_172' title='bbox 457 2379 582 2462; x_wconf 90' lang='lat' dir='ltr'>quidem</span> <span class='ocrx_word' id='word_1_173' title='bbox 609 2397 665 2445; x_wconf 85' lang='lat' dir='ltr'>eae</span> <span class='ocrx_word' id='word_1_174' title='bbox 692 2398 786 2446; x_wconf 81' lang='lat' dir='ltr'>verae</span> <span class='ocrx_word' id='word_1_175' title='bbox 807 2380 953 2446; x_wconf 85' lang='lat' dir='ltr'>videntur</span> <span class='ocrx_word' id='word_1_176' title='bbox 974 2379 1145 2462; x_wconf 89' lang='lat' dir='ltr'>opiniones,</span> 
     </span>
     <span class='ocr_line' id='line_1_21' title="bbox 86 2479 1207 2564; baseline 0.004 -20"><span class='ocrx_word' id='word_1_177' title='bbox 86 2495 154 2558; x_wconf 80' lang='lat' dir='ltr'>quae</span> <span class='ocrx_word' id='word_1_178' title='bbox 172 2479 330 2561; x_wconf 74' lang='lat' dir='ltr'>honestae,</span> <span class='ocrx_word' id='word_1_179' title='bbox 352 2501 433 2564; x_wconf 85' lang='lat' dir='ltr'>quae</span> <span class='ocrx_word' id='word_1_180' title='bbox 453 2481 633 2560; x_wconf 87' lang='lat' dir='ltr'>laudabiles,</span> <span class='ocrx_word' id='word_1_181' title='bbox 655 2487 736 2564; x_wconf 83' lang='lat' dir='ltr'>quae</span> <span class='ocrx_word' id='word_1_182' title='bbox 752 2481 916 2564; x_wconf 82' lang='lat' dir='ltr'>gloriosae,</span> <span class='ocrx_word' id='word_1_183' title='bbox 939 2500 1020 2563; x_wconf 88' lang='lat' dir='ltr'>quae</span> <span class='ocrx_word' id='word_1_184' title='bbox 1041 2482 1073 2546; x_wconf 91' lang='lat' dir='ltr'>in</span> <span class='ocrx_word' id='word_1_185' title='bbox 1095 2500 1144 2547; x_wconf 90' lang='lat' dir='ltr'>se·</span> <span class='ocrx_word' id='word_1_186' title='bbox 1163 2483 1207 2548; x_wconf 76' lang='lat'>20</span> 
     </span>
     <span class='ocr_line' id='line_1_22' title="bbox 87 2583 1145 2666; baseline 0.006 -24"><span class='ocrx_word' id='word_1_187' title='bbox 87 2589 157 2658; x_wconf 82' lang='lat' dir='ltr'>nato,</span> <span class='ocrx_word' id='word_1_188' title='bbox 177 2601 257 2664; x_wconf 84' lang='lat' dir='ltr'>quae</span> <span class='ocrx_word' id='word_1_189' title='bbox 278 2585 363 2666; x_wconf 85' lang='lat' dir='ltr'>apud</span> <span class='ocrx_word' id='word_1_190' title='bbox 385 2583 550 2666; x_wconf 89' lang='lat' dir='ltr'>populum,</span> <span class='ocrx_word' id='word_1_191' title='bbox 583 2584 716 2664; x_wconf 89' lang='lat' dir='ltr'>quaein</span> <span class='ocrx_word' id='word_1_192' title='bbox 739 2583 821 2648; x_wconf 90' lang='lat' dir='ltr'>omni</span> <span class='ocrx_word' id='word_1_193' title='bbox 843 2590 934 2648; x_wconf 87' lang='lat' dir='ltr'>coetu</span> <span class='ocrx_word' id='word_1_194' title='bbox 956 2583 1145 2664; x_wconf 82' lang='lat' dir='ltr'>concilioque</span> 
     </span>
    </p>
   </div>
   <div class='ocr_carea' id='block_1_3' title="bbox 85 2819 1146 3094">
    <p class='ocr_par' dir='ltr' id='par_1_4' title="bbox 85 2819 1146 3094">
     <span class='ocr_line' id='line_1_23' title="bbox 145 2819 1145 2886; baseline 0.004 -22"><span class='ocrx_word' id='word_1_195' title='bbox 145 2825 164 2868; x_wconf 92' lang='grc'>1.</span> <span class='ocrx_word' id='word_1_196' title='bbox 180 2820 286 2884; x_wconf 71' lang='lat' dir='ltr'>profiteri</span> <span class='ocrx_word' id='word_1_197' title='bbox 301 2829 379 2870; x_wconf 72' lang='lat' dir='ltr'>eodm</span> <span class='ocrx_word' id='word_1_198' title='bbox 397 2829 420 2870; x_wconf 80' lang='lat' dir='ltr'>et</span> <span class='ocrx_word' id='word_1_199' title='bbox 438 2819 597 2872; x_wconf 81' lang='lat' dir='ltr'>LPMCROr.</span> <span class='ocrx_word' id='word_1_200' title='bbox 635 2825 657 2873; x_wconf 80' lang='lat'>6.</span> <span class='ocrx_word' id='word_1_201' title='bbox 678 2837 777 2871; x_wconf 74' lang='lat' dir='ltr'>varona</span> <span class='ocrx_word' id='word_1_202' title='bbox 797 2819 819 2872; x_wconf 83' lang='lat' dir='ltr'><strong><em>G</em></strong></span> <span class='ocrx_word' id='word_1_203' title='bbox 855 2825 975 2873; x_wconf 56' lang='lat' dir='ltr'>[roomo</span> <span class='ocrx_word' id='word_1_204' title='bbox 993 2825 1145 2886; x_wconf 70' lang='lat' dir='ltr'>(proretam)</span> 
     </span>
     <span class='ocr_line' id='line_1_24' title="bbox 85 2881 1145 2956; baseline 0 -19"><span class='ocrx_word' id='word_1_205' title='bbox 85 2881 102 2930; x_wconf 85' lang='grc' dir='ltr'>Ρ</span> <span class='ocrx_word' id='word_1_206' title='bbox 146 2887 192 2952; x_wconf 71' lang='grc' dir='ltr'><strong><em>ι’ριε</em></strong></span> <span class='ocrx_word' id='word_1_207' title='bbox 210 2889 299 2937; x_wconf 85' lang='lat' dir='ltr'>om.L</span> <span class='ocrx_word' id='word_1_208' title='bbox 352 2893 374 2937; x_wconf 81' lang='grc'>8.</span> <span class='ocrx_word' id='word_1_209' title='bbox 393 2887 586 2952; x_wconf 72' lang='lat' dir='ltr'>mapmfioatcE</span> <span class='ocrx_word' id='word_1_210' title='bbox 642 2894 680 2940; x_wconf 78' lang='grc'>13.</span> <span class='ocrx_word' id='word_1_211' title='bbox 699 2889 769 2956; x_wconf 75' lang='lat' dir='ltr'>iqdm</span> <span class='ocrx_word' id='word_1_212' title='bbox 786 2905 834 2940; x_wconf 88' lang='lat' dir='ltr'>om.</span> <span class='ocrx_word' id='word_1_213' title='bbox 852 2888 973 2940; x_wconf 81' lang='lat' dir='ltr'>LPMCR</span> <span class='ocrx_word' id='word_1_214' title='bbox 1027 2893 1065 2941; x_wconf 81' lang='grc'>14,</span> <span class='ocrx_word' id='word_1_215' title='bbox 1085 2889 1145 2938; x_wconf 79' lang='lat' dir='ltr'>Post</span> 
     </span>
     <span class='ocr_line' id='line_1_25' title="bbox 86 2951 1146 3026; baseline 0.002 -22"><span class='ocrx_word' id='word_1_216' title='bbox 86 2951 378 3009; x_wconf 61' lang='lat' dir='ltr'>commorantia</span> <span class='ocrx_word' id='word_1_217' title='bbox 433 2955 559 3024; x_wconf 53' lang='grc' dir='ltr'>γνὼμθνα</span> <span class='ocrx_word' id='word_1_218' title='bbox 587 2957 622 3026; x_wconf 82' lang='grc' dir='ltr'>Α]</span> <span class='ocrx_word' id='word_1_219' title='bbox 681 2962 718 3009; x_wconf 73' lang='lat' dir='ltr'>la,</span> <span class='ocrx_word' id='word_1_220' title='bbox 747 2957 839 3008; x_wconf 80' lang='lat' dir='ltr'>eoreE</span> <span class='ocrx_word' id='word_1_221' title='bbox 895 2963 932 3010; x_wconf 80' lang='lat' dir='ltr'>le.</span> <span class='ocrx_word' id='word_1_222' title='bbox 956 2957 1146 3022; x_wconf 76' lang='lat' dir='ltr'>ritlproutlE</span> 
     </span>
     <span class='ocr_line' id='line_1_26' title="bbox 88 3020 1091 3094; baseline 0.007 -27"><span class='ocrx_word' id='word_1_223' title='bbox 88 3023 118 3068; x_wconf 83' lang='lat' dir='ltr'>la.</span> <span class='ocrx_word' id='word_1_224' title='bbox 138 3020 200 3088; x_wconf 73' lang='lat' dir='ltr'>[noli</span> <span class='ocrx_word' id='word_1_225' title='bbox 214 3023 271 3088; x_wconf 81' lang='lat' dir='ltr'>quid</span> <span class='ocrx_word' id='word_1_226' title='bbox 286 3023 337 3092; x_wconf 82' lang='lat' dir='ltr'>Eh]</span> <span class='ocrx_word' id='word_1_227' title='bbox 393 3025 440 3076; x_wconf 77' lang='lat' dir='ltr'>luo</span> <span class='ocrx_word' id='word_1_228' title='bbox 460 3024 608 3092; x_wconf 68' lang='lat' dir='ltr'>[Apmca</span> <span class='ocrx_word' id='word_1_229' title='bbox 663 3024 694 3092; x_wconf 79' lang='lat' dir='ltr'>[et</span> <span class='ocrx_word' id='word_1_230' title='bbox 711 3025 761 3094; x_wconf 81' lang='lat' dir='ltr'>lib]</span> <span class='ocrx_word' id='word_1_231' title='bbox 834 3031 874 3078; x_wconf 81' lang='lat'>21.</span> <span class='ocrx_word' id='word_1_232' title='bbox 894 3025 929 3076; x_wconf 83' lang='lat' dir='ltr'>ad</span> <span class='ocrx_word' id='word_1_233' title='bbox 942 3025 1091 3091; x_wconf 83' lang='lat' dir='ltr'>populumL</span> 
     </span>
    </p>
   </div>
   <div class='ocr_carea' id='block_1_4' title="bbox 83 3211 1148 4146">
    <p class='ocr_par' dir='ltr' id='par_1_5' title="bbox 85 3211 1145 3368">
     <span class='ocr_line' id='line_1_27' title="bbox 85 3211 1145 3292; baseline 0.008 -27"><span class='ocrx_word' id='word_1_234' title='bbox 85 3211 159 3268; x_wconf 83' lang='lat' dir='ltr'>rideo</span> <span class='ocrx_word' id='word_1_235' title='bbox 179 3215 236 3272; x_wconf 88' lang='lat' dir='ltr'>nisi</span> <span class='ocrx_word' id='word_1_236' title='bbox 258 3233 349 3272; x_wconf 89' lang='lat' dir='ltr'>unum</span> <span class='ocrx_word' id='word_1_237' title='bbox 372 3225 403 3272; x_wconf 85' lang='lat' dir='ltr'>et</span> <span class='ocrx_word' id='word_1_238' title='bbox 423 3215 548 3272; x_wconf 85' lang='lat' dir='ltr'>alterum</span> <span class='ocrx_word' id='word_1_239' title='bbox 561 3215 679 3272; x_wconf 83' lang='lat' dir='ltr'>obstare</span> <span class='ocrx_word' id='word_1_240' title='bbox 691 3216 868 3292; x_wconf 87' lang='lat' dir='ltr'>exemplum,</span> <span class='ocrx_word' id='word_1_241' title='bbox 887 3225 921 3273; x_wconf 91' lang='lat' dir='ltr'>nt</span> <span class='ocrx_word' id='word_1_242' title='bbox 931 3215 1062 3292; x_wconf 89' lang='lat' dir='ltr'>Philipp.</span> <span class='ocrx_word' id='word_1_243' title='bbox 1074 3217 1145 3286; x_wconf 87' lang='lat' dir='ltr'>V,6</span> 
     </span>
     <span class='ocr_line' id='line_1_28' title="bbox 85 3297 285 3368; baseline 0.01 -14"><span class='ocrx_word' id='word_1_244' title='bbox 85 3305 110 3350; x_wconf 84' lang='lat' dir='ltr'>et</span> <span class='ocrx_word' id='word_1_245' title='bbox 128 3297 212 3368; x_wconf 81' lang='lat' dir='ltr'>XIV,</span> <span class='ocrx_word' id='word_1_246' title='bbox 240 3301 285 3357; x_wconf 85' lang='grc'>18.</span> 
     </span>
    </p>

    <p class='ocr_par' dir='ltr' id='par_1_6' title="bbox 83 3298 1148 3717">
     <span class='ocr_line' id='line_1_29' title="bbox 159 3298 1148 3466; baseline -0.001 -24"><span class='ocrx_word' id='word_1_247' title='bbox 159 3298 301 3459; x_wconf 46' lang='lat' dir='ltr'>Officium}</span> <span class='ocrx_word' id='word_1_248' title='bbox 312 3387 473 3460; x_wconf 75' lang='lat' dir='ltr'>aequitatem</span> <span class='ocrx_word' id='word_1_249' title='bbox 495 3417 537 3427; x_wconf 85' lang='lat'>-</span> <span class='ocrx_word' id='word_1_250' title='bbox 555 3389 726 3462; x_wconf 65' lang='lat' dir='ltr'>propontida,</span> <span class='ocrx_word' id='word_1_251' title='bbox 751 3387 815 3444; x_wconf 82' lang='lat' dir='ltr'>hoec</span> <span class='ocrx_word' id='word_1_252' title='bbox 837 3382 907 3466; x_wconf 81' lang='lat' dir='ltr'>cet.)</span> <span class='ocrx_word' id='word_1_253' title='bbox 930 3385 1103 3446; x_wconf 89' lang='lat' dir='ltr'>Orationem</span> <span class='ocrx_word' id='word_1_254' title='bbox 1113 3394 1148 3442; x_wconf 87' lang='lat' dir='ltr'>ut</span> 
     </span>
     <span class='ocr_line' id='line_1_30' title="bbox 84 3463 1148 3547; baseline 0.005 -26"><span class='ocrx_word' id='word_1_255' title='bbox 84 3463 210 3527; x_wconf 77' lang='lat' dir='ltr'>Davisius</span> <span class='ocrx_word' id='word_1_256' title='bbox 233 3470 274 3528; x_wconf 87' lang='lat' dir='ltr'>sic</span> <span class='ocrx_word' id='word_1_257' title='bbox 296 3469 429 3542; x_wconf 81' lang='lat' dir='ltr'>distinxi,</span> <span class='ocrx_word' id='word_1_258' title='bbox 451 3479 484 3526; x_wconf 92' lang='lat' dir='ltr'>ut</span> <span class='ocrx_word' id='word_1_259' title='bbox 505 3480 656 3547; x_wconf 83' lang='lat' dir='ltr'>appareat,</span> <span class='ocrx_word' id='word_1_260' title='bbox 680 3471 757 3527; x_wconf 87' lang='lat' dir='ltr'>unde</span> <span class='ocrx_word' id='word_1_261' title='bbox 773 3471 933 3528; x_wconf 84' lang='lat' dir='ltr'>accusativi</span> <span class='ocrx_word' id='word_1_262' title='bbox 956 3470 1014 3528; x_wconf 90' lang='lat' dir='ltr'>orti</span> <span class='ocrx_word' id='word_1_263' title='bbox 1036 3470 1097 3528; x_wconf 84' lang='lat' dir='ltr'>sint</span> <span class='ocrx_word' id='word_1_264' title='bbox 1118 3479 1148 3527; x_wconf 88' lang='lat' dir='ltr'>et</span> 
     </span>
     <span class='ocr_line' id='line_1_31' title="bbox 84 3553 1147 3633; baseline 0.006 -27"><span class='ocrx_word' id='word_1_265' title='bbox 84 3567 159 3621; x_wconf 83' lang='lat' dir='ltr'>quam</span> <span class='ocrx_word' id='word_1_266' title='bbox 179 3555 322 3612; x_wconf 87' lang='lat' dir='ltr'>rationem</span> <span class='ocrx_word' id='word_1_267' title='bbox 345 3555 487 3624; x_wconf 79' lang='lat' dir='ltr'>habeant3</span> <span class='ocrx_word' id='word_1_268' title='bbox 516 3575 583 3612; x_wconf 88' lang='lat' dir='ltr'>nam</span> <span class='ocrx_word' id='word_1_269' title='bbox 607 3556 707 3613; x_wconf 85' lang='lat' dir='ltr'>omnia</span> <span class='ocrx_word' id='word_1_270' title='bbox 725 3555 838 3633; x_wconf 82' lang='lat' dir='ltr'>colligit</span> <span class='ocrx_word' id='word_1_271' title='bbox 858 3575 919 3614; x_wconf 84' lang='lat' dir='ltr'>vox</span> <span class='ocrx_word' id='word_1_272' title='bbox 941 3557 1014 3613; x_wconf 78' lang='lat' dir='ltr'>hoec.</span> <span class='ocrx_word' id='word_1_273' title='bbox 1047 3553 1147 3615; x_wconf 84' lang='lat' dir='ltr'>Ceteri</span> 
     </span>
     <span class='ocr_line' id='line_1_32' title="bbox 83 3639 572 3717; baseline 0.012 -27"><span class='ocrx_word' id='word_1_274' title='bbox 83 3639 224 3698; x_wconf 74' lang='lat' dir='ltr'>antedoce</span> <span class='ocrx_word' id='word_1_275' title='bbox 245 3640 331 3716; x_wconf 85' lang='lat' dir='ltr'>plene</span> <span class='ocrx_word' id='word_1_276' title='bbox 352 3640 572 3717; x_wconf 80' lang='lat' dir='ltr'>interpungunt.</span> 
     </span>
    </p>

    <p class='ocr_par' dir='ltr' id='par_1_7' title="bbox 83 3723 1148 3971">
     <span class='ocr_line' id='line_1_33' title="bbox 156 3723 1147 3800; baseline 0 -19"><span class='ocrx_word' id='word_1_277' title='bbox 156 3743 202 3782; x_wconf 79' lang='lat' dir='ltr'>ooo</span> <span class='ocrx_word' id='word_1_278' title='bbox 225 3723 348 3800; x_wconf 77' lang='lat' dir='ltr'>domnoc)</span> <span class='ocrx_word' id='word_1_279' title='bbox 387 3726 422 3783; x_wconf 92' lang='lat' dir='ltr'>In</span> <span class='ocrx_word' id='word_1_280' title='bbox 449 3726 505 3784; x_wconf 88' lang='lat' dir='ltr'>hac</span> <span class='ocrx_word' id='word_1_281' title='bbox 539 3725 685 3800; x_wconf 85' lang='lat' dir='ltr'>scriptura</span> <span class='ocrx_word' id='word_1_282' title='bbox 706 3725 833 3783; x_wconf 89' lang='lat' dir='ltr'>nominis</span> <span class='ocrx_word' id='word_1_283' title='bbox 855 3725 1046 3783; x_wconf 86' lang='lat' dir='ltr'>consentiunt</span> <span class='ocrx_word' id='word_1_284' title='bbox 1067 3725 1147 3783; x_wconf 88' lang='lat' dir='ltr'>codi-</span> 
     </span>
     <span class='ocr_line' id='line_1_34' title="bbox 83 3805 1148 3888; baseline 0.004 -26"><span class='ocrx_word' id='word_1_285' title='bbox 83 3819 123 3862; x_wconf 79' lang='lat' dir='ltr'>toe</span> <span class='ocrx_word' id='word_1_286' title='bbox 141 3805 241 3886; x_wconf 75' lang='lat' dir='ltr'>(Mon,</span> <span class='ocrx_word' id='word_1_287' title='bbox 263 3810 349 3882; x_wconf 81' lang='lat' dir='ltr'>Poll,</span> <span class='ocrx_word' id='word_1_288' title='bbox 372 3810 459 3880; x_wconf 68' lang='lat' dir='ltr'>Dav,</span> <span class='ocrx_word' id='word_1_289' title='bbox 483 3809 577 3888; x_wconf 82' lang='lat' dir='ltr'>Gzii),</span> <span class='ocrx_word' id='word_1_290' title='bbox 604 3819 637 3868; x_wconf 88' lang='lat' dir='ltr'>ut</span> <span class='ocrx_word' id='word_1_291' title='bbox 664 3809 727 3867; x_wconf 80' lang='lat' dir='ltr'>iere</span> <span class='ocrx_word' id='word_1_292' title='bbox 748 3810 779 3867; x_wconf 91' lang='lat' dir='ltr'>in</span> <span class='ocrx_word' id='word_1_293' title='bbox 802 3811 908 3869; x_wconf 86' lang='lat' dir='ltr'>ceteris</span> <span class='ocrx_word' id='word_1_294' title='bbox 930 3809 1082 3870; x_wconf 86' lang='lat' dir='ltr'>Ciceronis</span> <span class='ocrx_word' id='word_1_295' title='bbox 1104 3810 1148 3867; x_wconf 91' lang='lat' dir='ltr'>lo-</span> 
     </span>
     <span class='ocr_line' id='line_1_35' title="bbox 84 3890 1099 3971; baseline 0.005 -25"><span class='ocrx_word' id='word_1_296' title='bbox 84 3890 130 3960; x_wconf 80' lang='lat' dir='ltr'>tis;</span> <span class='ocrx_word' id='word_1_297' title='bbox 150 3893 185 3951; x_wconf 86' lang='lat' dir='ltr'>de</span> <span class='ocrx_word' id='word_1_298' title='bbox 196 3893 310 3971; x_wconf 87' lang='lat' dir='ltr'>origine</span> <span class='ocrx_word' id='word_1_299' title='bbox 332 3913 391 3952; x_wconf 88' lang='lat' dir='ltr'>non</span> <span class='ocrx_word' id='word_1_300' title='bbox 413 3895 509 3954; x_wconf 87' lang='lat' dir='ltr'>habeo</span> <span class='ocrx_word' id='word_1_301' title='bbox 537 3894 616 3970; x_wconf 90' lang='lat' dir='ltr'>quod</span> <span class='ocrx_word' id='word_1_302' title='bbox 638 3894 745 3952; x_wconf 86' lang='lat' dir='ltr'>addam</span> <span class='ocrx_word' id='word_1_303' title='bbox 766 3895 891 3953; x_wconf 90' lang='lat' dir='ltr'>aliorum</span> <span class='ocrx_word' id='word_1_304' title='bbox 914 3895 1099 3954; x_wconf 86' lang='lat' dir='ltr'>coniecturis.</span> 
     </span>
    </p>

    <p class='ocr_par' dir='ltr' id='par_1_8' title="bbox 83 3977 1147 4146">
     <span class='ocr_line' id='line_1_36' title="bbox 155 3977 1147 4056; baseline 0 -18"><span class='ocrx_word' id='word_1_305' title='bbox 155 3977 229 4054; x_wconf 81' lang='lat' dir='ltr'>Cap.</span> <span class='ocrx_word' id='word_1_306' title='bbox 239 3979 358 4052; x_wconf 78' lang='lat' dir='ltr'>XXIV,</span> <span class='ocrx_word' id='word_1_307' title='bbox 378 3981 428 4038; x_wconf 91' lang='grc'>77.</span> <span class='ocrx_word' id='word_1_308' title='bbox 457 3978 627 4055; x_wconf 77' lang='lat' dir='ltr'>Vodcipitur)</span> <span class='ocrx_word' id='word_1_309' title='bbox 656 3979 705 4040; x_wconf 87' lang='lat' dir='ltr'>Sic</span> <span class='ocrx_word' id='word_1_310' title='bbox 722 3980 780 4038; x_wconf 88' lang='lat' dir='ltr'>iam</span> <span class='ocrx_word' id='word_1_311' title='bbox 793 3979 958 4040; x_wconf 82' lang='lat' dir='ltr'>Cratander</span> <span class='ocrx_word' id='word_1_312' title='bbox 979 3980 1147 4056; x_wconf 83' lang='lat' dir='ltr'>scripserat,</span> 
     </span>
     <span class='ocr_line' id='line_1_37' title="bbox 83 4057 1147 4146; baseline 0.008 -34"><span class='ocrx_word' id='word_1_313' title='bbox 83 4057 173 4120; x_wconf 87' lang='lat' dir='ltr'>deinde</span> <span class='ocrx_word' id='word_1_314' title='bbox 190 4083 207 4120; x_wconf 86' lang='lat' dir='ltr'>a</span> <span class='ocrx_word' id='word_1_315' title='bbox 225 4063 316 4122; x_wconf 81' lang='lat' dir='ltr'>Pali</span> <span class='ocrx_word' id='word_1_316' title='bbox 332 4075 361 4123; x_wconf 88' lang='lat' dir='ltr'>et</span> <span class='ocrx_word' id='word_1_317' title='bbox 371 4065 418 4122; x_wconf 88' lang='lat' dir='ltr'>El.</span> <span class='ocrx_word' id='word_1_318' title='bbox 432 4066 449 4122; x_wconf 78' lang='lat'><strong>2</strong></span> <span class='ocrx_word' id='word_1_319' title='bbox 462 4065 619 4136; x_wconf 80' lang='lat' dir='ltr'>Davisius3</span> <span class='ocrx_word' id='word_1_320' title='bbox 642 4065 786 4123; x_wconf 84' lang='lat' dir='ltr'>accedunt</span> <span class='ocrx_word' id='word_1_321' title='bbox 803 4061 868 4146; x_wconf 88' lang='lat' dir='ltr'>[B,]</span> <span class='ocrx_word' id='word_1_322' title='bbox 884 4059 936 4136; x_wconf 80' lang='grc' dir='ltr'>Εξ,</span> <span class='ocrx_word' id='word_1_323' title='bbox 949 4065 1028 4137; x_wconf 90' lang='lat' dir='ltr'>Gzii,</span> <span class='ocrx_word' id='word_1_324' title='bbox 1052 4065 1077 4123; x_wconf 91' lang='lat' dir='ltr'>si</span> <span class='ocrx_word' id='word_1_325' title='bbox 1088 4083 1147 4122; x_wconf 89' lang='lat' dir='ltr'>non</span> 
     </span>
    </p>
   </div>
   <div class='ocr_carea' id='block_1_5' title="bbox 83 4148 1148 4308">
    <p class='ocr_par' dir='ltr' id='par_1_9' title="bbox 83 4148 1148 4308">
     <span class='ocr_line' id='line_1_38' title="bbox 83 4148 1148 4226; baseline 0.004 -22"><span class='ocrx_word' id='word_1_326' title='bbox 83 4148 192 4218; x_wconf 77' lang='lat' dir='ltr'>errarit,</span> <span class='ocrx_word' id='word_1_327' title='bbox 228 4167 327 4208; x_wconf 87' lang='lat' dir='ltr'>omnes</span> <span class='ocrx_word' id='word_1_328' title='bbox 349 4161 467 4226; x_wconf 84' lang='lat' dir='ltr'>praeter</span> <span class='ocrx_word' id='word_1_329' title='bbox 489 4149 568 4209; x_wconf 83' lang='lat' dir='ltr'>Gud.</span> <span class='ocrx_word' id='word_1_330' title='bbox 592 4151 620 4207; x_wconf 81' lang='grc'>2.</span> <span class='ocrx_word' id='word_1_331' title='bbox 665 4149 764 4210; x_wconf 86' lang='lat' dir='ltr'>Ceteri</span> <span class='ocrx_word' id='word_1_332' title='bbox 791 4153 873 4226; x_wconf 77' lang='lat' dir='ltr'>ipitor</span> <span class='ocrx_word' id='word_1_333' title='bbox 894 4150 1042 4208; x_wconf 80' lang='lat' dir='ltr'>omittunt</span> <span class='ocrx_word' id='word_1_334' title='bbox 1087 4151 1148 4208; x_wconf 89' lang='lat' dir='ltr'>Pro</span> 
     </span>
     <span class='ocr_line' id='line_1_39' title="bbox 83 4229 656 4308; baseline 0.003 -18"><span class='ocrx_word' id='word_1_335' title='bbox 83 4229 166 4290; x_wconf 64' lang='lat' dir='ltr'>(lebera</span> <span class='ocrx_word' id='word_1_336' title='bbox 186 4233 270 4291; x_wconf 86' lang='lat' dir='ltr'>codd.</span> <span class='ocrx_word' id='word_1_337' title='bbox 292 4235 369 4308; x_wconf 83' lang='lat' dir='ltr'>Mor.</span> <span class='ocrx_word' id='word_1_338' title='bbox 391 4244 422 4292; x_wconf 85' lang='lat' dir='ltr'>et</span> <span class='ocrx_word' id='word_1_339' title='bbox 444 4234 522 4294; x_wconf 88' lang='lat' dir='ltr'>Scal.</span> <span class='ocrx_word' id='word_1_340' title='bbox 545 4235 656 4293; x_wconf 76' lang='lat' dir='ltr'>dubites.</span> 
     </span>
    </p>
   </div>
   <div class='ocr_carea' id='block_1_6' title="bbox 0 0 1482 5028">
    <p class='ocr_par' dir='ltr' id='par_1_10' title="bbox 0 0 1482 5028">
     <span class='ocr_line' id='line_1_40' title="bbox 0 0 1482 5028; baseline 0 1"><span class='ocrx_word' id='word_1_341' title='bbox 0 0 1482 5028; x_wconf 95' lang='lat' dir='ltr'> </span> 
     </span>
    </p>
   </div>
  </div>
 </body>
</html>
