3034 5030
300 393 366 456 410
694 409 738 454 ns
761 408 892 456 risurus
914 409 985 456 nos.

301 577 494 658 peregrinari
517 577 634 641 Romae
656 576 819 642 videbatur
846 595 903 641 nec
936 575 1048 642 offerre
1076 595 1144 642 sese
1171 577 1287 642 nostris
1310 596 1375 642 ser·

300 677 452 756 monibus
475 685 506 742 et
527 678 588 742 ista
609 678 741 742 maxime
762 687 893 760 propter
913 678 1051 742 limatam
1062 679 1219 760 quandam
1231 686 1263 743 et
1273 698 1376 744 rerum

302 787 334 844 et
355 779 520 844 verborum
531 779 721 844 tenuitatem.
756 779 825 845 Scio
838 780 920 845 enim
937 781 1180 860 essequosdsm
1203 781 1256 861 qui
1267 781 1377 861 quavis

301 881 405 962 lingva
427 880 641 961 philosophari
662 881 798 960 possint;
821 881 913 945 nullis
936 881 1016 946 enim
1035 881 1263 962 partitionibus
1285 881 1377 946 nullis

262 987 284 1052 5
302 981 533 1047 definitionibus
554 989 693 1061 utuntur,
715 983 837 1064 ipsique
860 983 981 1060 dicunt,
1005 1001 1042 1047 ea
1064 1001 1099 1048 se
1120 984 1212 1048 modo
1234 983 1377 1064 probare,

374 1208 393 1250 1.
415 1201 562 1268 [videbantur
581 1201 627 1268 eh]
665 1203 793 1267 effer-rell
828 1209 852 1257 2.
871 1204 941 1253 istam
952 1204 1071 1255 LPMCR
1106 1203 1377 1268 qnarmmnlt'mutomla

301 1275 324 1320 8.
345 1287 395 1320 csse
413 1271 502 1321 om.C
573 1270 657 1334 putari
676 1269 816 1337 [AEh]CR
886 1279 910 1322 4.
933 1271 1020 1339 [nullas
1038 1273 1097 1322 euim
1116 1272 1151 1340 A]
1233 1277 1256 1320 5.
1276 1273 1324 1337 ipsi
1340 1273 1381 1336 qni

302 1339 421 1389 LPMCR
455 1337 558 1403 ipsisque
575 1338 641 1390 EOr.

387 1557 410 1602 at
433 1549 485 1602 ista
508 1545 636 1621 mumma)
659 1563 774 1618 quasa
797 1554 826 1603 te
849 1546 1024 1622 explicatur,
1048 1546 1158 1618 Stoica,
1182 1565 1258 1621 quae
1270 1547 1378 1604 subtile

200 1655 204 1668 ·
301 1641 329 1688 et
353 1631 502 1706 spinosum
526 1631 616 1687 habet
627 1630 790 1687 disserendi
801 1650 908 1708 genus3
932 1651 999 1688 nam
1010 1632 1151 1709 Epicurei
1163 1632 1267 1706 quavis
1278 1632 1380 1709 lingva

300 1715 503 1791 philosophari
525 1723 657 1790 possunt.
702 1715 782 1789 Quid
803 1713 954 1790 apertius?
981 1727 1011 1774 et
1033 1717 1099 1791 quis
1121 1717 1214 1774 nescit
1236 1721 1306 1774 istos
1328 1736 1379 1792 ap·

300 1800 405 1877 pellani
427 1819 484 1871 res,
509 1819 584 1874 quae
606 1800 645 1856 ad
667 1819 733 1857 eum
756 1801 932 1875 pertineant,
952 1819 1077 1876 quocum
1100 1799 1241 1875 loquare?
1269 1803 1306 1859 In
1330 1803 1380 1859 de-

301 1885 459 1942 terioribus
482 1885 564 1942 codd.
587 1905 614 1940 m
635 1886 769 1942 adhaesit
791 1904 829 1942 ex
851 1890 966 1942 araturae
987 1885 1032 1964 (in
1055 1886 1272 1956 Lambinianis,
1303 1887 1378 1944 Pall.

299 1979 418 2046 praeter
433 1973 457 2030 1.
481 1969 571 2040 Oxx.‚
594 1971 727 2046 exceptis
738 1966 791 2042 Εξ,
815 1970 1000 2041 Davisianis3
1024 1970 1117 2030 Gzius
1129 1975 1181 2028 ista
1198 1972 1228 2028 in
1240 1971 1379 2028 omnibus

300 2055 361 2112 suis
383 2075 448 2112 esse
471 2055 533 2112 sine
557 2055 646 2112 dubio
673 2054 750 2113 falso
774 2054 904 2133 scribit);
938 2065 1101 2113 correctum
1135 2067 1181 2113 est
1212 2057 1271 2113 iam
1300 2057 1379 2131 apud

299 2141 401 2209 Mars,
424 2139 504 2199 Crat.
539 2139 648 2196 Videat
670 2141 740 2196 mihi
764 2159 840 2196 nunc
862 2141 969 2216 aliquis
991 2141 1150 2216 (ascribam
1178 2141 1256 2198 enim
1278 2142 1379 2199 admo·

299 2225 420 2282 nitionis
443 2223 545 2303 causa)
567 2225 755 2282 incredibiles
777 2225 969 2301 interpretum
993 2245 1122 2295 errores,
1145 2245 1182 2283 ex
1206 2245 1265 2300 quo
1288 2226 1379 2284 semel

300 2310 461 2367 Lambinus
484 2308 528 2386 (in
541 2311 703 2384 posteriore
716 2306 858 2391 aditione)
881 2311 1060 2368 dormitavit.
1100 2313 1131 2370 Is
1153 2311 1271 2388 planius
1294 2321 1379 2386 putat

298 2394 372 2465 iore,
396 2395 420 2452 si
433 2395 475 2450 ita
486 2396 614 2471 legatur:
637 2406 661 2451 st
673 2399 786 2452 amsirns
795 2407 906 2470 propter
927 2401 1005 2454 istum
1025 2399 1143 2453 linctum
1161 2407 1215 2454 cet.
1245 2396 1379 2472 Scaliger

299 2479 388 2537 scribi
401 2479 510 2537 voluit:
533 2481 697 2538 sermonibus
708 2491 747 2537 ast
758 2484 833 2555 quita
845 2491 959 2556 propter
971 2491 1025 2538 cet.
1042 2473 1087 2560 (in
1108 2483 1170 2539 cod.
1189 2483 1253 2539 cius
1270 2482 1378 2540 dicitur

298 2564 405 2622 fuisse:
427 2565 591 2622 seenom'tus
613 2586 627 2622 e
649 2565 855 2644 listaproptsr),
879 2567 1033 2624 Davisius:
1056 2569 1219 2624 sermonibus
1231 2587 1376 2626 csseurrsc.

298 2654 413 2707 rrrcsime
424 2658 489 2721 cet,
507 2651 657 2708 Bremius:
681 2661 719 2706 est
729 2671 807 2720 oasa,
820 2655 943 2708 vaurinse.
966 2651 1059 2710 Gaius
1070 2661 1166 2710 tamen
1180 2652 1376 2727 principatum

298 2735 416 2791 errandi
428 2735 475 2792 hic
487 2754 603 2810 quoque
615 2735 742 2792 stultitia
752 2747 859 2793 tuetur.
889 2739 986 2807 „lsw
1000 2738 1096 2811 inquit
1114 2745 1269 2808 „neutrum
1282 2747 1336 2808 est,
1349 2747 1378 2794 et

297 2820 336 2876 ad
347 2839 520 2896 praegressa
532 2822 636 2877 verba:
648 2823 747 2877 videris
760 2823 859 2878 Latius
870 2824 963 2879 docere
970 2824 1169 2898 philosophiam
1180 2832 1235 2879 cet.
1247 2821 1376 2879 releren-

298 2905 396 2961 dum.“
433 2906 575 2978 Quaeras,
598 2923 656 2980 quo
679 2925 775 2963 sensu.
812 2907 870 2974 „Et
888 2907 944 2964 ista
957 2907 1026 2964 mihi
1038 2907 1148 2964 videris
1160 2908 1287 2965 maxime
1300 2915 1374 2964 cet.“

298 2989 477 3068 (Audiamus
493 2995 588 3066 socero
610 3001 638 3048 et
661 2995 714 3047 ista
735 3011 789 3067 pro
812 2995 886 3049 istud
907 2993 1085 3068 accipiemus
1108 3001 1138 3049 et
1159 2994 1214 3050 hoc
1242 3011 1296 3068 pro
1324 2990 1375 3070 id).
1468 2997 1474 3008 '

299 3075 483 3146 Schuetzius,
506 3075 645 3146 Orellius,
669 3075 741 3134 Otto
763 3081 816 3132 ista
839 3078 1052 3134 nominativum
1075 3087 1189 3153 putant,
1218 3078 1269 3134 sed
1292 3095 1376 3134 enar·

298 3170 381 3218 rant:
404 3172 427 3217 et
450 3183 486 3218 eo
509 3164 616 3236 quidem
638 3165 767 3232 succinte,
795 3162 825 3218 id
848 3172 907 3233 est,
930 3174 954 3218 ct
977 3165 1082 3236 quidem
1106 3163 1234 3220 tuosirnel
1279 3163 1377 3220 Pudet

299 3265 344 3302 me
367 3246 593 3321 philologorum.
643 3248 806 3304 Terruitutem
828 3248 932 3306 Cicero
956 3248 1027 3305 dicit
1049 3239 1100 3322 rip
1117 3233 1293 3322 λεπτότητα,
1317 3267 1376 3322 quo

297 3331 463 3406 significatu
486 3332 580 3388 Acad.
604 3331 645 3402 Π,
669 3333 709 3388 43
733 3343 834 3390 tenuem
856 3344 880 3390 et
902 3343 1008 3390 arictum
1031 3336 1221 3390 distinctionem
1244 3333 1377 3408 appellat

298 3427 327 3472 et
350 3416 410 3472 ibd.
435 3419 472 3474 66
497 3421 612 3473 rationes
634 3438 684 3474 aon
707 3420 746 3474 od
767 3429 843 3474 tenue
864 3421 995 3474 elimatos.
1024 3418 1237 3493 Epicureorum
1265 3418 1376 3493 scripta

299 3500 419 3569 Latina,
450 3502 606 3573 Amafinii,
636 3503 765 3573 Rabirii,
794 3503 871 3561 Catii
895 3503 1012 3578 saepius
1035 3503 1139 3562 Cicero
1162 3504 1332 3560 insectatur.

384 3589 464 3644 nrdtis
486 3591 552 3644 enim
573 3587 776 3664 partitionibus)
811 3589 938 3664 Propter
960 3591 1098 3662 quemme,
1122 3589 1172 3662 qui
1196 3607 1292 3656 error,
1324 3607 1374 3644 ex·

297 3679 383 3746 cepto
406 3672 496 3744 Aldu,
521 3672 627 3732 mansit
648 3673 687 3730 ad
709 3672 822 3744 bamb„
845 3674 875 3730 in
899 3673 943 3730 ed.
961 3675 1039 3730 lunt.
1063 3674 1203 3748 scriptum
1227 3682 1272 3729 est
1295 3675 1375 3731 resilias

298 3765 384 3813 tonica
402 3756 495 3835 (quod
507 3757 538 3813 in
561 3757 674 3816 Gud.1
703 3759 932 3835 superscriptum
956 3759 1043 3836 erat),
1067 3758 1231 3832 mansitque
1256 3759 1285 3815 in
1309 3758 1374 3816 edd.
1412 3795 1415 3802 ·

297 3841 446 3917 plerisque
469 3843 506 3899 ad
529 3841 646 3900 Gzium.
692 3844 737 3901 De
760 3863 791 3900 re
814 3844 872 3901 vid.
895 3845 920 3914 Ι,
946 3845 995 3901 22.

382 3931 489 4004 ipsique
510 3929 611 3998 dicunt,
634 3948 666 3984 eo
688 3949 716 3986 se
738 3925 831 4009 inodo)
854 3929 922 3986 Non
946 3930 983 3986 ab
1006 3929 1073 3986 aliis
1085 3927 1220 3995 obicitur,
1244 3927 1295 3985 sed
1318 3928 1375 4004 ipsi

297 4021 398 4087 aperte
421 4013 604 4088 profitentur,
628 4032 659 4070 se
682 4013 754 4070 nihil
766 4023 884 4089 praeter
895 4033 1032 4072 sensuum
1055 4013 1196 4071 iudicium
1219 4012 1317 4088 sequi3
1340 4031 1376 4072 ea

298 4106 343 4153 est
365 4099 442 4154 enim
466 4107 572 4155 natura
599 4097 672 4176 (vid.
695 4099 720 4170 Ι,
746 4097 809 4176 30).
860 4101 971 4174 Ipsique
997 4099 1126 4157 restituit
1156 4097 1304 4158 Gruterus
1332 4095 1376 4176 (et

298 4181 355 4238 ism
368 4193 436 4240 ante
448 4182 580 4262 Marsus)
603 4184 695 4241 ePal.
711 4187 737 4256 1,
761 4184 808 4240 cui
827 4185 1014 4242 consentiunt
1024 4184 1132 4251 Mead„
1155 4178 1207 4254 Εξ,
1231 4201 1267 4240 ex
1281 4203 1375 4258 eoque

297 4277 420 4341 apparet
448 4268 626 4326 deteriorum
659 4269 793 4326 codicum
827 4270 1001 4345 scripturam
1036 4279 1129 4328 ortam
1163 4287 1236 4326 esse.
1281 4268 1375 4326 Gaius

298 4351 489 4426 Erlangensis
500 4363 530 4410 et
542 4353 620 4428 Spir.
633 4352 688 4431 [B]
712 4355 848 4412 mendum
866 4355 992 4430 arripuit
1012 4357 1132 4430 ipsisque
1153 4355 1322 4424 dissideat,
1345 4353 1375 4411 in
