3034 5030
304 391 367 458 376
698 409 742 458 nn
764 407 894 456 ursinus
915 407 988 456 sos.

306 577 390 659 quod
412 577 512 642 solum
533 577 565 648 in
588 576 677 644 bonis
698 577 831 656 dauns,
852 593 1040 658 quamnam
1061 575 1253 658 posonen,
1275 582 1384 641 amen

377 786 397 832 1.
419 781 474 846 [quo
491 780 565 832 eclam
582 781 632 846 El]
651 780 716 846 quod
731 781 792 844 (em.
810 779 893 842 reluta)
911 781 986 832 catari
1019 789 1075 845 porr
1092 795 1141 830 orn.
1159 779 1180 830 P

305 957 444 1030 ipsumque
455 955 589 1012 honestam
601 953 693 1032 (quod
701 973 776 1012 uuus
782 954 933 1012 Manutius
945 953 1092 1012 intellexit
1102 961 1133 1010 et
1142 953 1382 1029 interpungendo

304 1039 504 1116 significavit),
523 1039 739 1116 coniungebant
750 1039 836 1099 haec:
859 1043 946 1098 menia
957 1040 1099 1114 refererdo
1109 1049 1171 1098 auct
1187 1040 1383 1113 imestrfocto

305 1124 397 1206 (unde
419 1125 558 1202 scripturn
581 1134 627 1184 est
647 1127 788 1200 msosndo
809 1135 872 1182 sart
893 1128 980 1182 onnia
1003 1126 1108 1183 bonae
1122 1121 1226 1202 surm).
1276 1125 1383 1198 Atque

304 1209 354 1268 sic·
368 1210 399 1266 in
422 1211 544 1270 eandem
567 1209 742 1270 sententium
763 1209 917 1268 relativam
941 1210 1112 1268 trahebatur
1133 1209 1221 1268 etiam
1244 1207 1384 1288 (propter

304 1292 369 1370 que)
391 1299 479 1372 merem
501 1297 646 1366 mustum,
668 1304 702 1353 ut
723 1295 860 1375 apodoais
882 1295 1025 1371 inciperet
1045 1313 1065 1351 a
1085 1314 1259 1370 quamquam.
1281 1294 1381 1368 Atqui

304 1381 526 1458 perversissime
549 1380 620 1438 dici:
649 1383 679 1438 id
700 1381 809 1453 bonum,
837 1383 876 1440 ud
897 1383 971 1456 quod
991 1383 1079 1439 onemo
1100 1383 1254 1455 crocatur
1275 1381 1384 1438 horrete

298 1467 380 1541 sacar
401 1475 425 1524 et
446 1469 535 1542 speum
556 1467 701 1537 bonarum,
725 1483 791 1524 cum
812 1465 869 1525 hoc
891 1465 1045 1524 honesturn
1067 1465 1162 1541 ipsum
1185 1465 1382 1526 illudbouum

305 1551 344 1609 sit
366 1549 412 1630 (et
433 1551 551 1610 additur
572 1552 676 1610 etiam
698 1554 772 1626 quod
793 1553 878 1608 solam
899 1553 927 1608 io
948 1553 1023 1608 murs
1045 1549 1180 1628 duorlar),
1204 1550 1296 1608 sensit
1316 1550 1382 1607 Da·

305 1636 412 1706 viaius.¹
446 1637 497 1711 qui
527 1636 639 1711 aliquid
662 1645 760 1695 tamen
782 1655 820 1696 ex
842 1645 942 1696 vetere
964 1636 1152 1712 pbilosophis
1173 1635 1381 1712 intellegebam

304 1721 406 1796 itaque
428 1721 500 1780 forti
521 1722 651 1782 remedio
673 1741 705 1780 se
728 1721 919 1797 expediebat,
942 1731 988 1794 ut,
1022 1721 1126 1780 deletis
1154 1721 1253 1780 verbis
1275 1722 1383 1778 aanor

299 1810 395 1882 Jircta,
416 1808 574 1866 scriberet:
606 1811 694 1883 ι’ρειιηι
715 1809 853 1866 demetam
874 1809 982 1882 quidem
1003 1816 1058 1864 cet.
1103 1806 1196 1885 (Quid
1218 1806 1290 1864 haec
1312 1823 1382 1881 par·

305 1892 395 1952 ticula
417 1892 465 1952 hic
486 1901 596 1968 ageret,
619 1911 678 1950 non
701 1889 845 1970 curabat)
890 1892 968 1966 Quid
989 1889 1188 1950 recentiores?
1209 1893 1311 1948 Verba
1327 1890 1383 1948 illa

306 1978 454 2048 damnant,
478 1976 571 2038 Gaius
593 1987 622 2036 et
644 1978 821 2053 posteriores
843 1977 950 2049 delent,
973 1977 1101 2035 retinent
1110 1979 1260 2052 ipsumque,
1282 1976 1381 2046 idest,

305 2071 398 2121 totam
419 2061 500 2120 illem
522 2063 707 2139 pravitatem,
729 2071 850 2138 propter
861 2081 948 2137 quum
958 2062 1012 2120 ille
1022 2063 1163 2122 Davisius
1175 2061 1293 2120 molitus
1307 2069 1381 2118 erat.

305 2149 392 2206 Adeo
414 2147 488 2206 nihil
510 2167 548 2206 ex
568 2149 671 2220 rebus,
699 2166 774 2222 quae
802 2157 974 2220 tractantur,
1003 2155 1033 2206 et
1059 2166 1098 2204 ex
1119 2147 1272 2220 sententiis
1292 2146 1381 2204 intel·

306 2233 443 2292 lexerunt
463 2242 516 2292 aut
536 2233 640 2292 saltem
661 2233 833 2310 intellegere
844 2233 1032 2303 studuerunt3
1054 2251 1090 2290 ac
1111 2252 1148 2290 ne
1164 2231 1380 2307 diodoridem,

306 2318 385 2394 qnod
418 2318 455 2376 ad
482 2318 624 2376 orationis
650 2318 775 2378 formam
803 2319 945 2394 pertinet,
967 2318 1113 2390 viderunt,
1136 2319 1238 2376 donati
1262 2335 1380 2387 nomen,

307 2403 386 2478 qued
409 2421 486 2462 nunc
509 2405 624 2465 demum
636 2403 793 2476 inducitur,
816 2423 875 2462 non
896 2422 983 2480 posse
1005 2403 1097 2462 latere
1114 2403 1300 2462 inelusumin
1311 2421 1381 2460 sen·

307 2487 400 2546 tentia
421 2488 474 2546 illa
494 2489 627 2546 relative.
671 2487 779 2566 (Gaius
800 2490 832 2547 in
854 2490 922 2548 Bas.
950 2489 992 2546 ait
1022 2507 1087 2546 esse
1113 2507 1142 2546 ee
1169 2489 1381 2561 torrefacta

306 2574 395 2648 idque
416 2573 626 2650 interpretetur
647 2577 719 2645 scil,
748 2573 939 2632 additamenti
961 2584 1070 2632 notam
1114 2573 1203 2634 Unde'
1228 2573 1317 2649 igitur
1343 2590 1383 2629 ea

307 2660 337 2716 in
359 2659 561 2716 recentissimo
584 2669 613 2718 et
635 2660 735 2718 infirm
758 2659 858 2718 codice
881 2669 998 2718 servata
1019 2669 1079 2728 est,
1113 2677 1179 2716 curn
1205 2659 1236 2716 in
1260 2657 1381 2733 optimis

307 2754 338 2802 et
359 2744 487 2819 antiquis
509 2744 591 2802 nulle
613 2743 710 2803 esset?
744 2744 794 2804 Sic
816 2744 931 2802 infinita
952 2745 988 2802 de
1011 2744 1160 2803 codicibus
1182 2743 1383 2802 inconsidera-

307 2829 419 2888 tissime
426 2830 575 2906 linguntur
586 2839 616 2887 et
624 2839 797 2906 argumenta
807 2831 961 2888 ducuntur.
983 2829 1130 2899 Ceterum,
1143 2829 1258 2904 qualem
1269 2827 1381 2886 Gaium

308 2914 451 2986 novimus,
473 2914 599 2974 fortasse
621 2925 714 2974 totum
736 2915 810 2974 illud
831 2935 860 2974 ae
880 2916 992 2974 nullum
1014 2913 1094 2991 ferit.)

392 3003 467 3074 quud
487 2999 585 3074 subm)
613 3001 706 3059 Solum
727 3019 759 3058 se
781 3001 874 3060 Gaius
896 3000 1044 3060 addidisse
1066 3000 1169 3058 scribit
1190 3017 1227 3056 er
1249 2997 1326 3073 Spin.
1349 3007 1383 3054 et

255 3091 269 3104 '
306 3085 369 3143 Erl.
391 3083 777 3163 [irrumperentur]
809 3088 857 3146 Ac
879 3085 936 3144 nisi
959 3085 1030 3144 haec
1052 3105 1111 3143 vox
1128 3085 1165 3142 ad
1182 3082 1381 3144 Stoicacdoc-

306 3171 401 3228 trinae
424 3171 632 3247 proprietatem
655 3171 875 3248 significandam
897 3171 1023 3242 additur,
1046 3171 1206 3232 totumhoc
1217 3167 1381 3226 membrum

307 3255 395 3314 inane
417 3266 470 3314 est.
516 3255 566 3316 Sic
588 3275 705 3332 quoque
727 3257 800 3314 haee
821 3257 967 3314 sententia
988 3254 1380 3314 relativameritointaute·

307 3340 403 3417 legiae
425 3342 682 3417 reprehensionem
704 3342 840 3410 incurrit;
864 3342 894 3398 id
915 3342 1015 3417 potius
1038 3341 1191 3400 dicandum
1209 3349 1279 3396 erat.
1302 3355 1381 3412 quae

307 3439 395 3486 antea
417 3427 621 3486 convenientia
643 3427 792 3503 appellate
813 3427 861 3498 sit,
884 3428 913 3484 id
931 3445 1007 3486 nunc
1018 3427 1174 3486 honestum
1185 3425 1243 3482 alio
1258 3423 1380 3481 noerius

307 3512 460 3587 appellari,
484 3523 524 3581 ut,
548 3513 682 3586 quaeda
704 3513 756 3570 ille
778 3513 935 3582 dictasint,
959 3513 1063 3570 adhoc
1080 3511 1252 3588 pertineant
1274 3507 1380 3566 Multis

307 3597 402 3654 modis
424 3607 556 3673 apparet,
579 3597 761 3668 Ciceronem,
784 3597 1034 3674 cumpraesertim
1056 3596 1217 3666 festinaret,
1239 3593 1379 3652 iunctio·

307 3702 376 3740 uum
401 3681 567 3741 Stoicarum
589 3683 681 3759 spinis
708 3683 892 3753 haerentem,
926 3683 1014 3742 etiam
1042 3682 1174 3741 oratione
1202 3699 1283 3738 usum
1311 3696 1380 3736 esee

307 3768 458 3843 implicate
480 3777 510 3825 et
532 3787 634 3844 parum
656 3779 803 3826 accurata.

392 3871 557 3928 quamquam
574 3864 638 3928 post
659 3853 757 3930 omtnr)
785 3853 990 3930 progrediente
1012 3863 1117 3912 natura
1139 3863 1168 3910 et
1189 3847 1310 3908 rationis
1330 3848 1379 3904 lu-

308 3939 386 3996 mine
408 3947 527 4009 exorto,
561 3957 627 3996 cum
654 3939 685 3996 in
712 3939 807 4015 primo
837 3938 970 4015 appetitu
998 3957 1056 3996 non
1076 3937 1195 4007 fuisset,
1228 3943 1262 3992 ut
1287 3933 1379 4010 paulo

308 4033 375 4099 post
397 4023 476 4082 dicit.
520 4025 594 4084 Mox
616 4044 666 4082 suc
689 4027 716 4081 vi
735 4023 829 4084 Gzius
857 4023 974 4084 esua
1000 4027 1031 4094 1,
1056 4024 1089 4094 2,
1122 4025 1191 4081 Bes.
1234 4021 1308 4079 Tum
1336 4027 1378 4075 ert

308 4119 376 4183 post
403 4110 468 4166 vribil
499 4110 611 4168 excidit
641 4109 672 4166 in
705 4110 931 4186 repetitionibus
959 4108 1159 4168 Lambinianis
1186 4115 1215 4164 et
1241 4103 1378 4164 omnibns

308 4193 445 4269 deinceps
468 4194 532 4251 edd.
572 4195 710 4252 Seruanda
731 4205 845 4254 tantum
867 4197 940 4252 haec
963 4194 1056 4254 Stoici
1077 4193 1226 4261 dicebant,
1249 4209 1307 4248 nou
1327 4208 1376 4246 er·

304 4281 435 4352 petevrdo3
458 4279 516 4336 vid.
538 4280 576 4338 ad
600 4281 654 4351 20;
676 4291 779 4340 contm
800 4281 991 4357 Peripatetici
1013 4291 1043 4337 et
1064 4277 1242 4338 Academici.
