2944 5040
316 425 380 489 840
735 439 908 487 menaeus
927 439 981 486 vn.

317 613 520 684 meminerant,
544 600 752 688 ἀκροαματικά
775 612 805 668 iu
818 611 953 668 manibus
965 613 1116 669 hominum
1129 623 1158 668 et
1170 630 1234 668 esse
1253 619 1281 666 et
1292 609 1382 668 sitisse

317 718 380 770 nec,
404 699 460 756 nisi
483 697 615 756 homines
639 707 795 771 uhuruque
817 716 910 774 genus
931 697 1112 764 habuissent,
1134 697 1382 754 divisioneusorts

315 785 432 858 fuisse.)
466 785 501 841 In
524 782 596 860 ipsis
619 783 736 856 quidem
760 783 933 840 Aristotelis
945 783 1072 858 scriptis,
1096 783 1210 840 etiamsi
1234 781 1382 838 eastndio-

317 869 431 927 sissima
454 869 552 926 omnia
574 867 703 944 legisset,
726 868 800 924 nihil
822 868 858 924 de
880 869 936 925 hac
958 868 1102 926 divisione
1119 867 1298 944 repperisset
1308 885 1382 941 prae·

316 965 362 1012 ter
384 955 469 1012 valde
493 952 612 1011 dubiam
634 953 725 1022 illam,
749 972 837 1027 quam
860 973 914 1010 nos
937 973 1054 1028 quoque
1076 954 1227 1022 habemus,
1251 949 1307 1008 sois
1324 945 1380 1018 ἔξω

315 1037 435 1115 repexos
463 1028 557 1115 λόγων
584 1039 821 1114 appellationem.
871 1039 948 1096 Nam
978 1051 1012 1096 ut
1039 1039 1167 1096 maxime
1189 1037 1381 1095 concedamus.

316 1124 509 1182 Aristotelem
532 1123 573 1181 sic
596 1124 706 1200 scripte
728 1143 781 1181 sua
803 1124 948 1192 divisisse,
971 1134 1069 1181 tamen
1088 1125 1225 1198 usquein
1238 1121 1381 1180 exotericis

316 1211 457 1281 narravit,
480 1210 551 1284 quid
573 1209 755 1267 reconditum
779 1219 919 1279 servaret,
943 1229 1037 1284 neque
1059 1210 1090 1266 iu
1113 1210 1164 1278 iis,
1188 1227 1264 1283 quae
1286 1207 1381 1264 sibiet

316 1295 377 1352 suis
400 1313 566 1353 reservasse
589 1295 727 1364 creditur,
750 1295 895 1371 ascripsit,
919 1296 992 1352 haec
1014 1315 1074 1353 non
1097 1313 1161 1352 esse
1180 1291 1380 1351 editaeterul·

316 1389 394 1456 gata.
440 1383 560 1448 Verum,
579 1385 616 1436 'ut
637 1381 676 1437 ad
703 1381 733 1437 id
760 1381 892 1451 veniam,
920 1381 999 1455 quod
1028 1400 1117 1456 supra
1144 1380 1298 1456 proposui,
1329 1395 1379 1432 non

317 1465 419 1523 dubito
441 1467 583 1542 profiteri,
608 1465 778 1524 Ciceronem
803 1467 873 1523 mihi
897 1466 990 1523 videri
1013 1467 1146 1542 dialogos
1157 1465 1326 1522 Aristotelis
1336 1482 1379 1536 po·

316 1551 459 1626 puleriter
481 1552 606 1627 scriptos
634 1562 663 1608 et
690 1552 847 1620 rhetorica,
876 1552 983 1626 quibus
1010 1552 1057 1608 hic
1086 1552 1200 1626 Topica
1222 1567 1379 1613 annumero,

316 1647 377 1693 tum
400 1629 552 1700 πολιτείας
574 1636 689 1712 legisse,
713 1635 881 1695 difficiliore
903 1647 1011 1706 autem,
1035 1637 1142 1711 quibus
1159 1637 1254 1693 omnis
1270 1633 1380 1691 interior

316 1721 505 1798 philosophia
527 1722 741 1788 continebatur,
765 1733 817 1780 aut
838 1723 957 1780 omnino
979 1741 1038 1780 uon
1061 1723 1195 1798 attigisse
1217 1731 1276 1788 aut,
1301 1721 1322 1777 si
1332 1719 1379 1774 eli·

316 1807 434 1881 quando
457 1806 597 1882 attigerit,
621 1826 678 1864 non
692 1817 751 1864 tam
763 1809 850 1884 longe
862 1826 1049 1884 progressum
1063 1827 1135 1868 esse.
1148 1817 1180 1863 ut
1191 1808 1255 1882 ipse
1266 1807 1300 1862 de
1319 1804 1378 1861 sub

316 1893 464 1950 tilioribus
487 1892 658 1949 Aristotelis
681 1893 834 1950 sententiis
856 1893 967 1968 aliquid
984 1893 1093 1950 habere
1116 1901 1216 1968 posset
1238 1889 1377 1967 explorati.

316 1977 408 2037 Cuius
430 1977 530 2034 iudicii
552 1978 692 2035 iuvidiam
705 1979 805 2048 leniet,
829 1979 853 2035 si
875 1979 964 2035 modo
975 1979 1061 2036 lechi
1073 1979 1190 2053 poterit.
1215 1979 1249 2034 P.
1257 1975 1378 2043 Victorii,

316 2063 442 2120 hominis
464 2081 559 2137 neque
581 2064 700 2122 audacis
723 2075 752 2120 et
774 2063 907 2140 proiecto
919 2063 1055 2123 Ciceroni
1071 2063 1200 2120 faventis
1219 2073 1248 2119 et
1259 2062 1307 2137 qui
1321 2079 1378 2116 eum

315 2157 410 2218 norat,
434 2148 587 2220 sententia,
611 2149 662 2223 qui
683 2150 721 2206 ad
743 2149 914 2208 Aristotelis
926 2149 993 2206 Eth.
1011 2149 1126 2206 Nicom.
1145 2149 1217 2218 VII,
1240 2149 1285 2219 13,
1306 2147 1378 2205 Cice·

316 2253 417 2291 ronem
451 2233 481 2290 in
515 2234 640 2291 lectione
668 2234 808 2292 librorum
839 2235 1012 2293 Aristotelis
1040 2235 1203 2292 ethicorum
1227 2253 1284 2292 non
1305 2231 1377 2288 valde

315 2328 463 2376 versatum
486 2318 587 2391 fuisse,
609 2321 788 2396 pronuntiet.
822 2320 955 2396 Cogebat
977 2321 1053 2377 enim
1077 2321 1122 2376 vis
1149 2321 1297 2388 veritatis,
1323 2335 1377 2374 cum

315 2413 471 2478 utrumque
494 2403 648 2462 conferret.
693 2407 735 2462 At
757 2406 781 2462 si
804 2406 902 2464 ethica
923 2406 1095 2463 Aristotelis
1107 2405 1213 2463 Cicero
1236 2425 1292 2462 uon
1310 2403 1377 2478 legit

314 2489 365 2563 qui
388 2490 514 2546 ethicam
538 2490 742 2566 philosophiae
764 2501 878 2567 partem
900 2492 1088 2568 praecipuam
1112 2509 1230 2566 semper
1241 2489 1376 2547 iudicarit.

313 2575 406 2632 multo
430 2575 525 2632 minus
548 2576 749 2652 metaphysica
770 2588 822 2634 aut
844 2577 966 2653 physica
988 2585 1039 2634 aut
1061 2577 1096 2633 de
1113 2576 1212 2632 anima
1229 2577 1377 2632 desecare·

313 2661 405 2736 goriis
427 2661 519 2717 libros
537 2661 643 2736 attigit
678 2662 765 2734 Quod
776 2671 889 2719 tantum
913 2662 1006 2724 abest.
1030 2672 1062 2719 ut
1085 2662 1270 2718 mirationem
1282 2661 1376 2717 habere

315 2746 430 2816 debeat,
454 2746 593 2803 admirari
617 2748 782 2822 oportebat,
805 2749 830 2804 si
853 2757 956 2805 contm
972 2756 1058 2804 esset.
1102 2747 1179 2804 Nam
1193 2745 1296 2806 Cicero
1317 2745 1376 2802 adu·

314 2830 427 2888 lescens
450 2831 492 2888 ita
514 2831 729 2908 philosophiam
753 2833 957 2900 adamaverat,
988 2833 1089 2908 itaque
1117 2843 1221 2907 postea
1243 2851 1305 2889 cum
1326 2831 1376 2885 elo·

313 2917 451 2990 quentiae
474 2917 735 2975 exercitationibus
758 2927 788 2978 et
810 2919 935 2994 publicis
958 2919 1083 2995 negotiis
1106 2919 1377 2976 eiusstudiumcou·

312 3001 425 3072 iunxit,
455 3011 488 3059 ut
511 3003 751 3079 praecipuarum,
786 3021 861 3078 quse
889 3013 949 3061 tum
980 3004 1134 3080 vigebant,
1169 3002 1375 3079 disciplinarum

313 3087 480 3144 universam
504 3086 628 3145 formam
652 3107 670 3144 a
692 3089 862 3146 doctoribus
884 3099 914 3146 et
935 3090 981 3160 iis,
1005 3090 1055 3164 qui
1077 3090 1150 3146 haec
1171 3089 1202 3145 in
1226 3088 1375 3145 cer-tesiam

313 3191 442 3230 summas
464 3173 583 3230 redacta
611 3192 669 3230 non
697 3175 797 3232 multis
824 3183 893 3231 ante
915 3175 1062 3232 aetatibus
1084 3185 1290 3249 exposuerant
1311 3170 1376 3228 seci-

313 3269 405 3333 peret,
429 3258 614 3316 obscuriores
636 3258 849 3334 interioresque
871 3260 1076 3336 philosophiae
1098 3271 1197 3335 partes
1220 3258 1375 3316 nonadmo·

313 3344 380 3400 dum
405 3353 639 3419 persequeretur,
663 3345 714 3400 sed
736 3345 865 3402 animum
878 3346 970 3402 aleret
982 3365 1081 3403 eorum
1094 3345 1244 3403 hominum
1263 3341 1373 3418 scriptis,

313 3429 363 3502 qui
386 3448 443 3486 nou
467 3429 554 3486 nimis
576 3438 689 3487 remoto
711 3439 844 3506 tempora
867 3441 918 3488 aut
939 3432 975 3488 de
999 3431 1128 3488 moribus
1150 3430 1281 3507 graviter
1300 3426 1374 3485 simul

312 3523 343 3570 et
365 3533 423 3571 nou
446 3514 564 3571 horride
586 3533 641 3571 nec
663 3514 821 3572 difficulter
843 3517 1045 3592 scripsissent,
1068 3526 1101 3572 ut
1123 3516 1282 3572 Panaetius
1303 3512 1374 3570 Posi·

314 3599 493 3674 doniusque,
528 3609 579 3657 eut
608 3601 770 3676 elegantem
800 3602 994 3659 eruditionem
1018 3601 1268 3677 multiplicemque
1290 3616 1374 3656 rerum

313 3685 509 3760 coguitionem
532 3685 744 3762 adiungerent,
779 3687 912 3744 Platonis
940 3705 1056 3761 qnoque
1083 3688 1226 3744 orationis
1253 3685 1375 3760 copiast

311 3770 472 3846 imaginum
496 3772 648 3828 maiestate
665 3771 763 3847 potius
775 3772 970 3829 delectaretur
991 3791 1078 3846 quam
1091 3773 1165 3847 ipsa,
1189 3790 1264 3846 quse
1281 3771 1331 3828 sub
1346 3768 1373 3824 iis

311 3855 446 3912 involute
468 3865 554 3926 esset,
577 3857 740 3914 subtilitate
762 3857 929 3929 notionum,
959 3858 1136 3931 omninoque
1158 3857 1331 3933 permultum
1350 3853 1373 3908 is

311 3941 500 4016 philosophia
538 3942 722 4015 eloquentiae
761 3942 912 4000 tribueret.
925 3941 953 4021 ¹)
1013 3944 1060 4000 Ita
1094 3941 1231 4000 effectum
1259 3941 1372 3999 animun

312 4026 468 4102 popularia
490 4026 661 4084 Aristotelis
684 4027 794 4104 scripta
817 4038 846 4085 et
867 4027 1016 4086 rhetorica
1031 4027 1119 4085 facile
1141 4027 1317 4096 alliciebant,
1338 4041 1372 4080 cs·

312 4111 426 4168 lebrata
453 4112 627 4188 praesertim
655 4111 736 4169 fama
763 4113 810 4170 vel
837 4115 867 4170 in
891 4113 1040 4170 rhetorum
1064 4113 1188 4182 scholis;
1220 4113 1373 4171 alliciebant

342 4378 361 4438 ¹}
381 4377 432 4430 ctr.
452 4381 493 4430 vel
509 4381 537 4430 in
555 4381 602 4430 hoc
621 4397 695 4445 opere
713 4382 755 4434 lib.
771 4383 845 4441 IV,s
860 4393 884 4431 et
901 4387 950 4432 tet
960 4387 1005 4443 lo,
1024 4397 1137 4447 quaeque
1150 4383 1185 4434 ibi
1195 4383 1257 4440 dixi,
1267 4391 1293 4430 ct
1301 4381 1332 4439 V,
1342 4380 1371 4428 10,
