2944 5040
475 435 646 480 erroneus
671 435 698 478 r.
1062 415 1120 478 s31

75 617 115 662 aut
132 618 193 681 post
216 623 283 664 eum
305 607 421 664 vixerit.
453 607 500 664 Ne
522 605 595 663 illud
617 605 732 680 quidem
755 605 1046 680 praetermittendum
1069 615 1122 674 est,

74 691 137 764 quod
156 692 192 748 ed
214 697 229 762 §
251 693 289 748 22
312 701 482 751 annotatum
506 701 559 751 est
582 689 752 750 Ciceronem
776 709 839 747 eam
851 689 1005 748 formulam
1019 689 1122 748 summi

75 776 128 832 boni
149 795 384 848 commemorare,
408 797 482 852 quae
505 777 542 834 ad
559 776 759 851 Antipatrum,
783 775 925 852 Diogenis
937 775 1122 852 discipulum,

73 861 188 928 refertur,
212 863 264 920 sed
286 864 323 920 ab
345 863 410 938 ipso
434 863 566 939 Diogene
596 880 653 918 non
682 861 821 918 abhorret
848 858 914 937 (cir.
937 862 974 917 ed
996 863 1034 932 V,
1060 861 1122 932 20).

73 947 144 1018 Quod
163 957 261 1004 eutem
284 953 298 1018 §
323 949 361 1004 57
385 967 450 1017 eos,
484 947 534 1023 qui
564 958 631 1023 post
653 946 816 1023 Diogenem
838 945 971 1017 fuerunt,
1007 945 1123 1004 Stoicos

71 1045 271 1102 conmemorat,
295 1045 410 1110 poterat
432 1033 581 1108 perfacile,
605 1031 660 1089 etsi
682 1033 712 1088 in
725 1031 877 1090 subtiliore
888 1031 1017 1088 universi
1035 1031 1123 1088 huius

71 1115 125 1174 libri
145 1127 315 1194 argumento
343 1119 505 1196 Diogenem
539 1130 589 1176 eut
622 1117 749 1192 aliquem
778 1117 921 1194 Diogenis
949 1125 1122 1174 sectatorom

70 1201 156 1260 dncem
168 1203 298 1275 haberet,
321 1214 418 1261 tamen
430 1223 467 1261 ex
479 1204 621 1261 Panaetio
633 1211 685 1260 aut
695 1203 864 1274 Posidonio,
878 1221 1001 1277 quorum
1014 1203 1123 1278 scripte

70 1288 147 1362 magis
179 1289 315 1360 triverat,
350 1289 516 1347 huiusmodi
549 1289 676 1364 aliquam
706 1288 879 1345 sententiam
909 1287 944 1345 de
971 1287 1065 1364 glorie
1093 1297 1123 1344 et

69 1371 134 1430 lema
153 1375 269 1432 addere.
314 1374 373 1434 Sed
395 1375 459 1432 sive
480 1375 642 1452 Diogenem
666 1374 728 1432 sive
750 1374 850 1443 alium,
873 1373 935 1432 sive
958 1391 1046 1430 unum
1059 1373 1121 1430 sive

68 1458 151 1530 plnres
174 1459 278 1519 Cicero
300 1460 330 1517 iu
352 1461 407 1517 hoc
429 1461 505 1520 libro
517 1460 718 1536 componendo
730 1469 847 1518 secutus
859 1469 912 1531 cst,
936 1458 1120 1516 videturiam

67 1542 107 1600 ili.
127 1545 201 1602 unde
223 1546 374 1603 materiam
398 1546 530 1623 sumpsit
553 1563 600 1603 res
622 1545 663 1602 ita
674 1554 814 1604 tractatas
824 1545 998 1620 repperisse,
1021 1563 1120 1619 quem·

66 1628 207 1688 admodum
236 1631 315 1706 apud
343 1631 459 1691 Stoicos
485 1631 664 1708 posteriores
690 1631 799 1689 iactum
827 1631 972 1688 interdum
996 1641 1054 1700 est,
1089 1639 1121 1686 ut

65 1715 167 1772 easdem
191 1717 326 1774 notiones
347 1718 480 1793 pluribus
503 1717 596 1775 modis
618 1717 795 1774 constituere
823 1725 853 1774 et
874 1715 1045 1772 confirmare
1073 1733 1120 1772 co-

64 1811 205 1872 narentur,
239 1801 347 1878 partim
375 1804 466 1862 totius
494 1802 666 1878 disciplinae
688 1811 859 1879 perpetuum
884 1801 967 1876 quasi
989 1809 1119 1858 tenorem

63 1897 219 1959 sequentes,
242 1891 350 1963 partim
379 1897 616 1966 argumentorum
639 1887 874 1946 conclusionibus
902 1885 1059 1962 separatim
1082 1885 1119 1942 ed

63 1987 196 2048 qtumque
223 1976 398 2032 sententiam
427 1973 601 2051 excogitatis
628 1985 805 2051 pugnantes,
839 1971 915 2029 unde
942 1970 1029 2029 facile
1056 1971 1120 2027 lieri

62 2065 175 2127 poterat,
197 2067 230 2115 ut
252 2069 282 2116 et
303 2061 420 2136 saepius
442 2060 585 2135 quaedam
608 2061 773 2119 dicerentur
793 2057 855 2116 fere
878 2056 978 2113 eadem
1002 2069 1031 2113 et
1053 2075 1118 2113 sen·

62 2142 158 2200 tentiae
186 2143 376 2204 cohaerentes
409 2146 541 2204 nonnihil
569 2146 786 2204 divellerentur.
836 2141 1012 2200 Huiusmodi
1040 2141 1116 2198 enim

60 2224 161 2301 aliquid
184 2229 324 2288 eccidisse
346 2233 376 2288 in
399 2249 435 2288 ea
455 2241 539 2306 perte
552 2231 637 2290 huius
649 2231 726 2300 libri,
749 2229 799 2286 nbi
811 2231 919 2286 bonum
937 2238 967 2283 et
977 2227 1071 2284 virtus
1088 2237 1118 2283 ot

61 2309 117 2368 linis
139 2315 335 2388 constituitur,
367 2324 398 2373 et
419 2316 646 2393 significavimus
675 2315 725 2398 (ad
754 2320 768 2385 ξ
792 2314 830 2372 25
854 2323 885 2370 et
907 2311 961 2390 34)
984 2321 1014 2368 et
1035 2322 1116 2388 pote-

59 2409 116 2454 rant
138 2400 166 2456 in
189 2419 253 2457 eam
276 2419 337 2458 rem
360 2401 446 2478 plura
467 2403 571 2460 notari.
615 2403 692 2461 Nem
715 2411 745 2459 et
767 2407 781 2472 ξ
805 2401 844 2458 26
868 2408 898 2456 et
920 2399 959 2455 27
983 2415 1117 2454 novaer·

58 2485 237 2555 gumentandi
259 2485 354 2545 forma
376 2487 449 2544 nihil
471 2488 550 2545 eliud
573 2487 712 2559 efficitur,
742 2486 797 2544 nisi
820 2485 898 2561 quod
921 2501 1009 2558 supra
1031 2481 1116 2540 effec-

57 2580 111 2625 mm
133 2581 203 2642 erat,
227 2583 265 2639 et,
288 2581 442 2648 postquam
465 2573 512 2630 hic
523 2575 688 2648 expositum
701 2582 754 2644 est,
777 2569 1035 2630 honestumsolum
1054 2587 1117 2626 esse

57 2652 166 2727 bonum,
189 2667 293 2733 postea
315 2659 344 2734 (§
358 2657 412 2736 36)
434 2677 534 2716 rursus
552 2661 749 2730 confirmatur,
771 2658 925 2714 honestum
948 2673 1001 2730 per
1012 2673 1042 2711 se
1065 2673 1116 2711 ex·

56 2741 204 2811 petendum
227 2761 300 2800 esse.
315 2741 341 2822 ¹)
391 2745 505 2804 Deinde
538 2755 635 2802 autem
664 2743 782 2812 Cicero,
816 2760 882 2800 cum
910 2759 947 2797 ex
975 2739 1117 2815 ampliore

56 2825 157 2901 scripto
179 2825 297 2886 Graeco
319 2837 371 2886 aut
391 2831 524 2905 pluribus
546 2849 659 2887 summa
681 2831 777 2905 capita
799 2827 1019 2896 sententiarum,
1042 2843 1117 2900 quae

54 2909 85 2965 ad
108 2911 192 2969 linem
215 2913 357 2972 bonorum
380 2923 409 2972 ct
430 2935 527 2974 rerum
550 2914 742 2973 differentiam
766 2913 954 2990 pertinerent,
978 2929 1116 2986 excerpe·

54 3007 101 3052 ret.
124 2997 237 3055 duobus
260 2999 333 3057 locis
356 3001 383 3074 (ξ
409 3003 447 3060 35
472 3011 500 3058 ct
522 2999 577 3080 49)
600 3001 711 3074 aliquid
732 2999 932 3076 imprudenter
959 2997 1115 3054 retinuisse

54 3080 172 3150 ridetur,
195 3084 273 3158 quod
295 3084 356 3142 illic
378 3085 502 3145 tortasse
525 3104 589 3142 cum
612 3086 726 3160 reliqua
753 3084 950 3160 disputatione
978 3082 1115 3138 coniunc-

54 3177 108 3224 tum
132 3167 235 3240 luerit,
265 3179 293 3226 et
321 3171 351 3228 in
374 3191 427 3230 suo
460 3172 536 3228 libro
557 3173 599 3228 ita
621 3171 770 3248 posuisse,
804 3179 850 3242 ut,
884 3187 942 3243 quo
969 3167 1116 3242 pertineat

53 3252 154 3323 quidve
176 3255 296 3312 adrem
318 3255 418 3328 iaciat,
441 3277 498 3314 non
521 3267 671 3334 appareat.
703 3257 857 3314 Postremo
874 3255 904 3311 in
922 3253 1017 3309 media
1039 3261 1114 3310 trac·

52 3337 157 3395 tatione
178 3336 236 3395 τῶν
259 3327 431 3418 ἀδιαφόρων
454 3348 468 3414 ξ
492 3343 531 3400 55
555 3343 652 3400 subito
673 3343 815 3400 bonorum
839 3339 1011 3399 divisionem
1032 3339 1114 3412 quusi

50 3422 124 3480 iusto
147 3423 212 3482 loco
234 3427 332 3500 ponit:
356 3427 521 3502 Sequitur
542 3431 589 3486 illa
612 3431 714 3496 divisio,
739 3427 1033 3485 othonorumaliaeint
1049 3434 1113 3486 cet,

50 3525 134 3580 qnam
157 3521 280 3585 apparet
307 3511 347 3568 ibi
375 3515 539 3588 ponendam
566 3513 672 3584 nisse,
706 3513 755 3570 ubi
790 3513 825 3570 de
853 3511 922 3570 boni
944 3509 1063 3567 notione
1086 3519 1116 3566 et

50 3593 214 3652 delinitione
237 3596 397 3670 diceretur,
431 3609 463 3656 nt
491 3599 524 3656 fit
545 3599 623 3674 apud
644 3600 786 3657 Ioannem
811 3597 892 3658 Stob.
921 3591 963 3675 (p.
990 3593 1063 3672 100)
1086 3603 1117 3652 et

49 3677 210 3757 Diogenem
240 3682 339 3739 Laert
367 3681 510 3759 (Vnum
534 3680 621 3765 sqq.).
668 3684 726 3743 Sed
755 3693 806 3742 aut
838 3685 900 3760 ipse
929 3681 1034 3741 Cicero
1067 3680 1115 3737 hic

49 3783 110 3821 earn
133 3767 317 3841 interposuit,
340 3787 405 3826 cum
429 3787 494 3829 sero
517 3770 682 3828 admonitus
705 3779 781 3828 esset
804 3770 902 3839 simili,
926 3786 1012 3841 quam
1036 3771 1050 3836 ξ
1075 3767 1113 3822 56

76 4095 92 4136 ἰ
112 4093 178 4142 Fieri
197 4103 281 4144 tumen
300 4103 395 4158 potest.
414 4104 442 4144 ut
460 4094 548 4144 cicero
567 4095 603 4151 ei,
630 4109 703 4158 quern
720 4093 855 4159 praecipue
874 4089 1030 4154 seqrrebetur,
1050 4085 1113 4136 lomi

111 4163 208 4227 aliquid
227 4164 329 4213 aliunde
347 4178 397 4213 non
416 4170 473 4228 apte
491 4165 657 4212 admiscuerit.
684 4164 723 4212 De
742 4161 886 4212 definitione
904 4159 962 4208 boni
980 4171 1031 4206 non
1045 4165 1115 4205 recto

110 4232 270 4298 locopositu
288 4233 412 4282 noceatis
438 4233 468 4280 ed
492 4233 613 4296 reliquum
634 4231 828 4297 disputationem
848 4227 961 4277 adhibita
978 4225 1078 4289 culpem
1099 4239 1113 4272 n

112 4299 234 4350 Cicerone
252 4303 278 4350 in
298 4299 396 4350 Stoicos
415 4303 532 4349 transtuli
550 4302 574 4364 (ξ
594 4305 644 4364 83),
664 4301 725 4355 iure.
744 4309 772 4347 ut
790 4300 885 4363 opinor.
