2948 5024
329 391 390 455 706
718 407 763 452 nn
786 407 916 454 rmraus
939 407 1009 453 nou.

327 577 420 642 etiam
441 576 610 641 maioribus
632 575 765 653 minora,
788 575 938 640 maximae
961 581 1064 640 autem
1094 583 1167 640 sunt
1188 577 1336 657 primum,
1361 585 1388 638 ut

327 679 401 744 mihi
423 679 547 760 quidem
570 679 691 742 videtur
702 684 734 742 et
743 677 791 756 iis,
814 697 945 758 quorum
958 695 1038 742 nunc
1055 677 1087 741 in
1098 678 1219 743 ratione
1231 697 1387 742 versamur.

327 780 532 846 consideratio
555 779 750 862 cognitioque
771 799 875 844 rerum
898 779 1076 844 caelestium
1099 791 1130 844 et
1151 799 1268 858 earum,
1290 798 1387 862 quasa

328 891 441 948 natura
463 883 632 948 occultatae
655 889 687 946 et
707 883 839 947 latentes
861 882 1012 963 indagare
1035 882 1114 946 ratio
1136 891 1256 963 potest,
1289 881 1387 946 deinde

289 987 432 1050 ererum
454 985 647 1066 publicarum
669 984 896 1049 administratio
924 993 979 1049 aut
1006 983 1242 1048 administrandi
1265 985 1387 1049 scientia

328 1095 393 1152 tum
415 1089 561 1169 prudens,
583 1093 766 1168 temperata,
788 1085 886 1165 fortis,
909 1087 991 1151 iusta
1008 1087 1096 1166 ratio,
1118 1086 1316 1170 reliquaeque
1336 1087 1386 1149 dr-

415 1279 435 1324 1.
459 1273 585 1324 maionem
603 1274 728 1324 minoribns
747 1275 768 1322 E
791 1274 883 1340 miuoqa
901 1273 1027 1323 ineundas
1046 1273 1176 1325 LPCROr.
1256 1275 1387 1324 mammo

328 1349 350 1395 2.
369 1343 405 1392 Ιιῐε
423 1343 536 1395 necor.
588 1343 752 1392 versarcturE
796 1348 819 1392 8.
838 1344 965 1408 coquitr'cue
983 1361 1021 1404 qne
1041 1345 1070 1407 E)
1088 1359 1175 1392 omnes
1216 1349 1238 1392 4.
1257 1343 1387 1393 οοωᾱαεΒ

328 1417 350 1460 5.
369 1411 555 1461 αάηιίηἱεϊναιιᾱί
570 1411 703 1475 sciendique
719 1411 825 1475 prudens
843 1413 933 1461 LPCR
995 1417 1016 1459 6.
1040 1413 1102 1472 sorti
1121 1412 1144 1461 ai
1164 1413 1229 1462 iusta
1247 1413 1269 1461 E
1285 1413 1356 1478 sorti
1370 1419 1387 1456 d

326 1481 389 1530 iusta
406 1481 518 1532 PCROr.
529 1481 650 1544 ¹sternisque
667 1489 690 1529 et
706 1480 770 1530 iusta
787 1480 808 1530 L

327 1639 399 1696 sime
422 1639 615 1708 omitteretur,
639 1638 664 1695 si
686 1655 721 1694 ea
742 1637 791 1694 hic
807 1638 994 1706 consisteret;
1018 1655 1072 1694 nec
1087 1637 1175 1694 facile
1192 1639 1344 1714 quisquam
1362 1637 1386 1692 in

328 1725 394 1794 §36
418 1723 518 1793 ferret,
541 1725 650 1781 omisso
672 1733 743 1794 auru,
767 1722 809 1778 sic
826 1716 897 1779 dicii
921 1725 1108 1779 Auimioutem
1121 1759 1147 1764 -
1169 1727 1265 1798 plures
1281 1729 1386 1780 odontes.

327 1811 393 1867 Hoc
421 1818 582 1878 senserant,
604 1808 695 1883 quiin
708 1808 821 1865 duobus
834 1807 902 1865 Gzii
915 1809 998 1865 codd.
1021 1809 1196 1866 addiderunt
1207 1819 1278 1878 suant,
1301 1808 1386 1864 nescio

326 1914 384 1971 quo
407 1895 488 1964 loc03
512 1895 563 1952 sed
575 1895 616 1951 sie
634 1895 706 1950 haec
726 1894 946 1963 continuantur,
970 1895 1049 1968 quod
1060 1895 1295 1971 interpungendo
1311 1893 1387 1970 signi·

326 1980 422 2052 ficari,
435 1989 468 2036 ut
480 1999 517 2036 ex
528 1980 583 2036 hoc
597 1980 727 2036 membro
739 1979 860 2036 verbnm
878 1990 940 2036 artat
956 1989 1068 2036 tantum
1087 1980 1115 2035 in
1128 1981 1295 2055 proximum
1316 1977 1386 2036 dida-

326 2075 417 2124 ratur.
448 2064 559 2143 [Etiam
584 2067 609 2121 B
632 2065 776 2121 maioribus
787 2066 945 2135 oniaco-ibam
968 2059 1385 2138 ed.Cratrnmarioasmnara]

412 2149 588 2225 coquitioqua)
616 2152 652 2208 In
675 2150 738 2207 cod.
761 2150 841 2206 arch.
864 2160 927 2207 erat
948 2155 1089 2223 coqnitiooe
1112 2147 1161 2230 (ut
1182 2151 1213 2207 in
1231 2150 1323 2222 Oxx„
1344 2169 1386 2205 ex·

326 2245 412 2312 cepto
425 2231 449 2305 ξ,
473 2235 606 2306 Gaiania
629 2236 654 2293 si
665 2235 723 2311 ipsi
735 2236 889 2306 credimus,
913 2245 1037 2311 excepto
1050 2236 1128 2295 Gud.
1143 2236 1175 2311 2)
1192 2246 1245 2293 ant
1258 2239 1386 2310 coqm'uoue

327 2324 373 2400 (nt
396 2339 461 2378 cum
473 2322 534 2378 Erl.
547 2319 602 2400 [B]
625 2321 682 2380 Ox.
706 2316 721 2390 ξ
744 2330 773 2378 et
786 2321 864 2380 Gud.
879 2323 925 2392 2);
948 2321 978 2378 in
990 2323 1053 2378 cod.
1066 2323 1141 2379 Mer.
1165 2333 1227 2378 erat
1239 2325 1385 2396 crqr'todora

326 2407 414 2464 solita
425 2406 606 2473 confusione,
629 2408 659 2464 in
672 2407 814 2482 Scaligeri
825 2408 987 2480 aequatione.
1018 2409 1110 2464 Recte
1121 2419 1188 2482 post
1204 2411 1275 2466 Asc.
1286 2405 1385 2483 (1511)

326 2503 357 2550 et
378 2493 452 2550 alios
474 2491 617 2562 Orellius;
641 2511 707 2549 nam
730 2495 1079 2566 cousiderau'ocoquicr'oquc
1100 2494 1217 2569 (quaee
1234 2493 1387 2551 considera·

326 2579 406 2636 tione
428 2577 534 2652 oritur)
557 2579 722 2635 necessario
734 2578 959 2654 coniunguntur,
983 2587 1015 2634 ut
1038 2581 1122 2647 §lh
1144 2582 1171 2635 ia
1188 2581 1386 2654 contemplatione

327 2675 351 2722 et
372 2667 515 2737 coquitr'oae
536 2683 634 2732 amorre,
658 2662 716 2722 Off.
739 2665 763 2733 Ι,
785 2664 858 2720 153:
881 2667 992 2736 coquitio
1017 2667 1253 2740 contemplatioque
1272 2675 1385 2721 nnana:

326 2749 449 2806 ridicule
472 2749 543 2806 Piso
566 2750 715 2823 optionem
737 2749 834 2819 daret,
857 2759 954 2806 utrum
977 2749 1043 2823 quis
1065 2749 1251 2806 considerare
1262 2747 1385 2806 caelestia

309 2853 365 2898 'an
387 2851 563 2910 cognoscere
586 2835 683 2891 vellet.
718 2835 818 2910 Longe
841 2835 926 2891 aliter
943 2835 1032 2910 paulo
1054 2845 1121 2910 post
1143 2835 1264 2892 dicitur:
1289 2847 1335 2891 out
1354 2831 1385 2905 (si

326 2940 388 2977 rem
411 2919 558 2996 publicam
586 2939 645 2976 non
672 2939 776 2996 reapse
804 2921 1005 2991 administren,
1047 2921 1165 2998 saltem)
1192 2919 1387 2978 administrandi

327 3009 444 3063 amandu.
478 3006 573 3062 Paulo
595 3014 663 3081 post
684 3009 829 3063 occultatus
851 3015 1009 3064 annotatur
1029 3005 1060 3062 in
1082 3025 1139 3082 mg.
1163 3005 1244 3066 Crat.
1266 3007 1342 3084 (nam
1361 3003 1385 3059 in

327 3101 468 3150 contextu
490 3100 562 3162 erat,
586 3091 665 3165 quod
687 3092 717 3147 in
740 3091 780 3167 R)
808 3101 876 3148 ete
899 3092 962 3148 cod.
985 3093 1061 3149 Mor.

412 3180 535 3247 suartio,
558 3187 613 3234 tum
630 3173 769 3256 prandens)
793 3177 859 3233 Hoc
882 3195 897 3233 e
920 3177 1089 3234 melioribus
1106 3177 1256 3234 codicibus
1273 3175 1341 3254 (Erl.
1363 3183 1385 3228 et

329 3263 406 3338 Spir.
414 3261 478 3340 [B],
492 3281 507 3318 e
520 3263 626 3336 quibus
633 3261 726 3320 Gaius
737 3261 851 3337 profert
861 3265 970 3320 scientia
981 3283 1049 3334 cum,
1062 3281 1119 3338 mg.
1127 3261 1217 3332 (nac,
1231 3263 1309 3320 codd.
1320 3261 1385 3317 Mor.

328 3359 358 3406 et
370 3349 456 3419 Soet,
473 3357 574 3404 vetere
585 3347 662 3404 libro
673 3348 809 3418 Munatii,
829 3347 885 3420 El„
902 3358 964 3404 tum
977 3348 1040 3405 Pal.
1054 3345 1087 3426 6)
1103 3349 1235 3405 restituit
1250 3345 1385 3405 Davisius

328 3434 462 3491 Manutio
485 3441 635 3500 monente;
674 3433 787 3507 priores
814 3436 966 3507 sciendique
987 3435 1120 3509 prodacta,
1143 3435 1226 3491 nulla
1248 3431 1385 3491 sententia

328 3518 450 3576 dfinime
473 3518 622 3594 eleganter
644 3518 791 3575 actionum
803 3537 911 3594 genera
928 3519 969 3576 sic
986 3519 1088 3587 dividi,
1111 3527 1144 3575 ut
1156 3520 1282 3594 primum
1294 3515 1386 3575 meum

328 3603 464 3680 agitatio,
500 3612 560 3660 tum
590 3615 686 3660 certae
715 3605 820 3680 agendi
849 3605 988 3660 materiae
1011 3604 1068 3684 (rei
1090 3603 1240 3679 publicae)
1264 3600 1385 3661 tractatio

327 3697 463 3764 ponatur,
487 3698 635 3764 pestremo
658 3698 797 3763 quattuor
813 3689 881 3746 illae
893 3690 998 3766 agendi
1010 3690 1177 3764 qualitates,
1200 3709 1275 3765 qnae
1287 3689 1384 3765 primae

326 3775 451 3832 virtutes
474 3784 550 3844 sunt,
573 3773 660 3832 facile
678 3784 809 3850 apparet.
843 3777 1063 3851 Ratr'opmdena
1086 3787 1232 3850 temperata
1256 3795 1307 3852 pro
1326 3789 1384 3848 pru·

328 3861 440 3926 dantia,
475 3861 670 3934 temperantia
690 3861 779 3936 paulo
802 3861 975 3919 insolentius
1003 3872 1033 3918 et
1054 3862 1172 3918 brevius
1195 3861 1313 3930 dicitnr;
1341 3854 1384 3913 sed

328 3947 415 4002 nimia
437 3946 596 4002 absurdum
619 3953 683 4002 erat
704 3947 733 4003 in
757 3946 904 4004 actionum
928 3947 1084 4023 generibus
1107 3946 1309 4004 enumerandis
1323 3962 1382 4019 pru·

328 4033 430 4088 dentem
452 4033 580 4104 inpendi
600 4035 728 4089 radonem
751 4051 875 4107 ponere;
898 4031 978 4089 aliud
1001 4051 1059 4090 non
1082 4034 1265 4109 suppetebat.

406 4119 499 4191 sortis,
523 4119 595 4173 iusta
617 4115 699 4194 rou'o)
723 4117 810 4192 Quod
832 4117 935 4175 inErl.
958 4128 1010 4188 est,
1034 4137 1149 4194 exque
1171 4137 1257 4175 imam
1270 4117 1380 4173 litteram

329 4201 404 4257 male
426 4202 603 4278 geminatam
626 4203 750 4274 detraxi,
773 4221 832 4260 non
855 4203 971 4274 dubito,
995 4205 1080 4278 quin,
1110 4204 1134 4260 si
1157 4204 1281 4260 editores
1301 4207 1382 4256 attan·

328 4285 449 4360 diesent,
472 4287 502 4344 in
525 4289 630 4346 ceteris
653 4289 737 4346 bonis
759 4289 903 4364 reperturi
926 4288 1050 4358 fuerint3
1074 4288 1185 4367 [estin
1208 4287 1262 4366 B;]
1283 4283 1381 4361 quidin

328 4371 422 4428 altera
444 4373 589 4448 scripturo
611 4385 689 4432 esset
710 4375 785 4446 vitii,
809 4374 870 4431 dixi
893 4375 930 4431 ad
941 4376 987 4434 IV
988 4418 996 4444 ,
1011 4375 1060 4432 56.
1089 4375 1184 4432 Paulo
1195 4385 1292 4451 postet
1305 4370 1382 4444 coqui·
