2928 5012
319 339 421 405 LXIV
615 383 619 394 .
763 355 959 402 emersum.

320 527 498 592 Carneades
520 526 620 590 altera
642 526 787 590 standum
810 525 957 605 putabat,
986 524 1132 606 quoniam
1156 522 1275 588 nullum
1298 523 1409 588 visum

318 634 568 717 probabilitatem
590 633 877 715 supergrederetur.
922 635 960 697 In
978 633 1103 714 Topicis
1126 635 1207 714 567,
1229 639 1408 713 postquem

320 745 428 809 Cicero
450 745 490 808 dc
512 761 676 807 causarum
698 742 780 820 loco,
802 742 834 806 id
857 747 914 824 est,
936 742 976 806 de
997 760 1113 823 genere
1135 749 1409 822 argumentorum,

319 871 401 934 quae
423 871 459 916 ex
482 869 595 916 causae
611 851 737 914 notione
748 851 950 928 ducerentur,
973 850 1059 928 dixit,
1081 849 1183 914 addit:
1212 845 1410 914 Cocosates

319 960 389 1023 inscie
409 979 574 1022 coecorum
594 956 657 1022 loeo
676 956 725 1020 dte
746 955 828 1022 loom
848 963 899 1037 est,
923 958 977 1038 qoe'
997 957 1129 1038 affinior
1151 977 1189 1020 ec
1211 956 1319 1021 emtas.
1371 959 1408 1023 Is

320 1069 444 1150 quidem
460 1067 547 1132 iocus
565 1085 625 1130 non
643 1067 824 1131 coniunctus
852 1075 901 1130 est
923 1065 1172 1164 superiori„sed
1183 1065 1277 1146 plane
1300 1065 1410 1145 idem;

321 1177 376 1241 sed
397 1175 482 1240 aliud
504 1174 611 1240 Cicero
634 1175 722 1252 dicit,
750 1173 834 1238 alind
856 1175 938 1254 vult3
971 1173 1193 1256 significandus
1222 1173 1304 1238 enim
1332 1188 1411 1238 eret

321 1305 382 1350 non
403 1284 431 1348 is
453 1285 547 1361 locus,
570 1283 623 1364 qui
646 1281 780 1347 efficitur
802 1301 839 1347 ex
862 1283 974 1362 causis,
998 1284 1054 1347 sed
1075 1301 1180 1346 eorum
1201 1280 1297 1358 meus,
1320 1303 1411 1362 quoe

320 1392 492 1473 officimm
524 1411 561 1454 ec
593 1391 706 1470 mosis,
739 1391 772 1454 id
799 1397 862 1470 est,
894 1390 971 1455 illud
1005 1410 1103 1473 genus
1136 1395 1410 1472 argumentorum,

321 1502 404 1582 quod
430 1519 469 1564 ex
496 1500 621 1563 notione
649 1497 777 1563 effectus
805 1499 937 1563 ducitur.
993 1500 1042 1562 De
1070 1497 1188 1564 Officiis
1216 1499 1240 1576 I,
1264 1499 1303 1562 17
1328 1516 1409 1562 cum

321 1607 556 1690 significandum
579 1614 671 1685 esset,
693 1607 767 1689 qnid
789 1607 871 1671 inter
893 1607 1092 1688 prudentiam
1114 1606 1228 1683 (idest,
1250 1606 1411 1671 virtutem

320 1715 537 1799 theoreticam)
565 1724 597 1780 et
625 1723 745 1780 ceteras
767 1714 898 1780 virtutes
921 1715 1104 1796 (practices)
1127 1714 1308 1792 interesset,
1343 1715 1409 1778 de-

321 1825 439 1905 scripta
459 1823 640 1904 pmdentia,
663 1822 708 1887 sic
736 1823 835 1888 oratio
863 1824 977 1904 pergit:
1012 1821 1151 1904 Reliquis
1172 1826 1276 1885 oedem
1298 1821 1410 1886 tetbees

320 1931 481 1996 eoscos
501 1931 688 1995 necessitates
707 1931 884 2010 propositae
910 1936 982 1995 sont
1013 1931 1056 1994 ool
1082 1951 1133 1995 eos
1159 1949 1208 1994 res
1228 1928 1407 2009 paratutas

321 2039 516 2120 tuendosque,
538 2039 649 2119 quiores
670 2039 748 2102 aetio
769 2040 849 2102 antee
870 2040 1046 2103 modestos
1093 2038 1229 2117 Omitto,
1259 2038 1345 2119 quod
1373 2039 1409 2102 in

321 2149 444 2213 dicendi
470 2166 585 2229 genere
613 2168 674 2213 non
707 2148 874 2212 admodum
906 2147 1107 2229 perspicuum
1134 2154 1197 2226 est,
1231 2145 1411 2210 virtutibus

322 2256 524 2321 necessitates
557 2256 737 2338 propositas
770 2257 810 2320 ad
844 2273 895 2320 res
923 2256 1095 2336 parandas;
1131 2256 1188 2320 sed
1220 2255 1291 2335 ipsa
1324 2253 1411 2319 haec

322 2383 427 2428 rerum
459 2364 581 2444 paratio
614 2363 715 2428 aliena
742 2371 791 2428 cst
817 2381 961 2444 magnam
989 2373 1112 2445 partem
1140 2382 1159 2427 a
1187 2361 1410 2442 magnitudine

321 2470 422 2548 animi,
445 2491 577 2552 prorsus
599 2491 673 2536 vero
696 2489 715 2536 a
737 2473 897 2536 modestia
942 2473 1100 2553 Apparet,
1122 2471 1198 2536 iliud
1221 2472 1261 2535 de
1282 2487 1410 2550 peran-

321 2578 371 2644 dis
393 2579 486 2644 rebus
507 2580 539 2644 in
562 2599 754 2644 communem
770 2579 980 2645 definitionem
994 2579 1147 2644 inclusum
1159 2562 1411 2658 esseeproprie

320 2687 455 2752 iustitiae
478 2688 616 2767 notione,
650 2707 743 2770 quam
766 2688 886 2753 versari
914 2688 990 2752 dicit
1016 2688 1048 2752 in
1071 2687 1218 2752 societate
1240 2685 1410 2750 hominurn

322 2796 454 2873 tuenda;
476 2795 591 2876 itaque,
614 2815 683 2860 cum
705 2797 746 2859 ad
768 2796 952 2860 modestiam
972 2804 1156 2876 perventum
1178 2803 1240 2871 est,
1270 2793 1411 2874 cogitur,

320 2902 375 2966 iilo
402 2904 530 2983 omisso,
565 2905 597 2968 id
624 2923 757 2984 ponere,
786 2905 870 2986 quod
893 2922 966 2968 vere
988 2921 1148 2968 commune
1171 2911 1231 2967 est:
1206 2899 1350 2966 soros
1378 2908 1409 2964 ct

322 3015 405 3073 coest
393 3011 494 3073 tostico
516 3015 544 3074 et
565 3011 793 3075 moderetio—
816 3016 938 3074 uasere
938 3032 978 3074 eor
1000 3032 1032 3073 m
1054 3031 1086 3074 eo
1107 3030 1226 3092 penore,
1253 3007 1296 3072 od
1319 3011 1410 3090 quod

322 3117 493 3182 adhibendo
525 3124 567 3183 est
598 3120 676 3183 ectio
704 3119 870 3201 precedent,
903 3139 966 3182 oon
997 3117 1095 3182 solnm
1128 3117 1235 3182 coetos
1262 3117 1405 3199 opitotio.

323 3227 441 3291 Verum
461 3229 506 3292 ita
528 3247 639 3292 rursus
661 3227 705 3308 fit,
729 3237 764 3292 ut
785 3228 843 3292 hoc
864 3228 1056 3292 incommode
1077 3226 1169 3292 unius
1186 3225 1269 3290 virm
1271 3226 1311 3289 tis
1325 3244 1408 3306 prc-

322 3335 425 3416 prium
446 3336 507 3401 dici
529 3336 633 3400 videat
620 3343 680 3414 tur,
704 3355 773 3400 cum
796 3337 872 3401 sitt
873 3337 961 3400 rium.
976 3337 1004 3418 ¹)
1053 3339 1156 3416 Atque
1178 3333 1284 3398 haec
1275 3351 1340 3396 ram
1361 3336 1410 3399 ad

322 3443 511 3508 dicendit
464 3451 511 3508 tot
511 3464 563 3508 um
585 3464 682 3526 genus
704 3445 870 3524 pertinent,
893 3445 986 3526 quod,
1008 3443 1077 3508 fieri
1098 3447 1286 3524 nonpotest,
1309 3451 1348 3504 ut
1371 3443 1408 3506 in

322 3551 378 3615 tali
401 3553 624 3616 sententiarum
647 3553 767 3616 ratione
795 3571 919 3633 semper
942 3558 1076 3630 certum,
1104 3549 1248 3631 aequale,
1276 3551 1409 3630 perspi-

323 3677 414 3724 cuum
437 3659 521 3738 fluat,
544 3661 685 3741 quemvis
708 3660 749 3724 sit
771 3660 878 3724 Cicero
901 3659 1057 3724 scribendi
1079 3665 1111 3724 et
1133 3657 1256 3723 dicendi
1278 3655 1407 3721 artifex.

354 3981 373 4040 ¹)
393 3981 445 4029 Non
466 3995 572 4044 possum
593 3994 642 4030 non
662 3981 784 4044 profiteri,
804 3984 829 4029 in
849 3993 879 4028 eo
897 3980 972 4040 libro,
992 3983 1034 4042 qul
1054 3995 1068 4029 a
1088 3979 1176 4029 multis
1188 3978 1261 4028 vaide
1272 3976 1409 4026 subtiliter

393 4069 503 4129 scriptus
522 4067 658 4124 iudicatur,
677 4067 810 4116 Oratorem
829 4067 895 4124 dico,
914 4066 1042 4129 permulta
1062 4065 1125 4114 mihi
1146 4064 1226 4114 rideri
1245 4062 1409 4112 esseerhnc

392 4153 488 4200 incerto
508 4158 532 4200 et
551 4152 684 4200 fluctuanti
704 4153 800 4210 forms,
828 4152 890 4201 dum
915 4153 1035 4201 Ciceroni
1060 4163 1111 4199 oon
1136 4153 1280 4211 contingat,
1309 4153 1337 4197 nt
1360 4157 1408 4196 aut

393 4239 515 4286 orationis
525 4242 875 4299 generumsutnnmerornm
884 4239 1055 4286 oratoriorum
1065 4240 1090 4283 et
1098 4237 1259 4298 poeticorum
1270 4235 1408 4283 notionem

393 4322 512 4372 stabilem
530 4322 624 4372 etssciat
638 4327 667 4398 ⁸et
683 4327 777 4372 teneat.
