2938 5020
336 393 395 455 126
725 407 769 452 nn
792 405 922 452 rrnrnus
946 405 1015 450 nos.

333 579 452 660 pariter
473 577 613 642 dolemus
636 574 813 656 angoribus,
858 576 908 638 68.
933 574 1084 652 Quocirca
1107 575 1215 638 eodem
1243 575 1335 639 modo
1359 591 1406 637 sa·

334 681 423 762 piens
445 680 507 745 erit
527 679 655 743 allectus
677 695 752 758 erga
774 677 914 754 anticum,
936 695 998 758 quo
1021 677 1052 740 in
1076 695 1109 740 sc
1130 677 1247 756 ipsum,
1271 694 1407 756 quosque

334 783 457 847 labores
467 789 599 863 propter
615 799 703 844 suam
713 779 906 860 voluptatem
917 779 1099 859 susciperet
1121 779 1247 843 cosdem
1264 778 1408 858 suscipiet

334 893 466 966 propter
487 883 577 947 aurici
599 881 799 963 voluptatem
834 883 983 962 Quaeque
1004 881 1043 945 de
1059 880 1409 956 viruriibusdictasunt,

296 985 593 1068 ¹squamadmodum
616 1003 672 1048 eae
694 1003 817 1065 semper
839 983 1050 1065 voluptatibus
1072 983 1280 1060 inhaererent,
1302 983 1408 1048 cedem

335 1089 374 1152 da
396 1087 530 1152 amicitia
552 1087 683 1152 dicenda
705 1093 786 1151 sunt
820 1086 985 1151 Praeclare
996 1086 1076 1150 enim
1087 1085 1242 1166 Epicurus
1253 1084 1301 1149 his
1312 1104 1408 1166 paene

335 1191 453 1254 verbis:
481 1189 636 1267 Eadem,
669 1189 782 1271 inquit,
817 1187 1013 1262 sententia
1046 1187 1292 1252 confirmavit
1330 1187 1408 1250 ani·

405 1365 426 1414 l.
445 1379 498 1425 rap.
519 1360 569 1411 aod.
588 1360 657 1410 prodo
676 1361 696 1408 L
742 1365 765 1407 8.
784 1359 912 1424 sasccperit
931 1367 985 1424 (pro
1003 1363 1141 1424 susciperer)
1160 1357 1324 1408 LPMCROr.
1361 1375 1409 1409 urs·

336 1431 422 1495 caperet
446 1443 500 1495 ipro
517 1429 637 1494 suscipiet)
661 1429 682 1476 E
705 1427 800 1492 recipiet
817 1427 915 1480 mcor.
957 1431 981 1480 a.
998 1427 1043 1476 lnce
1064 1426 1152 1478 Prior.
1171 1425 1230 1476 dccc
1247 1426 1293 1477 EC
1334 1425 1408 1476 uidae

336 1507 386 1548 rent
405 1497 525 1550 LPMGR
594 1503 609 1546 6
637 1496 667 1546 iis
686 1497 714 1546 M
735 1495 823 1564 [penus
842 1497 886 1554 ΔΙ,
902 1513 962 1560 panc
982 1495 1026 1562 M]
1088 1499 1109 1550 t.
1128 1495 1210 1546 cudent
1235 1505 1332 1562 transp.
1357 1505 1410 1545 autc

333 1568 372 1624 *aa
393 1569 410 1616 Ε
428 1567 527 1616 ecr'entr'a
549 1565 710 1634 [marsica

336 1725 385 1780 nbi
409 1724 487 1798 quod
510 1723 618 1780 citatur
640 1724 722 1780 locus
745 1742 781 1779 ex
805 1731 879 1779 orat.
902 1741 956 1797 pro
979 1722 1065 1780 domo
1079 1721 1128 1785 30,
1152 1722 1181 1778 in
1205 1741 1264 1796 quo
1281 1723 1410 1796 sitoeqm

337 1821 372 1871 ou.
396 1821 481 1867 vetus
503 1809 574 1865 mihi
597 1809 744 1865 cantilena
766 1807 898 1864 canenda
920 1817 974 1876 est,
997 1808 1210 1884 priuspurgari
1228 1807 1410 1866 deber-eilias

336 1895 493 1964 orationes,
517 1913 604 1968 qnam
621 1894 657 1950 de
669 1894 705 1951 iis
726 1893 867 1950 iudicium
890 1893 954 1961 flat3
977 1910 1044 1949 nam
1062 1911 1164 1951 omnes
1176 1895 1193 1949 6
1206 1893 1324 1951 codices
1335 1893 1410 1952 Oxx.

337 1979 407 2058 (nec
429 1980 503 2037 alios
526 1979 649 2037 collatos
671 1979 827 2053 habemns)
850 1979 989 2035 omittunt
1012 1989 1048 2048 ut,
1072 1977 1175 2056 [etiam
1194 1979 1340 2050 meliores,
1364 1979 1409 2053 qui

337 2076 441 2142 postea
464 2065 563 2122 collati
587 2063 678 2142 sunt].

424 2153 472 2208 68.
495 2154 648 2226 semiaperet.
671 2152 775 2206 cosdem
798 2146 938 2228 srrscrpr'et)
967 2149 1071 2206 Priore
1094 2150 1159 2206 loco
1182 2151 1274 2206 ceteri
1297 2168 1410 2224 qnoque

337 2237 497 2294 deteriores
519 2240 672 2312 susceperit,
696 2234 915 2300 omnesones,
952 2245 1091 2308 quattuor
1113 2234 1181 2293 Gzii
1213 2241 1298 2312 (ergo
1326 2237 1409 2292 etiam

338 2323 415 2398 Spir.
428 2319 471 2400 ?);
495 2321 761 2397 stram'peretaditum
783 2339 801 2376 a
823 2320 912 2388 Crat„
942 2321 1038 2390 Vict.‚
1073 2319 1174 2379 Grut..
1198 2321 1323 2379 Davisio
1353 2322 1409 2376 sine

337 2408 490 2465 varietatis
512 2407 709 2464 annotatione.
743 2407 849 2463 Altero
871 2407 937 2463 loco
960 2409 1065 2480 recrpr'et
1076 2406 1157 2481 Εχψ.
1181 2417 1321 2481 quattuor
1333 2405 1411 2469 Gzii3

337 2497 476 2568 armcipiet,
500 2513 590 2569 supra
617 2493 727 2568 scripto
749 2513 778 2548 re
800 2493 838 2556 U,
868 2495 973 2566 recepit,
1003 2495 1109 2568 corrpiet
1131 2487 1155 2560 ξ.
1200 2493 1320 2567 Rurpr'ei
1342 2491 1411 2548 asci-

335 2581 379 2636 vit
401 2579 508 2642 Gaius:
542 2578 709 2654 superiores
731 2587 832 2635 tenent
859 2581 984 2653 strscipiet
1006 2595 1060 2634 nec
1083 2577 1242 2652 quidquam
1265 2588 1411 2634 annotant.

335 2667 479 2723 Perverse
507 2665 639 2721 variatur
661 2665 798 2728 verbum,
828 2664 954 2737 primum
977 2683 1030 2738 per
1052 2681 1101 2730 se;
1136 2683 1201 2720 cum
1230 2664 1309 2720 enim
1339 2663 1410 2719 idom

335 2752 504 2825 Torquatus
527 2751 690 2826 sapientem
713 2749 791 2805 dicat
815 2767 868 2805 sue
890 2749 1018 2805 etarnici
1031 2747 1287 2814 causafactmurm,
1312 2749 1409 2805 eodem

336 2837 426 2894 verbo
460 2836 505 2892 bis
539 2835 589 2892 ubi
617 2835 719 2904 debet,
753 2844 786 2890 ut
818 2835 960 2890 orationis
989 2835 1104 2910 pondus
1133 2835 1171 2892 sit
1199 2835 1229 2891 in
1260 2833 1411 2891 contrariis

331 2933 445 2998 pctprter
467 2942 542 2978 suma
567 2923 725 2995 voluptutem
749 2930 777 2976 et
797 2930 910 2995 propter
931 2923 1012 2976 (cradi
1034 2923 1082 2976 ool.
1129 2921 1196 2977 Non
1216 2921 1313 2977 minus
1326 2937 1410 2996 prere

336 3007 469 3066 nonnulli
492 3007 522 3063 in
547 3019 620 3062 orat.
643 3006 679 3062 de
702 3006 804 3080 impar.
829 3006 933 3080 Pomp.
958 3008 996 3062 45
1021 3006 1050 3061 in
1075 3006 1135 3062 his:
1159 3007 1227 3080 quiid
1250 3011 1410 3080 ciructeper-

329 3099 454 3167 s'ectrcrns
476 3096 520 3154 sit.
543 3095 591 3166 qrrr'
613 3102 713 3148 trintum
737 3095 895 3147 ortctoritcte
913 3094 1070 3166 perfecerit.
1095 3092 1217 3148 verbnm
1240 3091 1409 3148 variandum

335 3188 485 3254 putarunt,
510 3178 726 3235 conclusionem
749 3176 895 3233 tollentes.
935 3177 1051 3233 Deinde
1074 3181 1189 3252 recipere
1211 3177 1249 3233 ab
1272 3177 1329 3234 hoc
1351 3176 1411 3231 loco

335 3265 546 3322 alienissimum
571 3275 630 3330 est;
653 3280 721 3319 nam
744 3263 926 3336 recipiuntur
948 3271 1062 3319 tantum
1085 3281 1128 3318 ea.
1151 3281 1228 3335 qnae
1240 3261 1413 3319 demandata

336 3361 363 3406 at
386 3349 496 3406 tradita
518 3350 560 3406 sic
583 3349 774 3424 suscipimmr,
797 3357 830 3404 ut
852 3347 1057 3424 promittamus
1080 3348 1191 3422 aliquid
1219 3359 1248 3404 et
1271 3348 1411 3404 rationem

336 3436 494 3492 debeamus
518 3431 593 3514 (vid.
616 3435 725 3509 disput¹
748 3452 814 3490 mea
835 3433 871 3490 de
882 3434 1024 3501 Aeconia,
1049 3453 1076 3508 p.
1102 3435 1140 3490 98
1163 3433 1248 3506 not),
1272 3433 1411 3490 hocloco

337 3522 372 3578 de
400 3519 552 3578 subeunda
580 3520 665 3576 aroici
695 3537 784 3576 carisa
812 3519 947 3576 molestia
974 3519 1080 3595 offl‘tur.
1124 3519 1202 3576 Tum
1230 3529 1328 3576 autem
1358 3534 1412 3572 non

337 3606 433 3664 minus
456 3606 630 3662 sententiam
655 3605 755 3660 turbat
766 3603 897 3662 futurum
910 3615 1045 3661 exactum
1059 3603 1246 3682 (art.u·eperr't);
1270 3603 1410 3680 significat

336 3692 423 3758 enim,
442 3691 583 3766 quidquid
595 3691 677 3766 prius
689 3691 807 3766 sapiens
819 3709 872 3746 sua
884 3709 973 3746 causa
983 3690 1096 3753 fecerit,
1115 3699 1217 3765 postca
1228 3691 1316 3747 arnici
1329 3705 1412 3746 carisa

335 3777 492 3845 facturum,
515 3777 593 3850 quod
616 3777 746 3851 ineptum
770 3775 927 3833 discrimen
950 3787 1008 3841 est;
1031 3776 1185 3851 potentiali
1202 3776 1411 3852 significatione

336 3863 387 3920 illa
398 3862 493 3920 forma
504 3863 534 3919 in
547 3862 672 3919 relativa
683 3863 829 3918 sententia
841 3863 910 3937 poni
922 3862 1032 3936 nequit,
1057 3881 1121 3918 oum
1138 3863 1168 3918 in
1185 3859 1412 3919 demonstrativa

337 3949 509 4023 simpliciter
520 3945 692 4005 affirmetur.
726 3947 892 4022 Aptissima
903 3957 1006 4004 contra
1018 3947 1229 4004 condicionalis
1241 3944 1411 4022 significatio

337 4045 395 4091 est:
418 4034 570 4108 quidquid,
594 4033 619 4090 si
635 4034 678 4090 ita
694 4051 764 4090 usus
781 4044 873 4100 esset,
897 4051 950 4090 sua
973 4051 1062 4090 causa
1084 4033 1204 4098 iaceret,
1228 4033 1305 4089 idem
1328 4030 1410 4088 faciet

337 4136 423 4175 arnrcr
446 4138 542 4175 consa.

424 4206 602 4276 inhaererent)
625 4204 832 4263 Coniecturam
855 4204 984 4262 Ernestii
1013 4225 1028 4260 e
1060 4205 1202 4261 sermonis
1230 4203 1294 4278 lege
1318 4211 1409 4258 natam

340 4289 492 4348 confirmm
515 4291 603 4347 ctiam
628 4289 706 4364 Spir.
730 4288 775 4366 [et
797 4288 850 4367 A}

427 4376 532 4432 Eodem
555 4379 681 4432 sordentia
704 4378 867 4448 suspiraturd
889 4379 1018 4449 ctttr'aunn)
1042 4377 1091 4434 sic
1117 4376 1203 4438 ..libri
1226 4385 1341 4431 veteres
1362 4371 1409 4426 ali·
