<?xml version="1.0" encoding="UTF-8"?>
<!DOCTYPE html PUBLIC "-//W3C//DTD XHTML 1.0 Transitional//EN"
    "http://www.w3.org/TR/xhtml1/DTD/xhtml1-transitional.dtd">
<html xmlns="http://www.w3.org/1999/xhtml" xml:lang="en" lang="en">
 <head>
  <title>
</title>
<meta http-equiv="Content-Type" content="text/html;charset=utf-8" />
  <meta name='ocr-system' content='tesseract 3.04.00' />
  <meta name='ocr-capabilities' content='ocr_page ocr_carea ocr_par ocr_line ocrx_word'/>
</head>
<body>
  <div class='ocr_page' id='page_1' title='image "./definibusbonoru04cicegoog_0840.png"; bbox 0 0 2948 5024; ppageno 0'>
   <div class='ocr_carea' id='block_1_1' title="bbox 292 288 974 354">
    <p class='ocr_par' dir='ltr' id='par_1_1' title="bbox 292 288 974 354">
     <span class='ocr_line' id='line_1_1' title="bbox 292 288 974 354; baseline 0.001 -3"><span class='ocrx_word' id='word_1_1' title='bbox 292 288 354 354; x_wconf 73' lang='lat' dir='ltr'>tat</span> <span class='ocrx_word' id='word_1_2' title='bbox 684 307 727 352; x_wconf 85' lang='lat' dir='ltr'>uu</span> <span class='ocrx_word' id='word_1_3' title='bbox 750 306 881 354; x_wconf 76' lang='lat' dir='ltr'>smnus</span> <span class='ocrx_word' id='word_1_4' title='bbox 904 307 974 352; x_wconf 83' lang='lat' dir='ltr'>acu.</span> 
     </span>
    </p>
   </div>
   <div class='ocr_carea' id='block_1_2' title="bbox 291 473 1378 763">
    <p class='ocr_par' dir='ltr' id='par_1_2' title="bbox 291 473 1378 763">
     <span class='ocr_line' id='line_1_2' title="bbox 291 473 1376 557; baseline -0.001 -17"><span class='ocrx_word' id='word_1_5' title='bbox 291 475 322 540; x_wconf 94' lang='lat' dir='ltr'>in</span> <span class='ocrx_word' id='word_1_6' title='bbox 334 475 385 540; x_wconf 76' lang='lat' dir='ltr'>Illo</span> <span class='ocrx_word' id='word_1_7' title='bbox 396 475 522 557; x_wconf 88' lang='lat' dir='ltr'>probas.</span> <span class='ocrx_word' id='word_1_8' title='bbox 557 475 678 542; x_wconf 86' lang='lat' dir='ltr'>Scilicet</span> <span class='ocrx_word' id='word_1_9' title='bbox 698 473 972 544; x_wconf 83' lang='lat' dir='ltr'>vocabulisrerum</span> <span class='ocrx_word' id='word_1_10' title='bbox 994 476 1121 542; x_wconf 74' lang='lat' dir='ltr'>mutans</span> <span class='ocrx_word' id='word_1_11' title='bbox 1143 477 1376 542; x_wconf 81' lang='lat' dir='ltr'>inconstantiae</span> 
     </span>
     <span class='ocr_line' id='line_1_3' title="bbox 292 577 1377 661; baseline 0.001 -19"><span class='ocrx_word' id='word_1_12' title='bbox 292 578 407 643; x_wconf 81' lang='lat' dir='ltr'><strong>crimen</strong></span> <span class='ocrx_word' id='word_1_13' title='bbox 429 578 480 644; x_wconf 92' lang='lat' dir='ltr'>ille</span> <span class='ocrx_word' id='word_1_14' title='bbox 502 577 619 661; x_wconf 83' lang='lat' dir='ltr'>effugit,</span> <span class='ocrx_word' id='word_1_15' title='bbox 641 587 698 644; x_wconf 85' lang='lat' dir='ltr'>nos</span> <span class='ocrx_word' id='word_1_16' title='bbox 720 578 858 660; x_wconf 85' lang='lat' dir='ltr'>effugere</span> <span class='ocrx_word' id='word_1_17' title='bbox 879 596 943 643; x_wconf 93' lang='lat' dir='ltr'>non</span> <span class='ocrx_word' id='word_1_18' title='bbox 964 579 1146 660; x_wconf 78' lang='lat' dir='ltr'>possumus!</span> <span class='ocrx_word' id='word_1_19' title='bbox 1174 577 1234 644; x_wconf 91' lang='lat' dir='ltr'>Ille</span> <span class='ocrx_word' id='word_1_20' title='bbox 1260 577 1377 644; x_wconf 83' lang='lat' dir='ltr'>Metelli</span> 
     </span>
     <span class='ocr_line' id='line_1_4' title="bbox 291 681 1378 763; baseline 0.002 -19"><span class='ocrx_word' id='word_1_21' title='bbox 291 681 386 746; x_wconf 84' lang='lat' dir='ltr'>vitam</span> <span class='ocrx_word' id='word_1_22' title='bbox 408 686 502 762; x_wconf 80' lang='lat' dir='ltr'>negat</span> <span class='ocrx_word' id='word_1_23' title='bbox 521 681 690 748; x_wconf 77' lang='lat' dir='ltr'>beatiorem</span> <span class='ocrx_word' id='word_1_24' title='bbox 712 699 805 762; x_wconf 89' lang='lat' dir='ltr'>quam</span> <span class='ocrx_word' id='word_1_25' title='bbox 826 681 953 763; x_wconf 80' lang='lat' dir='ltr'>Reguli3</span> <span class='ocrx_word' id='word_1_26' title='bbox 974 682 1232 763; x_wconf 75' lang='lat' dir='ltr'>praeponendam</span> <span class='ocrx_word' id='word_1_27' title='bbox 1257 687 1378 754; x_wconf 74' lang='lat' dir='ltr'>tamem</span> 
     </span>
    </p>
   </div>
   <div class='ocr_carea' id='block_1_3' title="bbox 364 901 830 969">
    <p class='ocr_par' dir='ltr' id='par_1_3' title="bbox 364 901 830 969">
     <span class='ocr_line' id='line_1_5' title="bbox 364 901 830 969; baseline 0.002 -18"><span class='ocrx_word' id='word_1_28' title='bbox 364 907 384 955; x_wconf 90' lang='grc'>1.</span> <span class='ocrx_word' id='word_1_29' title='bbox 402 903 427 952; x_wconf 80' lang='lat' dir='ltr'>ri</span> <span class='ocrx_word' id='word_1_30' title='bbox 442 906 498 968; x_wconf 76' lang='lat' dir='ltr'>(pro</span> <span class='ocrx_word' id='word_1_31' title='bbox 515 901 614 966; x_wconf 65' lang='lat' dir='ltr'>cedrea)</span> <span class='ocrx_word' id='word_1_32' title='bbox 633 902 656 952; x_wconf 81' lang='grc' dir='ltr'><strong>Ε</strong></span> <span class='ocrx_word' id='word_1_33' title='bbox 692 907 713 952; x_wconf 79' lang='lat'>2.</span> <span class='ocrx_word' id='word_1_34' title='bbox 723 903 791 969; x_wconf 66' lang='lat' dir='ltr'>fleuit</span> <span class='ocrx_word' id='word_1_35' title='bbox 809 902 830 952; x_wconf 78' lang='lat' dir='ltr'>t</span> 
     </span>
    </p>
   </div>
   <div class='ocr_carea' id='block_1_4' title="bbox 293 1109 1447 1188">
    <p class='ocr_par' dir='ltr' id='par_1_4' title="bbox 293 1109 1447 1188">
     <span class='ocr_line' id='line_1_6' title="bbox 293 1109 1447 1188; baseline -0.001 -20"><span class='ocrx_word' id='word_1_36' title='bbox 293 1111 389 1169; x_wconf 90' lang='lat' dir='ltr'>dimus</span> <span class='ocrx_word' id='word_1_37' title='bbox 401 1111 439 1168; x_wconf 90' lang='lat' dir='ltr'>ad</span> <span class='ocrx_word' id='word_1_38' title='bbox 450 1111 492 1183; x_wconf 79' lang='grc' dir='ltr'>ΙΙ,</span> <span class='ocrx_word' id='word_1_39' title='bbox 506 1111 539 1180; x_wconf 83' lang='grc'>3;</span> <span class='ocrx_word' id='word_1_40' title='bbox 561 1109 635 1168; x_wconf 89' lang='lat' dir='ltr'>haec</span> <span class='ocrx_word' id='word_1_41' title='bbox 657 1120 755 1168; x_wconf 91' lang='lat' dir='ltr'>autem</span> <span class='ocrx_word' id='word_1_42' title='bbox 768 1111 972 1188; x_wconf 76' lang='lat' dir='ltr'>praescriptio,</span> <span class='ocrx_word' id='word_1_43' title='bbox 995 1129 1082 1186; x_wconf 89' lang='lat' dir='ltr'>quam</span> <span class='ocrx_word' id='word_1_44' title='bbox 1095 1109 1278 1170; x_wconf 85' lang='lat' dir='ltr'>aCicerone</span> <span class='ocrx_word' id='word_1_45' title='bbox 1292 1110 1378 1168; x_wconf 75' lang='lat' dir='ltr'>etiam</span> <span class='ocrx_word' id='word_1_46' title='bbox 1446 1162 1447 1184; x_wconf 59' lang='lat'>,</span> 
     </span>
    </p>
   </div>
   <div class='ocr_carea' id='block_1_5' title="bbox 292 1187 1448 1274">
    <p class='ocr_par' dir='ltr' id='par_1_5' title="bbox 292 1187 1448 1274">
     <span class='ocr_line' id='line_1_7' title="bbox 292 1187 1448 1274; baseline -0.002 -21"><span class='ocrx_word' id='word_1_47' title='bbox 292 1196 423 1254; x_wconf 83' lang='lat' dir='ltr'>adFam.</span> <span class='ocrx_word' id='word_1_48' title='bbox 442 1197 533 1266; x_wconf 84' lang='lat' dir='ltr'>XIII,</span> <span class='ocrx_word' id='word_1_49' title='bbox 552 1197 601 1266; x_wconf 80' lang='lat'>27,</span> <span class='ocrx_word' id='word_1_50' title='bbox 620 1199 633 1253; x_wconf 97' lang='grc'>1</span> <span class='ocrx_word' id='word_1_51' title='bbox 655 1196 830 1274; x_wconf 84' lang='lat' dir='ltr'>significari,</span> <span class='ocrx_word' id='word_1_52' title='bbox 853 1197 1005 1254; x_wconf 81' lang='lat' dir='ltr'>Manutius</span> <span class='ocrx_word' id='word_1_53' title='bbox 1027 1197 1182 1254; x_wconf 84' lang='lat' dir='ltr'>annotavit</span> <span class='ocrx_word' id='word_1_54' title='bbox 1200 1197 1273 1272; x_wconf 73' lang='lat' dir='ltr'>(aad</span> <span class='ocrx_word' id='word_1_55' title='bbox 1296 1206 1379 1253; x_wconf 76' lang='lat' dir='ltr'>tamer</span> <span class='ocrx_word' id='word_1_56' title='bbox 1446 1187 1448 1212; x_wconf 81' lang='lat'><em>¹</em></span> 
     </span>
    </p>
   </div>
   <div class='ocr_carea' id='block_1_6' title="bbox 292 1283 1379 1358">
    <p class='ocr_par' dir='ltr' id='par_1_6' title="bbox 292 1283 1379 1358">
     <span class='ocr_line' id='line_1_8' title="bbox 292 1283 1379 1358; baseline -0.001 -20"><span class='ocrx_word' id='word_1_57' title='bbox 292 1303 343 1338; x_wconf 84' lang='lat' dir='ltr'>non</span> <span class='ocrx_word' id='word_1_58' title='bbox 366 1301 482 1358; x_wconf 85' lang='lat' dir='ltr'>parcam</span> <span class='ocrx_word' id='word_1_59' title='bbox 509 1301 606 1358; x_wconf 85' lang='lat' dir='ltr'>operae</span> <span class='ocrx_word' id='word_1_60' title='bbox 632 1293 664 1354; x_wconf 72' lang='lat' dir='ltr'>et,</span> <span class='ocrx_word' id='word_1_61' title='bbox 683 1292 712 1339; x_wconf 82' lang='lat' dir='ltr'>ut</span> <span class='ocrx_word' id='word_1_62' title='bbox 733 1302 779 1338; x_wconf 85' lang='lat' dir='ltr'>eos</span> <span class='ocrx_word' id='word_1_63' title='bbox 791 1284 1060 1357; x_wconf 75' lang='lat' dir='ltr'>soletisinsermult&#39;s,</span> <span class='ocrx_word' id='word_1_64' title='bbox 1084 1286 1122 1340; x_wconf 85' lang='lat' dir='ltr'>sic</span> <span class='ocrx_word' id='word_1_65' title='bbox 1140 1302 1186 1358; x_wconf 73' lang='lat' dir='ltr'>eqo</span> <span class='ocrx_word' id='word_1_66' title='bbox 1203 1285 1232 1338; x_wconf 80' lang='lat' dir='ltr'>in</span> <span class='ocrx_word' id='word_1_67' title='bbox 1254 1283 1379 1358; x_wconf 57' lang='lat' dir='ltr'>matum</span> 
     </span>
    </p>
   </div>
   <div class='ocr_carea' id='block_1_7' title="bbox 293 1363 1448 1446">
    <p class='ocr_par' dir='ltr' id='par_1_7' title="bbox 293 1363 1448 1446">
     <span class='ocr_line' id='line_1_9' title="bbox 293 1363 1448 1446; baseline -0.002 -22"><span class='ocrx_word' id='word_1_68' title='bbox 293 1369 332 1424; x_wconf 80' lang='lat' dir='ltr'>cle</span> <span class='ocrx_word' id='word_1_69' title='bbox 353 1371 469 1426; x_wconf 85' lang='lat' dir='ltr'>eadem</span> <span class='ocrx_word' id='word_1_70' title='bbox 491 1389 525 1426; x_wconf 86' lang='lat' dir='ltr'>re</span> <span class='ocrx_word' id='word_1_71' title='bbox 547 1371 616 1425; x_wconf 85' lang='lat' dir='ltr'>alio</span> <span class='ocrx_word' id='word_1_72' title='bbox 638 1363 756 1446; x_wconf 83' lang='lat' dir='ltr'>modo),</span> <span class='ocrx_word' id='word_1_73' title='bbox 780 1377 922 1443; x_wconf 87' lang='lat' dir='ltr'>quantum</span> <span class='ocrx_word' id='word_1_74' title='bbox 940 1368 1109 1426; x_wconf 88' lang='lat' dir='ltr'>coniectura</span> <span class='ocrx_word' id='word_1_75' title='bbox 1126 1385 1288 1443; x_wconf 87' lang='lat' dir='ltr'>assequor,</span> <span class='ocrx_word' id='word_1_76' title='bbox 1313 1368 1379 1424; x_wconf 85' lang='lat' dir='ltr'>data</span> <span class='ocrx_word' id='word_1_77' title='bbox 1446 1369 1448 1400; x_wconf 59' lang='lat'>&#39;³</span> 
     </span>
    </p>
   </div>
   <div class='ocr_carea' id='block_1_8' title="bbox 278 1453 1378 1530">
    <p class='ocr_par' dir='ltr' id='par_1_8' title="bbox 278 1453 1378 1530">
     <span class='ocr_line' id='line_1_10' title="bbox 278 1453 1378 1530; baseline -0.001 -20"><span class='ocrx_word' id='word_1_78' title='bbox 278 1453 413 1528; x_wconf 78' lang='lat' dir='ltr'>‚petitori</span> <span class='ocrx_word' id='word_1_79' title='bbox 434 1454 559 1524; x_wconf 86' lang='lat' dir='ltr'>videtur,</span> <span class='ocrx_word' id='word_1_80' title='bbox 582 1462 615 1510; x_wconf 94' lang='lat' dir='ltr'>ut</span> <span class='ocrx_word' id='word_1_81' title='bbox 638 1454 845 1511; x_wconf 80' lang='lat' dir='ltr'>excluderetur</span> <span class='ocrx_word' id='word_1_82' title='bbox 866 1473 885 1510; x_wconf 89' lang='lat' dir='ltr'>a</span> <span class='ocrx_word' id='word_1_83' title='bbox 907 1463 991 1530; x_wconf 87' lang='lat' dir='ltr'>parte</span> <span class='ocrx_word' id='word_1_84' title='bbox 1013 1454 1085 1522; x_wconf 89' lang='lat' dir='ltr'>eius,</span> <span class='ocrx_word' id='word_1_85' title='bbox 1108 1454 1186 1510; x_wconf 88' lang='lat' dir='ltr'>unde</span> <span class='ocrx_word' id='word_1_86' title='bbox 1209 1463 1378 1529; x_wconf 72' lang='lat' dir='ltr'>peteretur,</span> 
     </span>
    </p>
   </div>
   <div class='ocr_carea' id='block_1_9' title="bbox 293 1535 1447 1614">
    <p class='ocr_par' dir='ltr' id='par_1_9' title="bbox 293 1535 1447 1614">
     <span class='ocr_line' id='line_1_11' title="bbox 293 1535 1447 1614; baseline 0.001 -20"><span class='ocrx_word' id='word_1_87' title='bbox 293 1539 430 1613; x_wconf 89' lang='lat' dir='ltr'>exceptio</span> <span class='ocrx_word' id='word_1_88' title='bbox 441 1539 485 1597; x_wconf 91' lang='lat' dir='ltr'>rei</span> <span class='ocrx_word' id='word_1_89' title='bbox 496 1539 652 1610; x_wconf 88' lang='lat' dir='ltr'>iudicatae,</span> <span class='ocrx_word' id='word_1_90' title='bbox 665 1540 690 1597; x_wconf 88' lang='lat' dir='ltr'>ai</span> <span class='ocrx_word' id='word_1_91' title='bbox 703 1540 769 1614; x_wconf 91' lang='lat' dir='ltr'>quis</span> <span class='ocrx_word' id='word_1_92' title='bbox 781 1539 817 1597; x_wconf 89' lang='lat' dir='ltr'>de</span> <span class='ocrx_word' id='word_1_93' title='bbox 829 1540 930 1596; x_wconf 89' lang='lat' dir='ltr'>eadem</span> <span class='ocrx_word' id='word_1_94' title='bbox 943 1557 985 1610; x_wconf 90' lang='lat' dir='ltr'>re,</span> <span class='ocrx_word' id='word_1_95' title='bbox 1008 1539 1044 1597; x_wconf 90' lang='lat' dir='ltr'>de</span> <span class='ocrx_word' id='word_1_96' title='bbox 1056 1557 1115 1613; x_wconf 92' lang='lat' dir='ltr'>qua</span> <span class='ocrx_word' id='word_1_97' title='bbox 1126 1539 1184 1596; x_wconf 89' lang='lat' dir='ltr'>iam</span> <span class='ocrx_word' id='word_1_98' title='bbox 1197 1549 1306 1608; x_wconf 81' lang='lat' dir='ltr'>antea,</span> <span class='ocrx_word' id='word_1_99' title='bbox 1330 1535 1376 1595; x_wconf 88' lang='lat' dir='ltr'>sed</span> <span class='ocrx_word' id='word_1_100' title='bbox 1446 1569 1447 1572; x_wconf 33' lang='lat'>¹</span> 
     </span>
    </p>
   </div>
   <div class='ocr_carea' id='block_1_10' title="bbox 292 1623 1377 2728">
    <p class='ocr_par' dir='ltr' id='par_1_10' title="bbox 292 1623 1377 2728">
     <span class='ocr_line' id='line_1_12' title="bbox 293 1623 1377 1702; baseline -0.002 -21"><span class='ocrx_word' id='word_1_101' title='bbox 293 1643 331 1681; x_wconf 89' lang='lat' dir='ltr'>ex</span> <span class='ocrx_word' id='word_1_102' title='bbox 353 1624 413 1681; x_wconf 84' lang='lat' dir='ltr'>alia</span> <span class='ocrx_word' id='word_1_103' title='bbox 427 1642 523 1682; x_wconf 85' lang='lat' dir='ltr'>causa</span> <span class='ocrx_word' id='word_1_104' title='bbox 545 1633 654 1702; x_wconf 81' lang='lat' dir='ltr'>agaret.</span> <span class='ocrx_word' id='word_1_105' title='bbox 701 1625 773 1702; x_wconf 80' lang='lat' dir='ltr'>(Qui</span> <span class='ocrx_word' id='word_1_106' title='bbox 801 1625 930 1682; x_wconf 88' lang='lat' dir='ltr'>noudum</span> <span class='ocrx_word' id='word_1_107' title='bbox 954 1623 1063 1684; x_wconf 86' lang='lat' dir='ltr'>Gaium</span> <span class='ocrx_word' id='word_1_108' title='bbox 1087 1633 1182 1696; x_wconf 90' lang='lat' dir='ltr'>norat,</span> <span class='ocrx_word' id='word_1_109' title='bbox 1218 1623 1377 1682; x_wconf 76' lang='lat' dir='ltr'>Manutius</span> 
     </span>
     <span class='ocr_line' id='line_1_13' title="bbox 293 1709 1374 1786; baseline -0.004 -18"><span class='ocrx_word' id='word_1_110' title='bbox 293 1710 555 1786; x_wconf 84' lang='lat' dir='ltr'>praescriptionem</span> <span class='ocrx_word' id='word_1_111' title='bbox 567 1710 817 1786; x_wconf 87' lang='lat' dir='ltr'>interpretabatur</span> <span class='ocrx_word' id='word_1_112' title='bbox 830 1709 1013 1786; x_wconf 83' lang='lat' dir='ltr'>exceptionis</span> <span class='ocrx_word' id='word_1_113' title='bbox 1024 1711 1068 1767; x_wconf 90' lang='lat' dir='ltr'>rei</span> <span class='ocrx_word' id='word_1_114' title='bbox 1080 1710 1227 1768; x_wconf 89' lang='lat' dir='ltr'>iudicatae</span> <span class='ocrx_word' id='word_1_115' title='bbox 1243 1709 1374 1786; x_wconf 83' lang='lat' dir='ltr'>speciem</span> 
     </span>
     <span class='ocr_line' id='line_1_14' title="bbox 293 1795 1375 1872; baseline -0.003 -20"><span class='ocrx_word' id='word_1_116' title='bbox 293 1795 439 1869; x_wconf 85' lang='lat' dir='ltr'>quandam</span> <span class='ocrx_word' id='word_1_117' title='bbox 463 1795 655 1872; x_wconf 83' lang='lat' dir='ltr'>singularem,</span> <span class='ocrx_word' id='word_1_118' title='bbox 690 1815 749 1870; x_wconf 87' lang='lat' dir='ltr'>qua</span> <span class='ocrx_word' id='word_1_119' title='bbox 776 1797 801 1853; x_wconf 93' lang='lat' dir='ltr'>is</span> <span class='ocrx_word' id='word_1_120' title='bbox 823 1807 907 1854; x_wconf 87' lang='lat' dir='ltr'>actor</span> <span class='ocrx_word' id='word_1_121' title='bbox 927 1796 1134 1872; x_wconf 69' lang='lat' dir='ltr'>repelleretur,</span> <span class='ocrx_word' id='word_1_122' title='bbox 1168 1796 1218 1870; x_wconf 88' lang='lat' dir='ltr'>qui</span> <span class='ocrx_word' id='word_1_123' title='bbox 1250 1795 1375 1852; x_wconf 84' lang='lat' dir='ltr'>eandem</span> 
     </span>
     <span class='ocr_line' id='line_1_15' title="bbox 293 1877 1374 1958; baseline -0.003 -21"><span class='ocrx_word' id='word_1_124' title='bbox 293 1901 355 1938; x_wconf 89' lang='lat' dir='ltr'>rem</span> <span class='ocrx_word' id='word_1_125' title='bbox 378 1881 437 1938; x_wconf 84' lang='lat' dir='ltr'>alio</span> <span class='ocrx_word' id='word_1_126' title='bbox 459 1882 545 1939; x_wconf 89' lang='lat' dir='ltr'>modo</span> <span class='ocrx_word' id='word_1_127' title='bbox 568 1882 652 1956; x_wconf 86' lang='lat' dir='ltr'>quasi</span> <span class='ocrx_word' id='word_1_128' title='bbox 675 1881 763 1939; x_wconf 88' lang='lat' dir='ltr'>aliem</span> <span class='ocrx_word' id='word_1_129' title='bbox 787 1881 923 1958; x_wconf 89' lang='lat' dir='ltr'>persequi</span> <span class='ocrx_word' id='word_1_130' title='bbox 943 1889 1109 1939; x_wconf 89' lang='lat' dir='ltr'>conaretur.</span> <span class='ocrx_word' id='word_1_131' title='bbox 1154 1880 1243 1955; x_wconf 80' lang='lat' dir='ltr'>Quod</span> <span class='ocrx_word' id='word_1_132' title='bbox 1268 1899 1310 1938; x_wconf 87' lang='lat' dir='ltr'>ne</span> <span class='ocrx_word' id='word_1_133' title='bbox 1333 1877 1374 1936; x_wconf 89' lang='lat' dir='ltr'>cui</span> 
     </span>
     <span class='ocr_line' id='line_1_16' title="bbox 293 1967 1372 2043; baseline -0.002 -20"><span class='ocrx_word' id='word_1_134' title='bbox 293 1967 416 2042; x_wconf 88' lang='lat' dir='ltr'>posthac</span> <span class='ocrx_word' id='word_1_135' title='bbox 438 1967 527 2024; x_wconf 89' lang='lat' dir='ltr'>etiam</span> <span class='ocrx_word' id='word_1_136' title='bbox 549 1967 674 2042; x_wconf 87' lang='lat' dir='ltr'>placeat,</span> <span class='ocrx_word' id='word_1_137' title='bbox 696 1977 904 2043; x_wconf 86' lang='lat' dir='ltr'>praeterquam</span> <span class='ocrx_word' id='word_1_138' title='bbox 926 1968 1004 2042; x_wconf 89' lang='lat' dir='ltr'>quod</span> <span class='ocrx_word' id='word_1_139' title='bbox 1027 1967 1146 2026; x_wconf 90' lang='lat' dir='ltr'>omniuo</span> <span class='ocrx_word' id='word_1_140' title='bbox 1158 1967 1311 2024; x_wconf 89' lang='lat' dir='ltr'>incertum</span> <span class='ocrx_word' id='word_1_141' title='bbox 1324 1973 1372 2033; x_wconf 81' lang='lat' dir='ltr'>est,</span> 
     </span>
     <span class='ocr_line' id='line_1_17' title="bbox 294 2051 1374 2130; baseline -0.004 -22"><span class='ocrx_word' id='word_1_142' title='bbox 294 2071 362 2109; x_wconf 89' lang='lat' dir='ltr'>num</span> <span class='ocrx_word' id='word_1_143' title='bbox 391 2052 543 2111; x_wconf 80' lang='lat' dir='ltr'>Ciceronis</span> <span class='ocrx_word' id='word_1_144' title='bbox 575 2063 672 2110; x_wconf 87' lang='lat' dir='ltr'>aetate</span> <span class='ocrx_word' id='word_1_145' title='bbox 705 2053 947 2130; x_wconf 85' lang='lat' dir='ltr'>praescriptionis</span> <span class='ocrx_word' id='word_1_146' title='bbox 980 2072 1085 2111; x_wconf 90' lang='lat' dir='ltr'>nomen</span> <span class='ocrx_word' id='word_1_147' title='bbox 1114 2071 1168 2128; x_wconf 90' lang='lat' dir='ltr'>pro</span> <span class='ocrx_word' id='word_1_148' title='bbox 1196 2051 1374 2128; x_wconf 85' lang='lat' dir='ltr'>exceptione</span> 
     </span>
     <span class='ocr_line' id='line_1_18' title="bbox 292 2135 1371 2214; baseline -0.004 -20"><span class='ocrx_word' id='word_1_149' title='bbox 292 2138 402 2195; x_wconf 89' lang='lat' dir='ltr'>dictum</span> <span class='ocrx_word' id='word_1_150' title='bbox 425 2136 531 2206; x_wconf 85' lang='lat' dir='ltr'>fuerit,</span> <span class='ocrx_word' id='word_1_151' title='bbox 566 2147 645 2195; x_wconf 90' lang='lat' dir='ltr'>certe</span> <span class='ocrx_word' id='word_1_152' title='bbox 669 2140 854 2214; x_wconf 69' lang='lat' dir='ltr'>praescribere</span> <span class='ocrx_word' id='word_1_153' title='bbox 881 2142 908 2196; x_wconf 80' lang='lat' dir='ltr'>iu</span> <span class='ocrx_word' id='word_1_154' title='bbox 936 2141 1039 2196; x_wconf 81' lang='lat' dir='ltr'>actione</span> <span class='ocrx_word' id='word_1_155' title='bbox 1066 2149 1118 2197; x_wconf 88' lang='lat' dir='ltr'>aut</span> <span class='ocrx_word' id='word_1_156' title='bbox 1144 2141 1172 2196; x_wconf 79' lang='lat' dir='ltr'>r&#39;n</span> <span class='ocrx_word' id='word_1_157' title='bbox 1187 2140 1320 2213; x_wconf 79' lang='lat' dir='ltr'>formula</span> <span class='ocrx_word' id='word_1_158' title='bbox 1340 2135 1371 2190; x_wconf 87' lang='lat' dir='ltr'>de</span> 
     </span>
     <span class='ocr_line' id='line_1_19' title="bbox 294 2223 1372 2300; baseline -0.004 -20"><span class='ocrx_word' id='word_1_159' title='bbox 294 2223 391 2280; x_wconf 86' lang='lat' dir='ltr'>danda</span> <span class='ocrx_word' id='word_1_160' title='bbox 417 2224 591 2300; x_wconf 78' lang='lat' dir='ltr'>exceptIone</span> <span class='ocrx_word' id='word_1_161' title='bbox 626 2241 720 2298; x_wconf 90' lang='lat' dir='ltr'>neque</span> <span class='ocrx_word' id='word_1_162' title='bbox 751 2232 814 2280; x_wconf 92' lang='lat' dir='ltr'>tum</span> <span class='ocrx_word' id='word_1_163' title='bbox 842 2241 937 2299; x_wconf 89' lang='lat' dir='ltr'>neque</span> <span class='ocrx_word' id='word_1_164' title='bbox 964 2224 1088 2300; x_wconf 89' lang='lat' dir='ltr'>posthac</span> <span class='ocrx_word' id='word_1_165' title='bbox 1115 2225 1225 2281; x_wconf 88' lang='lat' dir='ltr'>dietum</span> <span class='ocrx_word' id='word_1_166' title='bbox 1249 2233 1315 2294; x_wconf 86' lang='lat' dir='ltr'>est;</span> <span class='ocrx_word' id='word_1_167' title='bbox 1347 2229 1372 2276; x_wconf 89' lang='lat' dir='ltr'>et</span> 
     </span>
     <span class='ocr_line' id='line_1_20' title="bbox 294 2307 1370 2385; baseline -0.004 -21"><span class='ocrx_word' id='word_1_168' title='bbox 294 2307 381 2384; x_wconf 86' lang='lat' dir='ltr'>longe</span> <span class='ocrx_word' id='word_1_169' title='bbox 403 2308 490 2366; x_wconf 88' lang='lat' dir='ltr'>aliter</span> <span class='ocrx_word' id='word_1_170' title='bbox 511 2316 574 2366; x_wconf 89' lang='lat' dir='ltr'>tum</span> <span class='ocrx_word' id='word_1_171' title='bbox 596 2309 777 2385; x_wconf 89' lang='lat' dir='ltr'>comparatio</span> <span class='ocrx_word' id='word_1_172' title='bbox 799 2309 914 2367; x_wconf 90' lang='lat' dir='ltr'>institui</span> <span class='ocrx_word' id='word_1_173' title='bbox 937 2309 1064 2367; x_wconf 85' lang='lat' dir='ltr'>debebat</span> <span class='ocrx_word' id='word_1_174' title='bbox 1084 2309 1115 2366; x_wconf 90' lang='lat' dir='ltr'>in</span> <span class='ocrx_word' id='word_1_175' title='bbox 1137 2310 1215 2366; x_wconf 90' lang='lat' dir='ltr'>hunc</span> <span class='ocrx_word' id='word_1_176' title='bbox 1237 2309 1370 2368; x_wconf 87' lang='lat' dir='ltr'>modum:</span> 
     </span>
     <span class='ocr_line' id='line_1_21' title="bbox 294 2393 1373 2474; baseline -0.001 -24"><span class='ocrx_word' id='word_1_177' title='bbox 294 2395 368 2468; x_wconf 84' lang='lat' dir='ltr'>quod</span> <span class='ocrx_word' id='word_1_178' title='bbox 396 2397 422 2450; x_wconf 81' lang='lat' dir='ltr'>in</span> <span class='ocrx_word' id='word_1_179' title='bbox 450 2395 596 2452; x_wconf 70' lang='lat' dir='ltr'>demonibus</span> <span class='ocrx_word' id='word_1_180' title='bbox 628 2413 665 2452; x_wconf 83' lang='lat' dir='ltr'>ue</span> <span class='ocrx_word' id='word_1_181' title='bbox 686 2395 760 2469; x_wconf 84' lang='lat' dir='ltr'>fiat</span> <span class='ocrx_word' id='word_1_182' title='bbox 788 2396 942 2470; x_wconf 81' lang='lat' dir='ltr'>praescribi</span> <span class='ocrx_word' id='word_1_183' title='bbox 963 2393 1091 2474; x_wconf 84' lang='lat' dir='ltr'>(excipi)</span> <span class='ocrx_word' id='word_1_184' title='bbox 1120 2397 1197 2455; x_wconf 80' lang='lat' dir='ltr'>solet,</span> <span class='ocrx_word' id='word_1_185' title='bbox 1225 2397 1262 2452; x_wconf 83' lang='lat' dir='ltr'>de</span> <span class='ocrx_word' id='word_1_186' title='bbox 1286 2395 1373 2452; x_wconf 77' lang='lat' dir='ltr'>endere</span> 
     </span>
     <span class='ocr_line' id='line_1_22' title="bbox 293 2478 1369 2555; baseline -0.004 -19"><span class='ocrx_word' id='word_1_187' title='bbox 293 2487 348 2536; x_wconf 86' lang='lat' dir='ltr'>cet.</span> <span class='ocrx_word' id='word_1_188' title='bbox 393 2478 452 2539; x_wconf 88' lang='lat' dir='ltr'>Sed</span> <span class='ocrx_word' id='word_1_189' title='bbox 474 2480 626 2538; x_wconf 85' lang='lat' dir='ltr'>Manutius</span> <span class='ocrx_word' id='word_1_190' title='bbox 658 2490 689 2538; x_wconf 89' lang='lat' dir='ltr'>et</span> <span class='ocrx_word' id='word_1_191' title='bbox 717 2481 807 2538; x_wconf 88' lang='lat' dir='ltr'>ceteri</span> <span class='ocrx_word' id='word_1_192' title='bbox 835 2489 965 2550; x_wconf 81' lang='lat' dir='ltr'>tantum,</span> <span class='ocrx_word' id='word_1_193' title='bbox 998 2487 1140 2555; x_wconf 88' lang='lat' dir='ltr'>quantum</span> <span class='ocrx_word' id='word_1_194' title='bbox 1171 2489 1238 2536; x_wconf 89' lang='lat' dir='ltr'>ante</span> <span class='ocrx_word' id='word_1_195' title='bbox 1264 2479 1369 2539; x_wconf 88' lang='lat' dir='ltr'>Gaium</span> 
     </span>
     <span class='ocr_line' id='line_1_23' title="bbox 293 2563 1370 2641; baseline 0 -21"><span class='ocrx_word' id='word_1_196' title='bbox 293 2564 444 2622; x_wconf 84' lang='lat' dir='ltr'>inventum</span> <span class='ocrx_word' id='word_1_197' title='bbox 468 2575 613 2641; x_wconf 85' lang='lat' dir='ltr'>poterant,</span> <span class='ocrx_word' id='word_1_198' title='bbox 642 2567 794 2636; x_wconf 81' lang='lat' dir='ltr'>viderunt3</span> <span class='ocrx_word' id='word_1_199' title='bbox 829 2567 852 2622; x_wconf 92' lang='lat' dir='ltr'>si</span> <span class='ocrx_word' id='word_1_200' title='bbox 880 2565 946 2640; x_wconf 88' lang='lat' dir='ltr'>quis</span> <span class='ocrx_word' id='word_1_201' title='bbox 975 2575 1072 2622; x_wconf 89' lang='lat' dir='ltr'>autem</span> <span class='ocrx_word' id='word_1_202' title='bbox 1095 2565 1270 2641; x_wconf 83' lang='lat' dir='ltr'>intellegere</span> <span class='ocrx_word' id='word_1_203' title='bbox 1294 2563 1370 2630; x_wconf 82' lang='lat' dir='ltr'>velit,</span> 
     </span>
     <span class='ocr_line' id='line_1_24' title="bbox 294 2650 1368 2728; baseline -0.002 -22"><span class='ocrx_word' id='word_1_204' title='bbox 294 2650 365 2724; x_wconf 88' lang='lat' dir='ltr'>quid</span> <span class='ocrx_word' id='word_1_205' title='bbox 387 2651 426 2708; x_wconf 88' lang='lat' dir='ltr'>sit</span> <span class='ocrx_word' id='word_1_206' title='bbox 447 2651 477 2708; x_wconf 93' lang='lat' dir='ltr'>in</span> <span class='ocrx_word' id='word_1_207' title='bbox 501 2669 614 2710; x_wconf 88' lang='lat' dir='ltr'>summa</span> <span class='ocrx_word' id='word_1_208' title='bbox 635 2651 803 2728; x_wconf 84' lang='lat' dir='ltr'>ignorantia</span> <span class='ocrx_word' id='word_1_209' title='bbox 824 2651 1009 2727; x_wconf 88' lang='lat' dir='ltr'>impudenter</span> <span class='ocrx_word' id='word_1_210' title='bbox 1021 2651 1135 2727; x_wconf 84' lang='lat' dir='ltr'>nugari,</span> <span class='ocrx_word' id='word_1_211' title='bbox 1159 2651 1184 2724; x_wconf 81' lang='lat' dir='ltr'>is</span> <span class='ocrx_word' id='word_1_212' title='bbox 1198 2651 1273 2708; x_wconf 90' lang='lat' dir='ltr'>mibi</span> <span class='ocrx_word' id='word_1_213' title='bbox 1286 2651 1368 2725; x_wconf 82' lang='lat' dir='ltr'>legat,</span> 
     </span>
    </p>
   </div>
   <div class='ocr_carea' id='block_1_11' title="bbox 195 2734 1369 2812">
    <p class='ocr_par' dir='ltr' id='par_1_11' title="bbox 195 2734 1369 2812">
     <span class='ocr_line' id='line_1_25' title="bbox 195 2734 1369 2812; baseline -0.001 -20"><span class='ocrx_word' id='word_1_214' title='bbox 195 2737 198 2745; x_wconf 61' lang='lat'><strong>⁴</strong></span> <span class='ocrx_word' id='word_1_215' title='bbox 294 2753 370 2810; x_wconf 90' lang='lat' dir='ltr'>quae</span> <span class='ocrx_word' id='word_1_216' title='bbox 386 2734 479 2795; x_wconf 75' lang='lat' dir='ltr'>Gaius</span> <span class='ocrx_word' id='word_1_217' title='bbox 508 2736 556 2794; x_wconf 92' lang='lat' dir='ltr'>hic</span> <span class='ocrx_word' id='word_1_218' title='bbox 584 2736 619 2793; x_wconf 90' lang='lat' dir='ltr'>de</span> <span class='ocrx_word' id='word_1_219' title='bbox 650 2735 804 2806; x_wconf 86' lang='lat' dir='ltr'>,formulis</span> <span class='ocrx_word' id='word_1_220' title='bbox 832 2747 963 2794; x_wconf 87' lang='lat' dir='ltr'>veterum</span> <span class='ocrx_word' id='word_1_221' title='bbox 990 2736 1266 2794; x_wconf 88' lang='lat' dir='ltr'>iurisconsultorum</span> <span class='ocrx_word' id='word_1_222' title='bbox 1292 2751 1369 2812; x_wconf 88' lang='lat' dir='ltr'>prae·</span> 
     </span>
    </p>
   </div>
   <div class='ocr_carea' id='block_1_12' title="bbox 291 2819 1369 3414">
    <p class='ocr_par' dir='ltr' id='par_1_12' title="bbox 291 2819 1369 3414">
     <span class='ocr_line' id='line_1_26' title="bbox 293 2819 1369 2899; baseline -0.002 -21"><span class='ocrx_word' id='word_1_223' title='bbox 293 2821 490 2880; x_wconf 81' lang='lat' dir='ltr'>scribentibus</span> <span class='ocrx_word' id='word_1_224' title='bbox 508 2823 557 2878; x_wconf 86' lang='lat' dir='ltr'>vel</span> <span class='ocrx_word' id='word_1_225' title='bbox 574 2823 818 2899; x_wconf 83' lang='lat' dir='ltr'>prohibentibus“</span> <span class='ocrx_word' id='word_1_226' title='bbox 832 2823 987 2881; x_wconf 85' lang='lat' dir='ltr'>Davisium</span> <span class='ocrx_word' id='word_1_227' title='bbox 1010 2821 1151 2880; x_wconf 80' lang='lat' dir='ltr'>refellens</span> <span class='ocrx_word' id='word_1_228' title='bbox 1172 2821 1300 2898; x_wconf 74' lang='lat' dir='ltr'>namet.)</span> <span class='ocrx_word' id='word_1_229' title='bbox 1337 2819 1369 2876; x_wconf 85' lang='lat' dir='ltr'>In</span> 
     </span>
     <span class='ocr_line' id='line_1_27' title="bbox 293 2905 1367 2983; baseline -0.002 -20"><span class='ocrx_word' id='word_1_230' title='bbox 293 2907 384 2972; x_wconf 81' lang='lat' dir='ltr'>verbo</span> <span class='ocrx_word' id='word_1_231' title='bbox 400 2910 468 2982; x_wconf 83' lang='lat' dir='ltr'>seor&#39;t</span> <span class='ocrx_word' id='word_1_232' title='bbox 490 2909 553 2966; x_wconf 90' lang='lat' dir='ltr'>iura</span> <span class='ocrx_word' id='word_1_233' title='bbox 575 2909 713 2979; x_wconf 89' lang='lat' dir='ltr'>haerent;</span> <span class='ocrx_word' id='word_1_234' title='bbox 737 2927 805 2966; x_wconf 90' lang='lat' dir='ltr'>nam</span> <span class='ocrx_word' id='word_1_235' title='bbox 827 2927 922 2983; x_wconf 91' lang='lat' dir='ltr'>neque</span> <span class='ocrx_word' id='word_1_236' title='bbox 945 2909 1142 2966; x_wconf 83' lang='lat' dir='ltr'>adZenonem</span> <span class='ocrx_word' id='word_1_237' title='bbox 1165 2907 1253 2965; x_wconf 89' lang='lat' dir='ltr'>aliter</span> <span class='ocrx_word' id='word_1_238' title='bbox 1270 2905 1367 2966; x_wconf 85' lang='lat' dir='ltr'>eadam</span> 
     </span>
     <span class='ocr_line' id='line_1_28' title="bbox 294 2990 1368 3069; baseline -0.002 -19"><span class='ocrx_word' id='word_1_239' title='bbox 294 2993 447 3051; x_wconf 89' lang='lat' dir='ltr'>docentem</span> <span class='ocrx_word' id='word_1_240' title='bbox 469 3003 570 3069; x_wconf 91' lang='lat' dir='ltr'>aptum</span> <span class='ocrx_word' id='word_1_241' title='bbox 594 3003 639 3051; x_wconf 87' lang='lat' dir='ltr'>est</span> <span class='ocrx_word' id='word_1_242' title='bbox 654 2996 750 3068; x_wconf 82' lang='lat' dir='ltr'>secere</span> <span class='ocrx_word' id='word_1_243' title='bbox 777 3013 871 3069; x_wconf 89' lang='lat' dir='ltr'>neque</span> <span class='ocrx_word' id='word_1_244' title='bbox 899 2993 937 3051; x_wconf 90' lang='lat' dir='ltr'>ad</span> <span class='ocrx_word' id='word_1_245' title='bbox 964 2993 1137 3064; x_wconf 80' lang='lat' dir='ltr'>Iormulam3</span> <span class='ocrx_word' id='word_1_246' title='bbox 1170 3011 1265 3068; x_wconf 92' lang='lat' dir='ltr'>neque</span> <span class='ocrx_word' id='word_1_247' title='bbox 1297 2990 1368 3050; x_wconf 87' lang='lat' dir='ltr'>enim</span> 
     </span>
     <span class='ocr_line' id='line_1_29' title="bbox 292 3079 1365 3156; baseline 0.001 -21"><span class='ocrx_word' id='word_1_248' title='bbox 292 3079 403 3155; x_wconf 88' lang='lat' dir='ltr'>petitor</span> <span class='ocrx_word' id='word_1_249' title='bbox 413 3081 536 3154; x_wconf 76' lang='lat' dir='ltr'>faciebat</span> <span class='ocrx_word' id='word_1_250' title='bbox 557 3079 616 3137; x_wconf 87' lang='lat' dir='ltr'>alio</span> <span class='ocrx_word' id='word_1_251' title='bbox 639 3080 735 3151; x_wconf 87' lang='lat' dir='ltr'>modo,</span> <span class='ocrx_word' id='word_1_252' title='bbox 759 3079 809 3138; x_wconf 90' lang='lat' dir='ltr'>sed</span> <span class='ocrx_word' id='word_1_253' title='bbox 833 3080 948 3156; x_wconf 80' lang='lat' dir='ltr'>egebat.</span> <span class='ocrx_word' id='word_1_254' title='bbox 992 3080 1097 3154; x_wconf 90' lang='lat' dir='ltr'>ltaque</span> <span class='ocrx_word' id='word_1_255' title='bbox 1120 3079 1246 3137; x_wconf 87' lang='lat' dir='ltr'>Darisio</span> <span class='ocrx_word' id='word_1_256' title='bbox 1274 3079 1365 3154; x_wconf 80' lang='lat' dir='ltr'>place·</span> 
     </span>
     <span class='ocr_line' id='line_1_30' title="bbox 292 3161 1366 3243; baseline -0.003 -23"><span class='ocrx_word' id='word_1_257' title='bbox 292 3165 343 3221; x_wconf 89' lang='lat' dir='ltr'>bat</span> <span class='ocrx_word' id='word_1_258' title='bbox 366 3168 430 3238; x_wconf 59' lang='lat' dir='ltr'>epia</span> <span class='ocrx_word' id='word_1_259' title='bbox 453 3184 554 3222; x_wconf 88' lang='lat' dir='ltr'>verum</span> <span class='ocrx_word' id='word_1_260' title='bbox 578 3183 682 3241; x_wconf 85' lang='lat' dir='ltr'>parum</span> <span class='ocrx_word' id='word_1_261' title='bbox 704 3173 772 3241; x_wconf 87' lang='lat' dir='ltr'>apte</span> <span class='ocrx_word' id='word_1_262' title='bbox 794 3166 834 3236; x_wconf 89' lang='lat' dir='ltr'>id,</span> <span class='ocrx_word' id='word_1_263' title='bbox 857 3165 935 3240; x_wconf 87' lang='lat' dir='ltr'>quod</span> <span class='ocrx_word' id='word_1_264' title='bbox 957 3165 1123 3222; x_wconf 88' lang='lat' dir='ltr'>actionibus</span> <span class='ocrx_word' id='word_1_265' title='bbox 1144 3163 1311 3243; x_wconf 85' lang='lat' dir='ltr'>(universe)</span> <span class='ocrx_word' id='word_1_266' title='bbox 1332 3161 1366 3218; x_wconf 86' lang='lat' dir='ltr'>ai·</span> 
     </span>
     <span class='ocr_line' id='line_1_31' title="bbox 292 3249 1366 3328; baseline 0.002 -23"><span class='ocrx_word' id='word_1_267' title='bbox 292 3249 361 3306; x_wconf 88' lang='lat' dir='ltr'>mile</span> <span class='ocrx_word' id='word_1_268' title='bbox 384 3251 500 3321; x_wconf 90' lang='lat' dir='ltr'>dicitur,</span> <span class='ocrx_word' id='word_1_269' title='bbox 523 3251 620 3327; x_wconf 92' lang='lat' dir='ltr'>ipsum</span> <span class='ocrx_word' id='word_1_270' title='bbox 643 3252 748 3328; x_wconf 87' lang='lat' dir='ltr'>agendi</span> <span class='ocrx_word' id='word_1_271' title='bbox 771 3251 863 3309; x_wconf 87' lang='lat' dir='ltr'>verbo</span> <span class='ocrx_word' id='word_1_272' title='bbox 885 3258 1003 3308; x_wconf 88' lang='lat' dir='ltr'>notatur</span> <span class='ocrx_word' id='word_1_273' title='bbox 1025 3253 1100 3326; x_wconf 74' lang='lat' dir='ltr'>(epit,</span> <span class='ocrx_word' id='word_1_274' title='bbox 1124 3261 1153 3308; x_wconf 86' lang='lat' dir='ltr'>ut</span> <span class='ocrx_word' id='word_1_275' title='bbox 1174 3254 1201 3308; x_wconf 82' lang='lat' dir='ltr'>irr</span> <span class='ocrx_word' id='word_1_276' title='bbox 1223 3249 1366 3308; x_wconf 63' lang='lat' dir='ltr'>aremulus</span> 
     </span>
     <span class='ocr_line' id='line_1_32' title="bbox 291 3325 1363 3414; baseline -0.002 -23"><span class='ocrx_word' id='word_1_277' title='bbox 291 3332 379 3414; x_wconf 90' lang='lat' dir='ltr'>eet.);</span> <span class='ocrx_word' id='word_1_278' title='bbox 398 3325 481 3394; x_wconf 86' lang='lat' dir='ltr'>&#39;recte</span> <span class='ocrx_word' id='word_1_279' title='bbox 493 3336 654 3406; x_wconf 90' lang='lat' dir='ltr'>Manutius,</span> <span class='ocrx_word' id='word_1_280' title='bbox 677 3356 763 3412; x_wconf 90' lang='lat' dir='ltr'>quem</span> <span class='ocrx_word' id='word_1_281' title='bbox 776 3335 929 3394; x_wconf 84' lang='lat' dir='ltr'>Eruestius</span> <span class='ocrx_word' id='word_1_282' title='bbox 948 3344 979 3393; x_wconf 90' lang='lat' dir='ltr'>et</span> <span class='ocrx_word' id='word_1_283' title='bbox 990 3335 1083 3394; x_wconf 79' lang='lat' dir='ltr'>Gaius</span> <span class='ocrx_word' id='word_1_284' title='bbox 1095 3347 1268 3411; x_wconf 83' lang='lat' dir='ltr'>sequuntur,</span> <span class='ocrx_word' id='word_1_285' title='bbox 1291 3351 1363 3393; x_wconf 90' lang='lat' dir='ltr'>eom·</span> 
     </span>
    </p>
   </div>
   <div class='ocr_carea' id='block_1_13' title="bbox 1447 1943 1449 2412">
    <p class='ocr_par' dir='ltr' id='par_1_13' title="bbox 1447 1943 1449 2412">
     <span class='ocr_line' id='line_1_33' title="bbox 1448 1943 1449 1982; baseline 0 0"><span class='ocrx_word' id='word_1_286' title='bbox 1448 1943 1449 1982; x_wconf 80' lang='lat' dir='ltr'>l</span> 
     </span>
     <span class='ocr_line' id='line_1_34' title="bbox 1448 2017 1449 2094; baseline 0 0"><span class='ocrx_word' id='word_1_287' title='bbox 1448 2017 1449 2094; x_wconf 84' lang='lat' dir='ltr'>l</span> 
     </span>
     <span class='ocr_line' id='line_1_35' title="bbox 1448 2157 1449 2196; baseline 0 0"><span class='ocrx_word' id='word_1_288' title='bbox 1448 2157 1449 2196; x_wconf 80' lang='lat' dir='ltr'>l</span> 
     </span>
     <span class='ocr_line' id='line_1_36' title="bbox 1448 2229 1449 2278; baseline 0 0"><span class='ocrx_word' id='word_1_289' title='bbox 1448 2229 1449 2278; x_wconf 84' lang='lat' dir='ltr'>l</span> 
     </span>
     <span class='ocr_line' id='line_1_37' title="bbox 1447 2367 1449 2412; baseline 0 0"><span class='ocrx_word' id='word_1_290' title='bbox 1447 2367 1449 2412; x_wconf 78' lang='lat' dir='ltr'>l</span> 
     </span>
    </p>
   </div>
   <div class='ocr_carea' id='block_1_14' title="bbox 291 3421 1448 3498">
    <p class='ocr_par' dir='ltr' id='par_1_14' title="bbox 291 3421 1448 3498">
     <span class='ocr_line' id='line_1_38' title="bbox 291 3421 1448 3498; baseline -0.004 -20"><span class='ocrx_word' id='word_1_291' title='bbox 291 3431 395 3496; x_wconf 87' lang='lat' dir='ltr'>parato</span> <span class='ocrx_word' id='word_1_292' title='bbox 418 3422 469 3479; x_wconf 93' lang='lat' dir='ltr'>illo</span> <span class='ocrx_word' id='word_1_293' title='bbox 492 3422 557 3480; x_wconf 84' lang='lat' dir='ltr'>lo&#39;co</span> <span class='ocrx_word' id='word_1_294' title='bbox 580 3441 618 3480; x_wconf 87' lang='lat' dir='ltr'>ax</span> <span class='ocrx_word' id='word_1_295' title='bbox 642 3422 726 3498; x_wconf 90' lang='lat' dir='ltr'>epist.</span> <span class='ocrx_word' id='word_1_296' title='bbox 749 3423 786 3479; x_wconf 87' lang='lat' dir='ltr'>ad</span> <span class='ocrx_word' id='word_1_297' title='bbox 809 3423 908 3492; x_wconf 81' lang='lat' dir='ltr'>Fam,</span> <span class='ocrx_word' id='word_1_298' title='bbox 942 3421 994 3479; x_wconf 94' lang='lat' dir='ltr'>ubi</span> <span class='ocrx_word' id='word_1_299' title='bbox 1023 3440 1120 3496; x_wconf 86' lang='lat' dir='ltr'>neque</span> <span class='ocrx_word' id='word_1_300' title='bbox 1141 3425 1249 3497; x_wconf 80' lang='lat' dir='ltr'>focium</span> <span class='ocrx_word' id='word_1_301' title='bbox 1276 3435 1364 3493; x_wconf 81' lang='lat' dir='ltr'>neque</span> <span class='ocrx_word' id='word_1_302' title='bbox 1447 3459 1448 3463; x_wconf 65' lang='lat'>,</span> 
     </span>
    </p>
   </div>
   <div class='ocr_carea' id='block_1_15' title="bbox 290 3507 1363 4270">
    <p class='ocr_par' dir='ltr' id='par_1_15' title="bbox 290 3507 1363 4100">
     <span class='ocr_line' id='line_1_39' title="bbox 291 3507 1361 3583; baseline -0.004 -21"><span class='ocrx_word' id='word_1_303' title='bbox 291 3525 372 3580; x_wconf 82' lang='lat' dir='ltr'>apem</span> <span class='ocrx_word' id='word_1_304' title='bbox 395 3508 523 3583; x_wconf 87' lang='lat' dir='ltr'>ponitur,</span> <span class='ocrx_word' id='word_1_305' title='bbox 540 3511 609 3582; x_wconf 82' lang='lat' dir='ltr'>fecit</span> <span class='ocrx_word' id='word_1_306' title='bbox 631 3508 696 3566; x_wconf 87' lang='lat' dir='ltr'>tolli</span> <span class='ocrx_word' id='word_1_307' title='bbox 708 3508 802 3578; x_wconf 87' lang='lat' dir='ltr'>iussit,</span> <span class='ocrx_word' id='word_1_308' title='bbox 827 3508 959 3565; x_wconf 88' lang='lat' dir='ltr'>additum</span> <span class='ocrx_word' id='word_1_309' title='bbox 981 3507 1361 3565; x_wconf 82' lang='lat' dir='ltr'>alibrariisadorationem</span> 
     </span>
     <span class='ocr_line' id='line_1_40' title="bbox 292 3591 1363 3672; baseline -0.003 -24"><span class='ocrx_word' id='word_1_310' title='bbox 292 3592 478 3668; x_wconf 81' lang='lat' dir='ltr'>explendam.</span> <span class='ocrx_word' id='word_1_311' title='bbox 513 3593 658 3672; x_wconf 89' lang='lat' dir='ltr'>(Orellius</span> <span class='ocrx_word' id='word_1_312' title='bbox 681 3592 753 3650; x_wconf 92' lang='lat' dir='ltr'>mire</span> <span class='ocrx_word' id='word_1_313' title='bbox 776 3593 865 3650; x_wconf 89' lang='lat' dir='ltr'>scribi</span> <span class='ocrx_word' id='word_1_314' title='bbox 878 3594 956 3650; x_wconf 87' lang='lat' dir='ltr'>vult:</span> <span class='ocrx_word' id='word_1_315' title='bbox 986 3594 1015 3650; x_wconf 90' lang='lat' dir='ltr'>V.</span> <span class='ocrx_word' id='word_1_316' title='bbox 1028 3593 1074 3663; x_wconf 78' lang='lat' dir='ltr'>F,</span> <span class='ocrx_word' id='word_1_317' title='bbox 1098 3593 1176 3667; x_wconf 89' lang='lat' dir='ltr'>quod</span> <span class='ocrx_word' id='word_1_318' title='bbox 1188 3591 1363 3650; x_wconf 87' lang='lat' dir='ltr'>sollemniter</span> 
     </span>
     <span class='ocr_line' id='line_1_41' title="bbox 291 3677 1361 3754; baseline -0.003 -20"><span class='ocrx_word' id='word_1_319' title='bbox 291 3678 327 3735; x_wconf 91' lang='lat' dir='ltr'>de</span> <span class='ocrx_word' id='word_1_320' title='bbox 350 3679 523 3754; x_wconf 88' lang='lat' dir='ltr'>magistratu</span> <span class='ocrx_word' id='word_1_321' title='bbox 545 3680 582 3736; x_wconf 84' lang='lat' dir='ltr'>ad</span> <span class='ocrx_word' id='word_1_322' title='bbox 605 3687 738 3736; x_wconf 88' lang='lat' dir='ltr'>sanatum</span> <span class='ocrx_word' id='word_1_323' title='bbox 760 3677 907 3736; x_wconf 84' lang='lat' dir='ltr'>referente</span> <span class='ocrx_word' id='word_1_324' title='bbox 919 3677 1035 3750; x_wconf 88' lang='lat' dir='ltr'>dicitur,</span> <span class='ocrx_word' id='word_1_325' title='bbox 1058 3696 1077 3735; x_wconf 92' lang='lat' dir='ltr'>a</span> <span class='ocrx_word' id='word_1_326' title='bbox 1098 3679 1163 3736; x_wconf 89' lang='lat' dir='ltr'>iure</span> <span class='ocrx_word' id='word_1_327' title='bbox 1180 3687 1210 3735; x_wconf 90' lang='lat' dir='ltr'>et</span> <span class='ocrx_word' id='word_1_328' title='bbox 1221 3677 1361 3754; x_wconf 81' lang='lat' dir='ltr'>litigatore</span> 
     </span>
     <span class='ocr_line' id='line_1_42' title="bbox 290 3755 1360 3846; baseline -0.001 -27"><span class='ocrx_word' id='word_1_329' title='bbox 290 3764 518 3822; x_wconf 87' lang='lat' dir='ltr'>remotissimum</span> <span class='ocrx_word' id='word_1_330' title='bbox 532 3763 600 3839; x_wconf 90' lang='lat' dir='ltr'>est.)</span> <span class='ocrx_word' id='word_1_331' title='bbox 623 3765 770 3821; x_wconf 67' lang='lat' dir='ltr'>Decedam</span> <span class='ocrx_word' id='word_1_332' title='bbox 792 3785 821 3822; x_wconf 86' lang='lat' dir='ltr'>re</span> <span class='ocrx_word' id='word_1_333' title='bbox 843 3760 1115 3846; x_wconf 77' lang='lat' dir='ltr'>(prodereeuclcm)</span> <span class='ocrx_word' id='word_1_334' title='bbox 1138 3782 1175 3821; x_wconf 86' lang='lat' dir='ltr'>err</span> <span class='ocrx_word' id='word_1_335' title='bbox 1188 3763 1249 3821; x_wconf 84' lang='lat' dir='ltr'>Eri.</span> <span class='ocrx_word' id='word_1_336' title='bbox 1274 3760 1317 3845; x_wconf 89' lang='lat' dir='ltr'>[et</span> <span class='ocrx_word' id='word_1_337' title='bbox 1326 3755 1360 3835; x_wconf 91' lang='lat' dir='ltr'>B]</span> 
     </span>
     <span class='ocr_line' id='line_1_43' title="bbox 291 3841 1359 3926; baseline -0.003 -20"><span class='ocrx_word' id='word_1_338' title='bbox 291 3850 412 3926; x_wconf 90' lang='lat' dir='ltr'>sumpsi,</span> <span class='ocrx_word' id='word_1_339' title='bbox 436 3861 468 3907; x_wconf 90' lang='lat' dir='ltr'>ut</span> <span class='ocrx_word' id='word_1_340' title='bbox 490 3850 520 3906; x_wconf 91' lang='lat' dir='ltr'>in</span> <span class='ocrx_word' id='word_1_341' title='bbox 543 3849 670 3926; x_wconf 88' lang='lat' dir='ltr'>epistula</span> <span class='ocrx_word' id='word_1_342' title='bbox 692 3850 745 3908; x_wconf 87' lang='lat' dir='ltr'>illa</span> <span class='ocrx_word' id='word_1_343' title='bbox 767 3841 913 3907; x_wconf 87' lang='lat' dir='ltr'>scribitur&#39;.</span> <span class='ocrx_word' id='word_1_344' title='bbox 958 3851 1031 3907; x_wconf 85' lang='lat' dir='ltr'>Mox</span> <span class='ocrx_word' id='word_1_345' title='bbox 1044 3848 1123 3909; x_wconf 83' lang='lat' dir='ltr'>Gud.</span> <span class='ocrx_word' id='word_1_346' title='bbox 1136 3859 1260 3924; x_wconf 87' lang='lat' dir='ltr'>uterque</span> <span class='ocrx_word' id='word_1_347' title='bbox 1283 3852 1359 3906; x_wconf 63' lang='lat' dir='ltr'>arnim-</span> 
     </span>
     <span class='ocr_line' id='line_1_44' title="bbox 291 3930 1359 4014; baseline -0.001 -24"><span class='ocrx_word' id='word_1_348' title='bbox 291 3939 325 3990; x_wconf 78' lang='lat' dir='ltr'>tr&#39;s</span> <span class='ocrx_word' id='word_1_349' title='bbox 348 3954 402 4010; x_wconf 93' lang='lat' dir='ltr'>pro</span> <span class='ocrx_word' id='word_1_350' title='bbox 424 3943 544 4006; x_wconf 82' lang='lat' dir='ltr'>mutatis,</span> <span class='ocrx_word' id='word_1_351' title='bbox 568 3935 593 3992; x_wconf 94' lang='lat' dir='ltr'>si</span> <span class='ocrx_word' id='word_1_352' title='bbox 616 3945 695 3993; x_wconf 88' lang='lat' dir='ltr'>recte</span> <span class='ocrx_word' id='word_1_353' title='bbox 719 3935 812 3995; x_wconf 77' lang='lat' dir='ltr'>Gaius</span> <span class='ocrx_word' id='word_1_354' title='bbox 835 3936 940 3993; x_wconf 88' lang='lat' dir='ltr'>ductus</span> <span class='ocrx_word' id='word_1_355' title='bbox 963 3935 1100 4012; x_wconf 87' lang='lat' dir='ltr'>(totidem</span> <span class='ocrx_word' id='word_1_356' title='bbox 1123 3936 1201 3992; x_wconf 88' lang='lat' dir='ltr'>enim</span> <span class='ocrx_word' id='word_1_357' title='bbox 1221 3930 1304 4014; x_wconf 84' lang='lat' dir='ltr'>suut)</span> <span class='ocrx_word' id='word_1_358' title='bbox 1324 3931 1359 3988; x_wconf 87' lang='lat' dir='ltr'>di·</span> 
     </span>
     <span class='ocr_line' id='line_1_45' title="bbox 291 4017 990 4100; baseline 0.001 -24"><span class='ocrx_word' id='word_1_359' title='bbox 291 4021 403 4078; x_wconf 84' lang='lat' dir='ltr'>stinxit.</span> <span class='ocrx_word' id='word_1_360' title='bbox 449 4019 499 4100; x_wconf 85' lang='lat' dir='ltr'>[Iu</span> <span class='ocrx_word' id='word_1_361' title='bbox 521 4024 619 4078; x_wconf 76' lang='lat' dir='ltr'>scilicet</span> <span class='ocrx_word' id='word_1_362' title='bbox 641 4041 678 4078; x_wconf 88' lang='lat' dir='ltr'>ex</span> <span class='ocrx_word' id='word_1_363' title='bbox 701 4023 728 4079; x_wconf 93' lang='lat' dir='ltr'>B</span> <span class='ocrx_word' id='word_1_364' title='bbox 749 4017 823 4079; x_wconf 89' lang='lat' dir='ltr'>nihil</span> <span class='ocrx_word' id='word_1_365' title='bbox 846 4019 990 4098; x_wconf 76' lang='lat' dir='ltr'>notatum]</span> 
     </span>
    </p>

    <p class='ocr_par' dir='ltr' id='par_1_16' title="bbox 290 4103 1359 4270">
     <span class='ocr_line' id='line_1_46' title="bbox 371 4103 1357 4186; baseline -0.007 -22"><span class='ocrx_word' id='word_1_366' title='bbox 371 4109 592 4183; x_wconf 80' lang='lat' dir='ltr'>praeponerrdom</span> <span class='ocrx_word' id='word_1_367' title='bbox 614 4103 715 4186; x_wconf 82' lang='lat' dir='ltr'>terren)</span> <span class='ocrx_word' id='word_1_368' title='bbox 738 4108 823 4177; x_wconf 81' lang='lat' dir='ltr'>dicit3</span> <span class='ocrx_word' id='word_1_369' title='bbox 847 4107 905 4163; x_wconf 87' lang='lat' dir='ltr'>rid.</span> <span class='ocrx_word' id='word_1_370' title='bbox 929 4107 965 4164; x_wconf 88' lang='lat' dir='ltr'>ad</span> <span class='ocrx_word' id='word_1_371' title='bbox 988 4106 1093 4175; x_wconf 77' lang='lat' dir='ltr'>11,2e.</span> <span class='ocrx_word' id='word_1_372' title='bbox 1115 4106 1192 4163; x_wconf 72' lang='lat' dir='ltr'>tum</span> <span class='ocrx_word' id='word_1_373' title='bbox 1216 4123 1254 4162; x_wconf 87' lang='lat' dir='ltr'>ex</span> <span class='ocrx_word' id='word_1_374' title='bbox 1267 4104 1357 4177; x_wconf 77' lang='lat' dir='ltr'>adpr·</span> 
     </span>
     <span class='ocr_line' id='line_1_47' title="bbox 290 4187 1359 4270; baseline 0 -24"><span class='ocrx_word' id='word_1_375' title='bbox 290 4187 436 4266; x_wconf 90' lang='lat' dir='ltr'>(correcto</span> <span class='ocrx_word' id='word_1_376' title='bbox 449 4189 569 4270; x_wconf 89' lang='lat' dir='ltr'>mendo)</span> <span class='ocrx_word' id='word_1_377' title='bbox 586 4193 623 4249; x_wconf 89' lang='lat' dir='ltr'>ad</span> <span class='ocrx_word' id='word_1_378' title='bbox 645 4193 736 4262; x_wconf 75' lang='lat' dir='ltr'>Man,</span> <span class='ocrx_word' id='word_1_379' title='bbox 759 4193 944 4261; x_wconf 85' lang='lat' dir='ltr'>Lambinum,</span> <span class='ocrx_word' id='word_1_380' title='bbox 969 4201 1082 4249; x_wconf 88' lang='lat' dir='ltr'>ceteros</span> <span class='ocrx_word' id='word_1_381' title='bbox 1099 4199 1295 4267; x_wconf 83' lang='lat' dir='ltr'>propagatum</span> <span class='ocrx_word' id='word_1_382' title='bbox 1306 4195 1359 4246; x_wconf 74' lang='lat' dir='ltr'>erat</span> 
     </span>
    </p>
   </div>
   <div class='ocr_carea' id='block_1_16' title="bbox 289 4275 1449 4355">
    <p class='ocr_par' dir='ltr' id='par_1_17' title="bbox 289 4275 1449 4355">
     <span class='ocr_line' id='line_1_48' title="bbox 289 4275 1449 4355; baseline -0.002 -24"><span class='ocrx_word' id='word_1_383' title='bbox 289 4277 449 4334; x_wconf 82' lang='lat' dir='ltr'>reiciendum</span> <span class='ocrx_word' id='word_1_384' title='bbox 472 4279 582 4352; x_wconf 57' lang='lat' dir='ltr'>Recole}</span> <span class='ocrx_word' id='word_1_385' title='bbox 606 4276 700 4336; x_wconf 83' lang='lat' dir='ltr'>Gzius</span> <span class='ocrx_word' id='word_1_386' title='bbox 723 4297 823 4336; x_wconf 89' lang='lat' dir='ltr'>omues</span> <span class='ocrx_word' id='word_1_387' title='bbox 845 4296 914 4335; x_wconf 88' lang='lat' dir='ltr'>suos</span> <span class='ocrx_word' id='word_1_388' title='bbox 937 4278 1053 4336; x_wconf 89' lang='lat' dir='ltr'>codices</span> <span class='ocrx_word' id='word_1_389' title='bbox 1074 4275 1131 4355; x_wconf 92' lang='lat' dir='ltr'>[B]</span> <span class='ocrx_word' id='word_1_390' title='bbox 1153 4293 1280 4351; x_wconf 87' lang='lat' dir='ltr'>sequens</span> <span class='ocrx_word' id='word_1_391' title='bbox 1301 4289 1357 4332; x_wconf 85' lang='lat' dir='ltr'>eum</span> <span class='ocrx_word' id='word_1_392' title='bbox 1448 4305 1449 4318; x_wconf 66' lang='lat'>,</span> 
     </span>
    </p>
   </div>
   <div class='ocr_carea' id='block_1_17' title="bbox 0 0 1478 5024">
    <p class='ocr_par' dir='ltr' id='par_1_18' title="bbox 0 0 1478 5024">
     <span class='ocr_line' id='line_1_49' title="bbox 0 0 1478 5024; baseline 0 2"><span class='ocrx_word' id='word_1_393' title='bbox 0 0 1478 5024; x_wconf 95' lang='lat' dir='ltr'> </span> 
     </span>
    </p>
   </div>
  </div>
 </body>
</html>
