3000 5044
370 365 433 431 514
759 385 804 430 nn
827 385 956 432 mutnus
979 384 1050 430 nos.

263 539 268 550 ⁸
370 553 467 634 paria,
495 571 623 634 eosque,
658 553 710 634 qui
737 561 849 618 namra
876 553 1077 635 doctrinaque
1103 552 1195 634 longe
1221 554 1263 618 ad
1290 553 1419 617 virtutem

369 655 602 736 processissent,
625 655 684 720 nisi
706 674 774 720 eom
796 655 887 736 plane
908 655 1065 720 consecuti
1086 663 1204 732 essent,
1226 673 1345 720 summe
1364 671 1420 718 esse

369 755 507 835 miseros,
529 775 629 839 neque
649 757 730 822 inter
752 775 857 822 eorum
875 757 968 822 vitum
990 765 1022 822 et
1037 757 1336 838 improbissimorum
1346 757 1419 838 quid-

370 877 462 941 quam
484 859 607 924 omnino
629 860 787 939 iuteresse,
809 866 844 924 ut
864 859 963 938 Plato,
984 865 1090 924 tantus
1112 859 1163 924 ille
1184 859 1240 938 vir,
1263 860 1290 924 si
1312 859 1420 941 sapiens

332 961 431 1028 bnon
459 960 564 1040 merit,
598 963 691 1026 nihilo
718 961 827 1028 melius
855 979 949 1043 quem
980 961 1079 1044 quvis
1106 961 1352 1043 improbissimus
1377 977 1421 1024 nec

370 1063 489 1128 beatius
516 1063 635 1128 vixerit
688 1063 775 1128 Haec
801 1063 942 1129 videlicet
968 1073 1018 1129 est
1044 1063 1194 1130 correctio
1221 1063 1420 1144 philosophiae

368 1165 482 1230 veteris
504 1173 536 1230 et
557 1165 743 1244 emendatio,
776 1184 855 1248 quae
883 1165 1007 1230 omnino
1034 1167 1150 1230 editum
1183 1165 1302 1230 nullmn
1324 1166 1421 1230 hebere

368 1273 473 1348 potest
493 1267 524 1331 in
548 1268 664 1343 urbem,
686 1268 718 1332 in
740 1267 849 1345 formu,
871 1267 903 1331 in
917 1266 1050 1332 curiam.
1079 1267 1156 1345 Quis
1178 1265 1352 1332 enimterre
1362 1285 1421 1348 pos-

369 1375 418 1434 set
438 1369 483 1434 ite
504 1369 679 1450 loquentem
702 1388 785 1448 eum,
818 1369 871 1452 qui
898 1387 932 1434 se
959 1377 1116 1435 auctorem
1143 1369 1225 1434 vitae
1247 1370 1422 1451 graviteret

253 1481 258 1496 ⁴
311 1473 353 1537 10
370 1471 526 1552 sapienter
547 1471 687 1552 egendae
707 1470 920 1552 profiteretur,
949 1471 1087 1556 [nomina
1113 1490 1218 1536 rerum
1246 1481 1422 1536 commuten-

369 1573 454 1655 tem,]
477 1591 606 1655 cumque
627 1573 708 1636 idem
723 1573 860 1652 sentiret,
882 1574 965 1656 quod
988 1593 1103 1652 omnes,
1125 1573 1236 1655 quibus
1260 1574 1351 1638 rebus
1362 1591 1423 1636 ean·

369 1675 439 1740 dem
461 1677 522 1740 vim
549 1675 713 1752 tribueret,
745 1675 806 1740 alio
829 1676 951 1740 nomina
977 1675 1194 1757 imponentem,
1222 1676 1319 1740 verba
1345 1673 1423 1739 modo

369 1785 552 1856 mutantem,
585 1777 625 1840 de
651 1777 844 1858 opinionibus
872 1778 945 1842 nihil
967 1777 1204 1843 detrahentem?
1248 1779 1299 1842 m.
1327 1778 1424 1842 Patro
1484 1863 1485 1868 ἵ

370 1897 469 1943 nusne
491 1897 602 1943 causae
623 1878 655 1942 in
677 1879 797 1961 epilogo
819 1898 877 1960 pro
900 1899 953 1944 reo
976 1880 1081 1944 dicens
1103 1887 1232 1961 negaret
1242 1897 1314 1944 esse
1324 1878 1424 1943 mulum
1484 1925 1485 1950 ,

312 1979 500 2057 meritum,
522 1980 759 2061 publicationem
780 1981 954 2046 bonorum?
987 1981 1064 2046 haec
1085 1981 1240 2046 reicienda
1262 2000 1347 2060 esse,
1375 1997 1424 2043 non
1484 1981 1485 1998 ³

368 2081 533 2162 mgienda't
555 2101 612 2146 nec
633 2083 862 2148 misericordem
883 2084 1014 2148 iudicem
1037 2085 1283 2166 esseoportere?
1306 2083 1342 2148 In
1364 2099 1425 2146 con·

370 2184 453 2248 tione
471 2191 574 2248 autem
597 2185 623 2248 si
644 2184 838 2266 loqueretur,
872 2186 899 2250 si
920 2185 1074 2250 Hannibal
1103 2187 1143 2250 ad
1171 2193 1280 2267 portas
1302 2185 1425 2250 venisset

370 2303 553 2366 mummque
580 2285 680 2350 iacrrlo
717 2286 901 2366 traiecisset,
934 2293 1064 2368 negaret
1089 2306 1157 2353 esse
1183 2287 1215 2352 in
1243 2287 1334 2352 melis
1360 2284 1425 2365 cupi,

438 2494 460 2538 2.
475 2489 544 2554 plene
562 2489 673 2541 LCROr.
718 2497 740 2538 t.
761 2489 921 2558 [Plootth]
960 2492 1232 2557 comprobationem.
1268 2487 1426 2545 commen

370 2574 410 2606 nec
427 2561 484 2622 (pro
501 2557 601 2618 boecii]
645 2559 759 2623 correptio
779 2561 863 2609 litt’a
908 2564 928 2612 7.
948 2569 970 2611 et
985 2562 1080 2628 oram
1123 2561 1206 2612 veterio
1224 2556 1427 2624 rmdmepub

368 2625 547 2676 laberenullum
565 2627 674 2678 LPCOr.
716 2627 928 2694 lb.[upendalih]
967 2634 1004 2678 l2.
1020 2635 1113 2694 notpro
1123 2631 1231 2684 modolE
1274 2635 1426 2694 tapatrorus

371 2696 717 2760 lom.nelRpalronusuePC
756 2697 915 2762 referiendo
926 2697 990 2748 EPR
1027 2702 1066 2748 17.
1075 2699 1197 2750 r=enrretE
1236 2703 1274 2747 te.
1294 2693 1429 2764 nepmmttls

454 2889 558 2942 reornt'oo
580 2906 668 2944 rerrtm
690 2888 901 2964 cominutontem)
935 2888 968 2948 Si
995 2891 1067 2946 haec
1095 2889 1198 2949 Cicero
1222 2891 1350 2966 scripsit,
1379 2885 1428 2963 pri·
1485 2945 1486 2950 ,

370 2989 448 3028 mum
471 2972 646 3046 generaliter
668 2972 721 3028 hec
744 2974 907 3030 adiectione
930 2975 1069 3043 declaret,
1092 2977 1171 3050 quod
1193 2972 1319 3048 dixerat,
1343 2981 1379 3032 ite
1399 2975 1429 3026 le
1485 3009 1486 3032 r

370 3067 503 3130 putentem,
526 3065 588 3114 tum
610 3058 752 3132 explicet,
782 3059 877 3134 qualis
900 3059 937 3116 sit
959 3061 1030 3117 haec
1053 3061 1202 3118 nominum
1219 3059 1430 3118 commutatico

370 3161 465 3199 rerum
489 3143 688 3200 controversia
710 3154 859 3219 separata,
882 3154 1029 3220 postremo
1052 3165 1086 3202 eo
1103 3147 1168 3221 ipse
1183 3147 1345 3222 explicatio
1357 3140 1430 3220 quasi

369 3227 400 3284 in
422 3246 564 3284 summum
587 3228 770 3286 contrahitur
792 3231 885 3306 (verbo
909 3263 949 3272 -
972 3233 1005 3288 tle
1016 3233 1203 3306 opinionibus).
1234 3231 1293 3291 Sed
1305 3237 1429 3308 apparel*

369 3312 488 3368 nimiam
517 3313 591 3370 benc
625 3331 688 3370 esse
716 3316 871 3372 verborum
900 3316 1013 3390 copiam
1037 3327 1065 3372 et
1086 3317 1261 3392 repetitione
1286 3318 1430 3374 molestam

371 3397 582 3472 (coororutootem
607 3431 646 3438 —
670 3399 839 3475 routarrtem);
873 3401 971 3475 itaque
994 3402 1128 3458 Manutio
1156 3403 1314 3478 multisque
1338 3413 1431 3478 posteo

370 3483 470 3558 spurio
492 3483 555 3540 viso
578 3493 646 3540 sunt
667 3486 813 3556 eererba,
836 3487 1113 3563 quaeprnescripsi3
1137 3487 1309 3547 Schuetzius
1322 3483 1431 3546 delerit

369 3569 454 3625 Nihil
477 3577 573 3626 temen
596 3569 625 3624 in
649 3569 713 3645 ipsa
735 3572 939 3646 progressione
962 3573 1103 3630 orationis
1131 3583 1180 3630 aut
1203 3574 1233 3630 in
1257 3574 1431 3650 singulorum

287 3657 291 3668 ’
371 3652 575 3711 coniunctione
599 3653 697 3712 vitiosi
720 3657 811 3731 (quod
835 3661 849 3726 ξ
874 3657 913 3714 22
937 3667 1039 3714 contro
1057 3657 1124 3734 est).
1168 3657 1256 3736 [Mox
1274 3659 1308 3715 no
1326 3679 1380 3735 pro
1396 3651 1431 3712 roro

370 3747 528 3796 annotatur
540 3759 555 3796 e
568 3739 656 3815 Spin,
680 3759 737 3797 non
756 3761 793 3798 ex
805 3740 856 3818 lt]
879 3743 955 3800 Tum
972 3745 1102 3816 jaciendo
1113 3763 1168 3819 pro
1174 3747 1238 3818 sup.
1261 3747 1325 3802 cod.
1338 3745 1432 3802 archo-

369 3835 457 3900 typus
478 3825 582 3881 habuit
604 3824 695 3900 (Spir.
718 3822 781 3906 [Β]
806 3829 931 3886 Monac..
949 3827 1027 3885 Oxx.
1051 3827 1186 3907 omnes).·
1219 3831 1330 3888 Verum
1355 3829 1432 3888 resti·

370 3909 425 3966 tuit
449 3909 575 3984 prudens
597 3910 708 3973 librarii
731 3912 902 3994 recentioris
926 3914 1003 3988 (LC)
1027 3915 1202 3972 coniectura.

457 3997 505 4050 22.
528 4015 684 4070 lucrumque
705 4001 790 4054 loculo
813 3999 969 4074 traiecisset)
991 4001 1158 4057 insolenter
1169 4001 1277 4058 dictum
1291 4013 1349 4062 est:
1373 4017 1433 4056 nom

371 4080 456 4156 longe
479 4080 565 4137 oliter
587 4081 693 4138 dicitur
708 4085 802 4156 femur
824 4085 903 4140 incesto
926 4087 1036 4142 traicere
1058 4095 1109 4142 aut
1125 4105 1226 4142 orontem
1250 4091 1314 4143 uoci
1329 4091 1435 4144 traicere

371 4163 421 4244 (ex
445 4185 503 4239 quo
527 4166 614 4222 etiem
636 4171 723 4224 omorio
746 4172 870 4225 traiectus
892 4189 910 4226 a
933 4170 1017 4227 Livio
1041 4169 1170 4248 dicitur).
1198 4171 1249 4228 ubi
1272 4182 1324 4230 out
1345 4183 1436 4229 marus·

371 4249 477 4326 figendi
500 4261 551 4308 aut
573 4270 603 4308 se
626 4254 1077 4312 transmittendiinstrumentum
1090 4256 1220 4313 ablativo
1235 4266 1364 4315 notatur.
1386 4257 1435 4314 Eu

308 4351 313 4358 ·
371 4353 445 4409 quae
468 4337 516 4394 hic
538 4347 591 4407 est,
615 4339 825 4414 significatione
837 4340 940 4398 Livius
963 4341 1007 4398 bis
1030 4341 1105 4398 dixit
1117 4345 1241 4398 perillum
1253 4353 1329 4400 trans
1341 4345 1435 4399 rubroc
