2948 5024
327 389 390 452 750
455 399 458 409 ¹
718 407 762 450 nu
785 407 915 452 oculeus
939 406 1008 452 uon.

327 577 403 654 scic,
438 575 476 640 ab
500 575 652 640 Antiocho
681 583 787 640 nostro
810 575 870 639 dici
894 576 938 640 sio
960 574 1076 654 solere;
1111 575 1167 639 sod
1194 575 1272 656 quid
1298 575 1392 638 minus

326 677 530 758 probandum,
558 697 651 760 quern
679 695 749 742 csse
776 677 908 758 aliquem
925 677 1048 742 beatum
1077 695 1134 741 nec
1155 677 1232 741 sctis
1254 677 1392 741 beatium?

327 783 417 860 Quod
439 788 540 846 autem
563 780 640 844 satis
663 787 718 858 esu
742 799 778 844 eo
801 781 951 862 quidquid
973 780 1155 858 accesserit,
1189 778 1317 842 nimium
1338 789 1391 854 esu

326 893 358 950 et
380 902 469 948 nemo
492 884 617 948 nimium
640 884 750 948 beatus
773 891 838 962 ost3
861 883 881 964 †
903 893 935 948 et
956 901 1045 948 nemo
1068 883 1158 946 heato
1181 882 1309 946 beatior.
1349 881 1392 944 82.

287 987 418 1069 oErgo,
439 987 551 1068 inquit,
575 986 629 1052 tihi
652 987 688 1063 Q.
701 985 860 1064 MetelluS,
883 985 936 1066 qui
959 991 1023 1049 tres
1045 983 1126 1048 tilios
1148 983 1292 1048 consules
1308 983 1392 1049 vidit.

325 1109 342 1154 e
364 1089 475 1170 quibus
498 1108 594 1152 uuum
616 1089 707 1153 etiam
731 1095 943 1153 etoeusorenr
964 1097 996 1158 et
1018 1087 1278 1167 triumphantem,
1306 1104 1391 1167 quar·

325 1200 389 1256 tum
412 1199 515 1256 autern
537 1199 728 1272 praetorem,
762 1209 877 1272 cosque
899 1190 1003 1255 salvos
1026 1191 1151 1272 reliquit
1178 1196 1210 1256 et
1232 1199 1298 1254 tres
1319 1187 1390 1252 filies

324 1302 453 1376 nuptas,
486 1312 555 1358 curn
583 1295 652 1374 ipse
679 1293 801 1372 consul,
825 1281 957 1372 censor‚‘
980 1311 1081 1376 augur
1108 1292 1218 1358 ficisset
1240 1297 1268 1354 et
1290 1291 1390 1355 triurn-

395 1505 415 1548 l.
437 1497 532 1566 [uAute
550 1497 601 1548 dui
615 1499 642 1547 iu
659 1499 682 1546 Ε
700 1508 761 1548 uoto
778 1508 817 1548 est
834 1500 942 1558 incerto,
962 1513 1013 1548 nou
1035 1507 1078 1549 ot·
1102 1497 1178 1565 Boin]
1254 1495 1329 1564 [quod
1344 1492 1387 1558 ΕΒ]

324 1575 347 1619 2.
366 1587 408 1619 noc
427 1596 458 1606 -
477 1569 568 1617 decim
587 1583 636 1620 om.
655 1567 677 1616 u
713 1574 735 1616 4.
755 1575 778 1617 et
794 1585 859 1618 uerno
877 1568 931 1617 siue
949 1579 1010 1617 note
1028 1569 1111 1616 mendi
1131 1567 1174 1617 Or.
1216 1571 1239 1615 h.
1259 1565 1303 1614 tui
1317 1563 1389 1614 ocul.

324 1643 345 1688 6,
366 1639 428 1688 Post
445 1637 622 1701 triumphantem
641 1637 699 1685 add.
724 1636 783 1685 vidit
802 1637 823 1685 F.
894 1641 917 1684 8.
941 1635 1023 1685 consul
1044 1653 1127 1685 cursor
1144 1637 1240 1695 (censor
1258 1632 1339 1685 consa!
1361 1631 1389 1694 El

323 1715 383 1757 esset
397 1705 568 1772 deposuisset
587 1706 633 1754 ER
650 1703 732 1755 conoul
753 1721 837 1756 censor
853 1713 919 1756 esset
931 1705 1152 1771 unprquucsun'soet
1171 1705 1191 1752 Ρ
1214 1713 1271 1768 (que
1288 1702 1389 1762 silentio)

323 1775 504 1826 conculcamur
520 1775 589 1825 uum
607 1774 782 1839 uupursur'soet
801 1774 841 1825 LO
893 1783 915 1823 et
932 1791 981 1824 out
1000 1773 1092 1824 ELCR

323 1987 371 2042 buo
394 1989 478 2044 uirtus
500 2004 557 2042 esce
579 2004 630 2040 non
648 1993 749 2058 potest,
772 1986 895 2058 fruitur,
919 1984 996 2060 beatu
1018 2003 1075 2040 esse
1096 1985 1213 2048 diuitum
1246 1986 1272 2039 si
1292 1989 1389 2038 emet

322 2075 398 2140 olido,
428 2075 483 2128 sinc
505 2071 601 2144 quibus
624 2089 680 2126 cose
702 2073 786 2126 uirtus
804 2079 903 2144 potest,
925 2071 966 2126 uel
987 2071 1049 2126 ullis
1071 2071 1112 2126 ool
1130 2069 1266 2144 plicibus,
1283 2069 1388 2129 tuom

322 2161 347 2214 si
367 2167 454 2214 autem
474 2176 589 2230 prorsus
611 2156 740 2226 omuibus,
764 2165 793 2212 ut
815 2157 916 2212 nullu-m
938 2158 1042 2212 omnim
1064 2156 1159 2211 bonum
1181 2156 1302 2211 deeitod
1316 2152 1389 2209 scritti

321 2245 363 2300 vel
383 2245 511 2318 emporio,
535 2243 695 2298 beatiouinu.

318 2349 322 2357 ’
407 2339 431 2384 et
453 2346 526 2383 nuno
548 2329 656 2383 niodum
679 2327 770 2383 beatus
792 2335 847 2392 cct3
875 2335 899 2383 et
926 2345 1000 2383 neoto
1022 2321 1091 2404 oet.)
1126 2325 1285 2384 Conclusio
1311 2340 1387 2398 orgu-

323 2413 412 2470 menti
431 2411 577 2488 quomodo
589 2412 738 2487 proceduu
762 2421 899 2487 apparet:
922 2411 970 2488 (1)
994 2411 1026 2470 Si
1039 2412 1105 2486 quis
1117 2412 1221 2470 beatus
1244 2419 1302 2477 est,
1324 2407 1387 2464 satis

322 2498 425 2556 beatus
448 2505 506 2567 est;
530 2495 578 2576 (2)
601 2497 679 2572 quod
702 2498 773 2554 setis
797 2505 855 2568 cst,
889 2515 924 2555 eo
947 2498 1025 2572 quod
1047 2497 1170 2568 accedit,
1194 2496 1314 2553 nimium
1335 2500 1387 2558 cst;

322 2581 371 2662 (3)
394 2585 516 2642 nimium
539 2603 627 2659 porro
661 2584 764 2640 beatus
792 2602 877 2640 nemo
906 2593 965 2652 ost;
999 2582 1047 2660 (4)
1071 2602 1141 2658 ergo
1163 2581 1238 2639 nihil
1260 2579 1387 2637 accedere

322 2678 420 2744 potest
441 2670 471 2726 in
494 2688 538 2739 ec,
563 2670 614 2744 qui
635 2669 693 2726 iarn
715 2669 819 2725 beatus
842 2677 895 2740 est,
919 2687 973 2726 uec
995 2669 1150 2743 quisquam
1167 2668 1254 2724 beato
1276 2663 1386 2722 heatior.

321 2755 427 2829 Itaque
450 2755 480 2812 in
502 2755 548 2812 his
570 2754 668 2812 verbis
691 2764 716 2812 ct
736 2773 810 2810 nemo
832 2757 940 2810 nimium
962 2763 1017 2812 cet.
1035 2753 1195 2811 assumitur
1206 2751 1315 2826 aliquid
1326 2767 1387 2806 con·

323 2840 460 2898 cludendi
481 2859 583 2910 causa,
608 2859 693 2916 quern
728 2859 813 2898 usum
840 2841 1002 2915 particulae
1030 2851 1054 2897 ct
1080 2840 1179 2916 attigit
1206 2837 1336 2896 Haudios
1360 2833 1385 2888 in

322 2927 409 2984 Ture.
426 2925 459 2985 11
475 2945 503 3002 p.
523 2927 583 2982 489
603 2926 670 2982 imo.
714 2927 785 3001 Ipsa
814 2935 912 2982 autem
941 2935 1074 2983 extremo
1096 2925 1246 2984 conclusio
1268 2933 1296 2979 ct
1316 2921 1380 2977 eins

322 3012 401 3087 quod
424 3011 685 3087 exsuperioribus
717 3009 878 3084 efficiatur,
913 3013 998 3086 quasi
1027 3011 1161 3069 collectio
1190 3029 1227 3066 ea
1254 3004 1385 3085 particulo

321 3117 442 3175 prorsus
464 3097 572 3155 vitiose
589 3097 764 3164 annectitur,
788 3097 871 3172 quasi
883 3107 989 3173 pergat
999 3097 1102 3157 Cicero
1114 3115 1207 3153 novus
1218 3104 1314 3170 partes
1325 3109 1384 3146 cou-

322 3184 462 3242 clusionis
484 3183 652 3259 adiuugoro.
697 3184 805 3240 Merito
834 3202 904 3258 ergo
926 3183 1083 3252 Davisius,
1108 3181 1163 3238 etsi
1186 3181 1246 3238 alia
1272 3179 1383 3236 hicnon

321 3279 400 3328 recte
423 3269 557 3340 tentavit,
580 3268 611 3325 in
634 3269 679 3326 his
702 3268 815 3326 verbis:
838 3278 863 3325 et
879 3288 953 3326 nemo
975 3271 1050 3325 heuto
1072 3269 1172 3324 beatior
1184 3266 1316 3324 mendum
1328 3277 1384 3318 esse

321 3355 472 3414 iudicavit.
517 3353 576 3413 Sed
598 3353 677 3428 quod
700 3353 885 3411 scribendum
908 3364 1006 3429 putat:
1040 3357 1078 3410 ito
1100 3373 1182 3422 inuno,
1206 3353 1276 3408 mihi
1299 3347 1384 3425 potius

321 3453 389 3518 post
410 3461 483 3498 nemo
506 3441 650 3498 excidisse
672 3440 789 3498 videtur
810 3459 872 3513 erpo
893 3439 1083 3513 additumque
1106 3457 1170 3495 esse
1192 3449 1226 3508 et,
1249 3447 1282 3492 ut
1301 3430 1383 3491 similo

321 3529 378 3584 hoc
400 3526 543 3600 superiori
567 3535 652 3582 esset.
697 3524 862 3602 [Klotziust
885 3536 913 3581 ot
930 3545 1003 3582 nuno
1020 3545 1045 3580 u.
1064 3525 1087 3580 l.
1111 3534 1167 3589 θείς
1190 3543 1264 3579 nuno
1285 3523 1307 3576 h.
1328 3513 1363 3592 h]

408 3614 457 3670 82.
485 3611 518 3680 Q.
531 3607 668 3688 Metellos)
691 3611 908 3682 Macedonicus,
922 3610 972 3686 qui
983 3629 1009 3666 a.
1026 3611 1084 3667 143
1096 3629 1123 3666 a.
1135 3608 1205 3668 Chr.
1217 3605 1316 3665 consul
1325 3602 1381 3666 luit

322 3699 357 3756 de
380 3697 463 3754 ouius
485 3698 573 3754 rebus
596 3706 626 3753 et
646 3696 788 3753 felicitate
811 3705 928 3771 praeter
950 3715 993 3759 ea,
1016 3715 1091 3770 quoe
1114 3688 1381 3761 cCiceronisscrip·

321 3785 359 3842 tis
382 3783 413 3839 iu
434 3782 580 3839 indicibus
602 3783 726 3839 collecta
749 3791 826 3853 sunt,
850 3791 947 3839 cetera
969 3781 1029 3856 peti
1046 3789 1170 3856 possunt
1192 3799 1208 3836 e
1231 3769 1380 3836 Drumanni

320 3870 399 3926 Hist.
412 3869 496 3926 Rom.
508 3867 581 3942 Hp.
595 3868 643 3924 20.
671 3867 764 3924 Filius
776 3867 803 3924 ei
815 3876 874 3924 tres
897 3868 948 3924 dat
970 3868 1058 3924 etiem
1070 3867 1137 3925 Vel.
1150 3867 1232 3922 Mux.
1245 3862 1312 3922 VII.
1328 3863 1349 3924 1,
1360 3860 1380 3920 l.

262 3989 266 4001 ‹
322 3955 493 4014 Ciceronem
523 3972 661 4027 sequeus3
695 3971 796 4009 verum
829 3971 888 4010 non
916 3953 1011 4010 solum
1044 3952 1222 4010 Plutarchus
1250 3947 1299 4028 (de
1324 3945 1379 4004 fort·

321 4041 438 4098 Rorni
457 4059 485 4115 p.
499 4040 560 4096 318
578 4037 616 4114 C)
640 4039 668 4095 ei
690 4039 764 4096 duos
786 4046 898 4095 tanturn
921 4057 1045 4114 generos
1067 4038 1239 4095 consulares
1260 4037 1309 4093 dat
1326 4033 1380 4110 (po-

322 4136 398 4182 teret
428 4126 505 4182 enirn
534 4125 638 4182 tertius
667 4143 725 4180 nou
754 4125 917 4182 consuleris
945 4123 1038 4199 esse),
1078 4124 1130 4180 secl
1156 4123 1272 4180 Plinius
1294 4121 1329 4177 Η.
1349 4113 1378 4171 N·

321 4213 398 4282 Vn,
423 4213 461 4268 59
491 4231 543 4268 sex
565 4219 678 4267 tantum
709 4210 736 4267 ei
759 4211 867 4268 liberos
895 4211 1007 4268 tribuit.
1050 4207 1214 4288 (Perizonii
1236 4201 1378 4265 Animadv-

321 4298 400 4354 Hist.
412 4316 437 4352 c.
451 4298 467 4352 9
482 4317 509 4373 p.
523 4297 583 4354 406
597 4296 642 4352 od.
654 4295 784 4372 Harles.)

407 4385 505 4452 constal.
529 4403 629 4449 ceruor,
652 4402 741 4456 ortpcu
756 4384 858 4456 suisset
879 4391 904 4438 et
926 4383 1128 4457 triumphasset)
1163 4379 1250 4454 erod
1271 4397 1304 4434 ex
1326 4371 1377 4430 Erl.
