3018 5052
411 444 455 490 nr
480 443 558 489 unt..
585 443 645 489 cm.
667 443 702 488 ιιι
725 443 798 490 car.
824 446 932 490 rs-u.
1138 424 1202 488 419

124 611 208 690 linis,
242 631 333 694 quem
362 613 455 677 Stoici
478 613 599 690 dicunt,
633 611 732 676 onmis
759 611 822 676 ista
849 631 953 676 rerum
980 631 1202 693 corporearum

123 715 298 780 aestimatio
321 715 487 796 splendore
514 715 638 779 virtutis
666 722 698 778 et
724 714 935 794 magnitudine
963 715 1145 780 obscuretur
1173 725 1206 779 et

124 819 275 882 obruatur
307 826 402 898 atque
433 817 579 896 intereat,
614 835 739 881 necesse
766 827 823 880 est.
875 816 916 880 Et
942 818 1202 898 quemadmodum

124 919 344 1001 opportunitas
367 921 426 1000 (sic
453 920 534 986 enim
557 919 751 1000 appellemus
774 913 939 1002 εὐκαιρίαν)
963 938 1024 983 non
1046 918 1083 983 fit
1105 920 1203 984 maior

123 1022 328 1103 productione
349 1022 499 1104 temporis
523 1023 652 1096 (babent
673 1021 754 1085 euim
778 1040 868 1085 suum
879 1021 1021 1100 modurn,
1044 1039 1124 1102 quae
1146 1025 1242 1102 opo

122 1131 260 1205 portuno
281 1124 453 1204 dicuntur),
486 1123 531 1188 sic
558 1131 644 1188 recta
671 1123 790 1188 allectio
819 1113 1024 1202 (κατόρθωσιν
1051 1123 1133 1188 enim
1160 1123 1204 1187 ita

195 1335 216 1381 l.
235 1346 310 1378 rerum
330 1330 353 1378 in
371 1347 467 1394 corpore
485 1329 569 1378 haruin
591 1328 734 1398 [Ammon
754 1345 830 1378 renim
849 1327 1038 1392 incorporearum
1057 1327 1101 1376 LP
1126 1345 1203 1378 renem

124 1397 255 1463 incorpore
272 1397 370 1447 adanam
389 1398 432 1448 Or.
478 1404 502 1451 2.
525 1397 697 1466 [aestimatione
716 1396 750 1466 A]
798 1396 948 1465 [obscuratur
967 1396 1011 1463 en]
1058 1402 1080 1446 3.
1101 1405 1134 1445 est
1153 1411 1203 1448 om.

124 1466 144 1515 P
189 1475 214 1519 4.
242 1465 398 1534 [oportunitas
418 1472 440 1516 Α
460 1465 563 1534 utrique]
638 1466 759 1534 [eucman
778 1467 812 1532 A]
883 1466 953 1515 oilli
1008 1471 1030 1518 5.
1050 1481 1157 1530 quaeque
1175 1466 1203 1514 M

124 1553 217 1600 queque
236 1537 280 1585 PR
299 1553 458 1600 quacumque
477 1537 521 1587 LC
540 1553 664 1601 quaequae
683 1536 726 1586 Or.
764 1541 778 1584 6
809 1535 963 1604 [catordioain
983 1533 1017 1602 Α]

213 1781 300 1818 rerum
323 1761 526 1840 corporearum)
554 1762 647 1821 codd.
672 1761 807 1819 meliores
830 1772 860 1818 et
882 1761 1060 1820 deteriorum
1084 1759 1203 1835 plurimi

125 1848 135 1916 l
140 1867 197 1924 mg.
219 1848 309 1918 Crat,
324 1847 399 1904 Pall.
424 1857 573 1922 quattuor,
596 1847 709 1916 illaad,
729 1846 808 1905 Oxx.
820 1845 917 1924 Εξχψ,
932 1847 1009 1922 Spir.
1022 1841 1091 1927 [B])
1115 1865 1203 1902 rerurm

125 1937 151 1988 in
175 1953 286 2008 empore
309 1934 414 2002 homero,
438 1933 489 1990 alii
513 1933 673 1990 deteriores
696 1931 786 2010 (Pell.
811 1932 840 2002 2,
865 1932 893 2002 3.
918 1931 986 1990 Gaii
1014 1931 1135 2010 reliqui)
1164 1934 1203 1987 in-

123 2039 322 2094 corporeorum.
365 2020 441 2088 Hoc,
465 2020 544 2094 quod
568 2019 655 2090 edidi,
679 2019 820 2076 Davisius
838 2018 867 2074 iu
884 2017 1076 2075 Pecudibus
1093 2015 1135 2096 (i)
1163 2017 1205 2074 ait

125 2123 189 2161 esse
213 2104 294 2162 etin
318 2104 364 2161 El.
392 2109 421 2176 1,
456 2105 651 2180 probavitque
684 2103 748 2180 ipse
776 2115 806 2162 et
832 2103 978 2160 Bromius.
1018 2104 1096 2160 Puto
1124 2114 1204 2160 recte

126 2191 313 2248 eiciendatum
342 2190 452 2247 codicis
480 2190 631 2266 archetypi
660 2190 798 2246 mendum
827 2207 906 2259 esse,
934 2189 963 2246 in
993 2207 1027 2246 eo
1056 2199 1153 2246 autem
1177 2192 1203 2244 in

125 2287 250 2332 ortume
268 2276 367 2334 littera
389 2298 424 2344 m,
443 2287 505 2332 tum
528 2286 649 2352 propter
671 2279 698 2332 in
721 2275 891 2332 distractum
905 2293 1102 2349 corporearum.
1125 2275 1203 2332 Nam

124 2363 203 2436 quod
226 2361 331 2420 (icero
353 2362 424 2418 alibi
448 2361 576 2435 (duobus
599 2362 718 2418 omnino
742 2361 814 2418 locis
836 2361 867 2418 in
890 2360 1134 2436 interpretatione
1152 2361 1203 2418 Ti·

125 2446 216 2525 maei)
239 2467 392 2522 camoranum
415 2448 499 2504 dixit.
523 2448 601 2521 quod
625 2465 747 2524 corpore
771 2455 928 2516 constaret,
952 2465 1039 2522 qtrarn
1058 2446 1204 2522 significu-

125 2533 235 2590 tionem
258 2534 346 2590 etiam
370 2533 524 2590 Lucretius
548 2541 635 2592 tenet.
658 2543 760 2608 aperte
783 2543 880 2589 tamen
904 2534 938 2591 II
952 2532 991 2589 N.
1010 2532 1047 2589 D.
1061 2535 1098 2588 41
1118 2535 1203 2606 iqnem

123 2639 279 2694 corporeum
301 2619 378 2675 dixit
389 2639 465 2688 eum,
489 2621 537 2694 qui
546 2621 701 2694 cor-procidus
712 2622 887 2675 unirnoutium
899 2621 1084 2688 contineretur,
1102 2637 1203 2692 quem·

124 2705 282 2761 admodum
306 2705 354 2761 bic
376 2705 588 2779 intelleguntur
610 2723 666 2768 res.
691 2723 765 2779 quae
789 2705 819 2761 in
842 2723 965 2780 corpore
988 2703 1056 2774 sint,
1080 2722 1139 2760 nou
1157 2723 1203 2760 so·

124 2789 186 2846 lum
210 2791 289 2846 circa
312 2790 351 2846 id.
395 2791 522 2861 Marsus,
546 2800 606 2846 tum
621 2789 749 2847 eblaffei
763 2791 872 2856 codice,
897 2809 982 2865 quem
995 2789 1091 2865 ipsum
1105 2808 1202 2845 ernen-

124 2876 226 2932 datum
250 2875 341 2932 inisse
376 2876 562 2933 manifestum
592 2886 652 2944 est,
693 2876 844 2933 Manutius
872 2885 901 2932 et
929 2875 1049 2946 deinde,
1083 2875 1202 2932 Bremia

122 2953 259 3036 euicepto.
284 2981 385 3018 omnes
408 2962 577 3018 ediderunt:
600 2964 748 3036 incorpore
764 2965 886 3018 sitorum.
922 2961 1099 3032 Sicdicitun
1123 2961 1202 3034 quod

122 3065 141 3101 a
165 3065 287 3122 corpore
311 3048 418 3123 pendet
442 3057 471 3104 et
492 3048 523 3104 in
547 3047 609 3104 eius
632 3057 778 3124 potestate
802 3057 861 3115 est,
896 3067 954 3104 nou
978 3047 1056 3121 qnod
1079 3047 1117 3103 ad
1138 3065 1202 3103 cor·

121 3151 180 3207 pus
203 3133 339 3207 pertinet.

215 3219 251 3274 Et
273 3219 496 3292 qrtmnodmodum
510 3215 709 3296 opportunitas)
733 3217 854 3276 'hausit
876 3218 989 3274 occulte
1002 3217 1039 3274 ab
1055 3235 1099 3288 eo,
1124 3217 1201 3292 quod

120 3303 342 3378 disputaverat,
377 3305 467 3360 vitam
492 3323 549 3361 non
573 3305 734 3361 beatiorem
757 3305 820 3360 fiori
843 3305 1011 3360 accessione
1034 3303 1202 3360 cornmodo·

120 3409 190 3446 rum
213 3389 345 3466 corporis
368 3399 419 3446 aut
442 3400 640 3447 externorum.
664 3390 700 3446 ad
724 3390 763 3455 id,
787 3389 864 3463 quod
888 3390 986 3465 attigit
1010 3389 1088 3460 §34‚
1112 3408 1148 3445 nc
1172 3389 1200 3445 in

119 3493 177 3532 sno
200 3476 317 3549 quidem
340 3495 446 3552 genere
467 3476 607 3551 temporis
630 3476 822 3533 diuturnitate
846 3493 1074 3550 crescereposse
1093 3475 1201 3531 bonum

118 3579 177 3617 nec
200 3561 315 3618 beatam
339 3561 430 3618 vitam
454 3580 488 3618 eo
511 3562 621 3618 nixam.

210 3667 279 3720 quae
290 3637 440 3722 opportuna
453 3647 592 3723 dr'cuntnr)
621 3646 670 3705 Sic
682 3645 770 3703 eliam
783 3642 852 3727 [A]
865 3645 943 3722 Spir.
955 3627 1024 3726 [B],
1049 3645 1112 3702 cod.
1124 3645 1201 3702 Mor.

116 3731 147 3798 (e
174 3751 226 3807 pro
248 3753 280 3789 ae
302 3733 332 3788 in
358 3733 418 3789 Erl.
441 3751 557 3808 semper
579 3733 667 3790 scribi
691 3731 795 3810 solutu
829 3732 944 3788 codices
967 3731 1127 3788 deteriores
1150 3740 1202 3787 aut

116 3837 244 3892 quintaque
266 3816 408 3897 (qu-eque),
432 3829 463 3874 ut
487 3818 544 3876 Ox.
567 3819 602 3887 E,
627 3818 706 3876 Gud.
731 3829 870 3892 uterque,
905 3818 982 3892 quod
1011 3817 1103 3874 secuti
1133 3827 1202 3872 scrut

116 3903 239 3960 Marsus
262 3913 291 3960 el
315 3904 475 3975 Victorius,
499 3914 550 3960 aut
572 3923 762 3979 quaestumque.
787 3904 864 3978 quod
889 3904 978 3960 ceteri
1001 3914 1068 3959 ante
1092 3903 1199 3960 Gaium

116 3989 291 4053 ediderunt:
315 4009 382 4046 narn
406 3989 454 4046 bic
477 4009 616 4064 quaequae
639 3991 764 4066 scripsit.
810 3989 997 4046 Pronominis
1026 3991 1149 4062 quisquis
1172 3999 1202 4044 et

114 4077 257 4150 quidquid
284 4086 370 4132 extra
391 4076 444 4132 has
467 4075 577 4132 formas
605 4085 634 4132 et
656 4076 817 4132 ablativum
841 4095 948 4149 quinquo
975 4083 1004 4131 et
1031 4075 1200 4150 genetivum

113 4181 198 4230 eruin,
226 4162 276 4236 qui
300 4161 518 4236 pronuntiando
546 4171 701 4237 corruptus
728 4161 805 4217 inest
832 4161 861 4216 in
890 4163 1061 4221 ciricnintodi.
1096 4160 1200 4216 comici

114 4259 237 4304 veteres
267 4247 355 4304 etiam
380 4247 580 4304 accusativum
604 4267 760 4322 quemquem
788 4257 951 4322 posuerunt
978 4243 1090 4324 (Plaut.
1120 4246 1199 4302 Men.

113 4335 155 4408 V,
187 4335 212 4404 1,
239 4335 293 4400 17,
328 4333 420 4390 Poen.
443 4333 489 4403 ΙΙ,
517 4335 548 4404 1,
574 4333 628 4402 37,
663 4333 782 4390 'Parent
804 4333 878 4389 Hec.
901 4333 932 4398 Ι,
959 4334 985 4402 1,
1010 4332 1057 4408 8),
1092 4331 1200 4406 plurali

113 4437 243 4475 numero
249 4417 354 4476 Livius
366 4418 500 4496 (XLLS,
510 4418 563 4497 10)
575 4420 779 4494 quibusquibus,
788 4417 914 4475 fortasse
926 4417 1035 4475 veteris
1047 4417 1200 4492 scriptoris

942 4533 992 4588 at*
