2948 5024
330 398 395 464 690
719 415 764 460 nn
785 413 916 462 nmmos
937 415 1009 460 sou.

330 583 412 650 circo
432 585 465 648 in
486 579 535 648 his
557 582 650 648 rebus
673 601 791 648 summe
813 590 921 648 nostra
942 595 1055 664 sponte
1075 600 1262 648 mouesmur.
1295 583 1389 662 Atque

402 759 422 805 1.
440 771 531 804 summa
548 769 642 812 omnes,
662 753 704 802 Or.

331 947 493 1022 quibusque;
526 953 605 1002 recte
633 943 793 1015 diceretur,
821 943 912 1000 verbo
934 944 1049 1015 addito,
1076 951 1110 1000 ut
1131 943 1298 1000 distributio
1320 941 1390 1000 iactu

330 1031 572 1108 intellegeretur:¹
584 1030 710 1086 militibus
721 1049 799 1088 suum
809 1029 957 1109 quibusque
967 1031 1086 1087 ordimm
1098 1026 1266 1106 camelus.)
1287 1027 1389 1085 Eodem

332 1117 417 1174 modo
440 1115 597 1175 Svetobius
619 1115 697 1192 Aug.
710 1116 767 1173 40:
788 1117 916 1172 concussit
926 1111 1034 1194 (plebi)
1045 1134 1151 1182 rursus,
1172 1125 1203 1194 ut
1219 1117 1391 1187 succesus

334 1205 430 1260 mosis
452 1199 659 1282 (frumentum)
681 1203 820 1276 accense,
843 1200 900 1257 hoc
921 1209 978 1272 est,¹
998 1200 1028 1258 in
1051 1200 1324 1276 singulosmsnses3
1344 1215 1389 1254 nec

331 1287 418 1346 aliter
434 1287 536 1346 Livius
547 1285 702 1356 XXXHI,
716 1287 766 1356 46,
780 1287 815 1342 9:
830 1288 955 1361 pemseia,
977 1305 1047 1360 quac
1059 1289 1086 1342 in
1099 1287 1258 1360 supensus
1269 1286 1390 1342 um

331 1393 379 1432 suo
401 1392 506 1448 quoqne
526 1391 597 1429 anuo
609 1373 786 1447 pendentes-3
809 1389 979 1446 nsquacquc
1000 1371 1155 1440 scribatur,
1177 1370 1272 1446 ipsum
1291 1371 1321 1427 id
1331 1388 1390 1445 prc-

330 1459 426 1528 hibet,
460 1457 539 1532 quod
566 1457 759 1515 communiter
784 1475 872 1514 unam
884 1455 1041 1532 pecuniam.
1054 1456 1283 1532 comprehendit
1306 1453 1389 1534 [Add.

331 1545 451 1616 XXIV,
465 1543 525 1615 3‚5
548 1550 579 1600 et
599 1542 697 1614 XLV,
710 1543 760 1612 29,
774 1539 817 1620 9.]
856 1543 979 1612 Verum,
1000 1550 1033 1598 ut
1054 1551 1123 1598 suut
1145 1541 1236 1598 mirus
1258 1539 1390 1598 orationis

331 1631 363 1688 iu
383 1629 458 1688 elias
480 1638 568 1702 etque
591 1628 664 1686 elius
686 1626 796 1686 formas
818 1645 850 1684 se
871 1627 1013 1684 vertentis
1034 1626 1218 1696 inflexiones,
1242 1628 1320 1684 haec
1332 1643 1388 1681 con·

331 1715 455 1773 suetudo
477 1713 515 1771 ad
536 1713 630 1789 ipsam
652 1711 743 1784 illam,
765 1713 843 1770 unde
865 1721 929 1769 erat
950 1721 1028 1783 orte,
1057 1713 1225 1770 mutandam
1254 1711 1389 1769 interdum

331 1800 432 1858 valuit.
477 1799 554 1858 Nam
577 1809 697 1875 propter
717 1797 805 1856 huius
826 1797 1172 1875 generis-similitudinem
1184 1799 1272 1856 etism
1289 1797 1390 1854 invera

331 1885 546 1954 distributione,
570 1885 600 1940 iu
622 1903 681 1959 qus
702 1883 783 1942 aliud
798 1883 858 1941 ulio
874 1883 997 1940 relatum
1010 1883 1232 1960 significaretur,
1255 1881 1388 1940 interdurn

331 1991 396 2029 suus
418 1974 533 2045 quisquc
552 1969 731 2026 coniunctim
749 1968 858 2026 dietum
881 1978 936 2039 est,
959 1971 1149 2043 uuusquisque
1170 1969 1231 2026 ulio
1250 1987 1320 2026 essu
1330 1965 1388 2043 poni

331 2056 465 2126 deberet;
487 2056 530 2113 ita
551 2055 704 2112 divisionis
726 2065 757 2111 et
777 2054 971 2130 separationis
993 2053 1168 2130 significatio
1185 2055 1304 2122 eminet,
1324 2053 1388 2110 rela-

331 2141 420 2199 tionis
443 2141 624 2198 obscurstur.
673 2139 849 2198 Huiusmodi
876 2139 951 2198 illud
980 2149 1025 2196 est
1051 2139 1131 2214 apud
1151 2140 1270 2198 Livium
1297 2141 1327 2196 in
1346 2137 1387 2193 lib.

331 2227 390 2298 III,
409 2226 459 2298 22,
479 2227 511 2283 6:
546 2229 646 2300 equites
667 2228 727 2282 item
749 2245 814 2282 seue
834 2228 929 2299 cuique
945 2227 1024 2300 parti
1041 2236 1103 2300 poet
1119 2228 1257 2301 pensabis
1278 2227 1387 2282 collocet:

332 2311 457 2368 debebat
479 2311 566 2368 scribi
583 2330 659 2380 suose
682 2309 861 2381 Gronovius,
884 2328 949 2368 cum
972 2329 1106 2367 moeson
1117 2308 1218 2379 ferret,
1241 2307 1388 2368 euosnimis

331 2397 477 2454 violenter
498 2396 635 2454 substitui
657 2396 780 2466 rideret,
802 2415 854 2453 suo
875 2395 965 2452 scribi
977 2395 1103 2462 volebat,
1126 2397 1205 2470 quod
1222 2406 1253 2453 et
1261 2393 1387 2472 pravissi-

333 2501 411 2540 mum
434 2481 590 2538 verborum
613 2481 744 2538 ordinem
766 2482 856 2538 habet
877 2491 908 2537 et
929 2481 1103 2538 sententiam
1119 2480 1241 2550 falsum,
1264 2487 1387 2556 nampod

327 2570 466 2642 peincbia
486 2567 680 2624 communiter
700 2567 797 2624 locum
825 2566 984 2642 significan
1018 2565 1186 2624 distributio
1214 2585 1250 2624 es
1276 2575 1333 2630 est,
1361 2573 1386 2617 nt

332 2671 401 2710 suos
423 2671 557 2726 quaeque
579 2671 647 2727 pars
669 2651 782 2726 equites
799 2652 914 2708 habeut
947 2651 1059 2709 Eodem
1071 2651 1158 2709 modo
1170 2652 1274 2710 Livius
1285 2649 1387 2725 scripsit

331 2738 435 2808 XXV,
452 2739 499 2808 17,
513 2737 546 2794 5:
568 2755 627 2794 cum
649 2738 760 2794 uwtt'bus
782 2755 917 2794 aeneorum
938 2748 963 2794 et
983 2756 1123 2813 corporum
1145 2757 1211 2794 suae
1227 2737 1389 2812 ceu'qceqouti

332 2826 454 2893 assvcu's,
477 2821 845 2894 succensentes:
868 2825 938 2879 oliae
960 2824 1066 2880 totidem
1083 2823 1247 2900 (cohortes)
1270 2841 1332 2880 uene
1350 2839 1387 2876 cu·

331 2911 427 2984 iusque
448 2910 555 2982 imbuis
583 2909 819 2982 subsequebantur.
870 2906 957 2985 [Alis
984 2927 1021 2964 ex
1044 2909 1179 2966 Varrone
1207 2918 1238 2966 et
1263 2905 1387 2968 Vitruvio

333 2993 452 3070 collegit
472 2993 678 3051 Lachrnsnnus
699 2992 738 3049 ed
759 2993 875 3050 Lucrst.
897 2993 940 3063 Π,
964 2991 1051 3071 371]
1099 2992 1203 3052 Cicero
1226 3003 1322 3051 sutem
1341 2991 1387 3046 boc

332 3080 397 3137 loco
419 3079 449 3136 in
472 3079 547 3137 banc
569 3079 673 3136 incidit
687 3077 821 3144 formam,
844 3079 923 3152 quod
950 3089 979 3136 et
1000 3099 1066 3135 ecee
1093 3097 1215 3154 poscere
1237 3079 1387 3141 videbatur,

332 3168 500 3240 utquisque
521 3165 692 3234 adderetur,
726 3171 756 3220 et
783 3173 894 3235 tasnen,
929 3164 1122 3238 praecedente
1149 3169 1280 3240 cuiusque
1301 3162 1386 3240 purte·

332 3250 456 3308 eundem
484 3269 581 3307 cesum
609 3249 715 3306 iterum
742 3267 852 3324 ponere
878 3249 1028 3324 nequibat
1077 3246 1168 3326 (Gaio
1193 3268 1267 3319 „sus
1296 3255 1387 3325 sponte

333 3344 424 3412 putet,
447 3355 569 3411 quaeque
590 3343 693 3392 notare
715 3331 940 3414 quaecumque“.)

417 3441 517 3478 summe
538 3431 630 3477 nostra
656 3429 749 3495 sponte
770 3417 935 3498 moveamur)
968 3417 1093 3479 Secutus
1121 3437 1184 3477 sum
1207 3429 1334 3477 veterem
1353 3414 1386 3472 ll·

333 3504 419 3562 Bruti
442 3505 666 3576 correctionem
695 3504 836 3562 edebatur
857 3504 935 3562 enim
957 3524 1061 3562 summa
1082 3515 1176 3562 nostra
1197 3516 1297 3580 sponte.
1337 3497 1386 3560 Sed

332 3599 432 3665 epona,
456 3591 535 3665 quod
556 3591 678 3666 legitimi
701 3590 878 3648 substantivi
899 3591 960 3648 vim
982 3590 1142 3647 nonhabet
1163 3589 1245 3668 (nsm
1257 3585 1386 3666 poneris·

331 3693 379 3732 res
401 3674 516 3732 demum
539 3675 604 3732 susi
625 3684 693 3734 sunt
714 3687 806 3751 sponte
816 3679 930 3734 alicuius
942 3674 1062 3752 dicere),
1085 3675 1262 3734 ediectivum
1273 3675 1386 3734 sibinen

332 3759 478 3836 adiungit,
511 3759 678 3835 fruustraque
705 3760 735 3818 in
757 3760 988 3835 frequentissimi
1014 3771 1044 3818 et
1066 3761 1222 3818 certissimi
1243 3779 1327 3831 nens,
1350 3756 1386 3812 in·

332 3854 429 3903 certae
451 3845 573 3922 originis
595 3864 667 3904 voce
689 3863 871 3903 communem
894 3846 1144 3904 substantivorum
1166 3856 1301 3904 usturam
1320 3859 1386 3901 eom·

332 3939 504 4002 memorent,
527 3949 614 4005 quem
637 3950 673 3988 ee
694 3949 753 3988 non
775 3932 915 4006 sequitur.
944 3927 1007 4010 (De
1019 3933 1109 4009 Legg.
1125 3934 1149 4000 I,
1163 3933 1203 3990 45
1216 3931 1318 3991 Cicero
1329 3944 1385 3986 con·

333 4016 425 4072 truria
446 4015 545 4090 posuit
566 4035 617 4074 sua
639 4027 744 4092 eponae,
772 4037 824 4073 non
845 4019 946 4084 alicam
979 4037 1034 4093 per
1060 4037 1091 4074 se
1118 4020 1206 4076 adme
1228 4029 1318 4093 sponte
1337 4027 1384 4070 non

332 4100 453 4172 diuitum,
476 4102 527 4159 sed
547 4109 644 4158 temen
666 4103 754 4160 aliena
775 4121 829 4176 pro
851 4103 1024 4178 pronomine
1047 4113 1104 4171 est3
1133 4103 1298 4178 quaeritur,
1319 4099 1383 4158 die·

332 4193 417 4243 turne
441 4206 544 4244 summa
566 4188 653 4243 aliena
675 4182 789 4268 εροηιε.)
833 4188 948 4245 Deinde
970 4207 1064 4263 neque
1077 4190 1170 4266 megis
1190 4207 1287 4263 neque
1304 4187 1383 4245 mim]s

332 4281 433 4328 nostra
444 4280 547 4347 sponte
559 4271 671 4346 aliquid
682 4271 821 4343 facimus3
834 4273 966 4333 Clericus
979 4274 1058 4351 (Art.
1067 4273 1139 4334 Crit
1147 4275 1207 4347 III,
1219 4275 1236 4332 I
1247 4293 1272 4332 c.
1287 4277 1331 4344 ll,
1339 4259 1383 4342 21)

333 4363 363 4413 et
384 4375 450 4414 eum
473 4375 597 4432 sequens
620 4356 713 4416 Gaius
734 4369 906 4434 comparant
928 4359 1075 4418 Grsecum
1097 4349 1228 4435 μάλιστα
1250 4347 1382 4418 ἑκουσίως,
