3034 5030
317 379 380 445 358
711 398 756 444 nn
778 397 910 446 vlumus
932 397 1004 444 nou.

316 566 393 645 alia,
420 567 476 631 sed
499 575 601 632 tarum
624 581 747 646 omnes,
782 585 864 648 quas
886 585 951 632 rem
974 567 1069 634 ullam
1091 569 1216 634 virtutis
1238 579 1403 651 expertem

316 673 372 732 ant
392 668 425 733 in
448 668 537 733 bonis
559 675 615 733 ant
641 669 673 733 in
695 667 786 734 malis
814 677 991 748 numerent,
1025 689 1079 736 eas
1112 691 1175 736 non
1203 673 1295 736 modo
1323 673 1402 737 nihil

317 770 467 834 emutare
488 769 625 836 arbitror
660 787 760 852 neque
787 769 808 850 †
835 769 1006 850 affirmare,
1041 792 1103 855 quo
1124 773 1269 838 meliores
1291 775 1402 854 simus,

317 873 374 937 sed
395 872 498 953 ipsam
525 874 701 954 depravare
729 881 880 938 naturam.
930 873 1011 938 Nam
1038 875 1097 940 nisi
1126 875 1184 941 boc
1211 875 1403 956 obtineatur,

279 977 300 1040 ὃ
318 975 350 1040 id
373 975 610 1041 solumbonum
634 993 712 1053 csse,
735 976 819 1056 qnod
841 976 1005 1041 honestum
1028 977 1077 1056 sit,
1101 977 1184 1043 nullo
1207 979 1299 1043 modo
1321 997 1402 1060 pro-

316 1077 384 1142 bari
410 1077 525 1159 possit,
559 1077 682 1142 beatam
710 1077 805 1142 vitam
832 1077 947 1145 virtute
974 1077 1067 1156 efflas
1102 1080 1186 1161 quod
1220 1080 1246 1166 si
1274 1081 1318 1145 ita
1346 1083 1402 1160 sit,

389 1286 411 1336 i.
429 1291 544 1347 expertem
562 1281 695 1332 ambi:
732 1269 754 1332 d.
777 1281 918 1350 [aurucha
937 1299 988 1336 om.
1007 1284 1039 1344 ia,
1057 1283 1091 1350 A]
1112 1287 1277 1334 aomoearttit
1312 1291 1334 1334 8.
1354 1303 1402 1335 ar-

315 1351 444 1401 bitrcreE
500 1351 580 1402 neec
632 1351 762 1416 offensi,
815 1360 838 1404 4,
857 1351 882 1402 si
896 1351 939 1402 boo
957 1369 1002 1400 noa
1023 1352 1184 1404 urticam.

401 1544 507 1598 uirtutis
529 1540 678 1623 apportem
701 1541 734 1601 Si
757 1542 799 1600 sic
817 1542 922 1601 Cicero
945 1543 1073 1619 scripsit,
1097 1544 1184 1600 valde
1207 1543 1403 1620 neglegenter

316 1627 444 1704 scripsit,
468 1635 617 1702 tamquam
641 1628 677 1684 de
700 1627 771 1685 solis
794 1628 966 1688 bonisCato
989 1629 1142 1703 loquatur3
1166 1629 1218 1686 aad
1235 1630 1403 1705 vixpotuit

314 1713 345 1770 in
379 1721 462 1769 tanta
494 1713 647 1770 vicinitate
668 1713 814 1784 oblivisci,
848 1713 885 1771 de
917 1714 1051 1788 utrisque
1090 1715 1153 1792 agi3
1186 1725 1322 1790 apertum
1351 1726 1403 1774 ast

314 1799 393 1856 enirn
416 1797 648 1856 desiderorium
670 1802 728 1855 stitit*
749 1795 1024 1879 (cattorpr'tudim's),
1047 1799 1243 1874 videruntque
1266 1801 1296 1857 id
1307 1801 1398 1858 Lam·

315 1885 412 1955 binus,
435 1883 587 1954 Davisius,
600 1884 751 1954 Bromium
775 1883 870 1943 Gaius
882 1885 954 1942 talia
965 1903 1024 1941 non
1037 1893 1129 1943 curat.
1153 1882 1272 1966 [Simile
1285 1895 1400 1958 tamem

315 1969 395 2044 qnod
415 1970 471 2040 lv,
496 1971 535 2026 47
560 1966 734 2049 notabitur.]

402 2075 485 2130 oeque
506 2053 661 2133 affimtore)
694 2055 761 2112 Hoc
789 2066 960 2130 corruptum
983 2073 1063 2126 esse,
1098 2064 1177 2112 recte
1207 2056 1401 2114 consentiunt

315 2141 449 2217 plerique
471 2141 614 2210 editoras;
637 2159 705 2197 nam
728 2159 824 2215 neque
846 2143 987 2216 aspiratam
1008 2143 1115 2216 oliqm'd
1136 2149 1236 2216 potest
1258 2159 1323 2198 esse
1345 2145 1400 2200 do-

315 2245 373 2283 cere
394 2243 490 2300 neque
513 2226 652 2302 coniungi
674 2235 787 2302 potest:
815 2227 881 2283 ‚arbit
902 2229 1033 2284 adiuuant
1055 2229 1304 2302 nequecffirmcat,
1328 2246 1400 2285 cum

315 2312 489 2388 praesertim
512 2312 578 2367 nihil
599 2311 690 2388 priori
714 2313 805 2369 verbo
827 2331 881 2388 pro
893 2313 1034 2370 adverbio
1052 2313 1230 2388 adiungatur
1251 2313 1332 2386 (nihil
1349 2333 1402 2370 reos

316 2395 475 2468 actionem),
510 2397 596 2453 alteri
623 2415 677 2473 pro
708 2416 779 2456 vero
801 2398 972 2455 accusativo
995 2417 1059 2454 asse
1081 2398 1196 2454 debeat.
1242 2397 1402 2457 Sententia

315 2500 391 2556 quae
413 2491 500 2553 esset,
524 2483 665 2540 Davisius
687 2482 778 2552 vidit;
811 2483 868 2540 hoe
895 2483 973 2540 enim
1001 2503 1019 2539 a
1040 2483 1229 2560 philosophia
1251 2482 1328 2541 Cato
1351 2503 1402 2541 re·

315 2567 414 2642 quirit,
439 2578 471 2625 ut
494 2585 547 2625 nos
570 2568 691 2625 adiuvet
712 2577 742 2624 et
764 2568 881 2645 longius
898 2569 1040 2644 producat
1063 2578 1115 2627 aut
1126 2569 1230 2626 saltem
1243 2569 1403 2628 confirmet

313 2651 344 2710 in
368 2653 415 2724 iis,
439 2672 514 2728 quae
537 2673 555 2710 a
571 2661 678 2710 natura
689 2654 860 2725 habeamus,
884 2673 943 2728 quo
967 2651 1062 2730 (ntea
1075 2656 1121 2732 re)
1144 2654 1401 2713 rnclioressimus.

316 2737 376 2798 Sed
403 2738 483 2813 qnod
509 2739 651 2796 Davisius
678 2741 818 2813 offirmare
847 2759 901 2815 pro
929 2739 1121 2797 confirmandi
1151 2740 1243 2797 verbo
1267 2741 1401 2814 positum

315 2832 413 2900 putat,
447 2833 526 2881 recte
555 2824 685 2883 Orellins
718 2823 871 2882 ferendum
894 2826 974 2900 apud
996 2825 1169 2884 Ciceronem
1193 2836 1295 2901 negat,
1325 2821 1402 2905 [etsi

314 2909 418 2966 Livius
442 2909 484 2966 sic
506 2910 583 2967 dixit
605 2908 808 2988 aliquotiens}
852 2911 958 2985 Itaque
987 2911 1034 2967 hic
1064 2923 1116 2968 aut
1143 2911 1300 2984 eonfirotcre
1328 2929 1400 2968 curn

316 2994 431 3054 Orellio
443 2995 630 3053 scribendum
653 3007 698 3053 est
720 3006 772 3053 ant
793 2997 892 3072 potius
907 2998 1037 3070 ,inuam
1061 2997 1108 3053 cui
1127 3015 1164 3054 ex
1187 2996 1281 3053 altero
1304 2997 1403 3054 verbo

317 3077 476 3160 (adtrivere)
499 3081 681 3158 praepositio
703 3081 847 3139 adhaesit
875 3081 963 3155 Quod
979 3081 1009 3138 in
1033 3083 1096 3139 rod.
1111 3082 1192 3139 Leid.
1205 3082 1347 3157 scriptum
1361 3083 1403 3138 ab

316 3165 504 3224 emendatore
517 3175 570 3238 est,
593 3169 691 3241 offerre
713 3168 868 3225 ediderunt
884 3167 1036 3224 Manutius
1054 3177 1084 3223 et
1095 3168 1271 3236 Lambinus,
1295 3168 1402 3225 nescio

315 3251 403 3320 unde,
422 3269 477 3309 nec
490 3251 650 3326 quidquam
663 3253 700 3308 ad
711 3253 742 3309 id
754 3273 791 3310 ex
804 3253 859 3312 EU
871 3261 1039 3322 annotatur,
1063 3253 1199 3327 idemque
1212 3251 1403 3311 Garatonius

314 3337 345 3394 in
369 3337 432 3394 cod.
454 3337 619 3396 Barbarino
642 3333 709 3418 (cfr.
722 3339 786 3408 κάξ
801 3338 834 3417 7)
857 3339 989 3414 repperit
1010 3337 1063 3414 (ad
1075 3338 1179 3396 Milon.
1191 3357 1219 3413 p.
1234 3337 1274 3396 59
1286 3339 1401 3414 Bon.);

314 3441 418 3480 verum
446 3432 476 3479 et
503 3423 590 3500 longe
617 3441 635 3479 a
662 3424 746 3480 libris
774 3424 831 3481 tide
863 3424 959 3498 dignis
981 3423 1107 3481 discedit
1129 3442 1164 3482 ea
1186 3423 1334 3499 scriptura
1358 3437 1401 3494 et,

315 3508 395 3582 qnod
417 3527 507 3584 snpra
529 3509 628 3586 attigi,
658 3527 723 3565 cum
745 3511 877 3584 offerendi
892 3509 984 3566 verbo
1011 3511 1078 3566 nihil
1099 3528 1157 3567 non
1181 3509 1284 3567 ecdem
1309 3509 1403 3568 modo

316 3593 504 3671 coniungitur
526 3604 614 3668 atqua
637 3613 703 3651 cnm
725 3595 883 3651 adiuvandi.
918 3594 1058 3652 Omnium
1070 3595 1189 3652 minime
1201 3595 1223 3652 ii
1240 3595 1403 3670 probandi,

316 3679 367 3754 qni
389 3689 511 3754 propter
532 3680 619 3738 unius
641 3679 723 3736 vocis
746 3680 882 3738 mendum
906 3679 989 3748 alias,
1012 3698 1087 3754 quae
1111 3679 1184 3737 nihil
1202 3680 1403 3738 dubitationis

315 3765 435 3836 habent,
459 3775 574 3822 mutant
597 3775 626 3823 et
648 3765 756 3822 delent

401 3853 455 3906 uisi
476 3851 524 3908 boe
546 3847 710 3929 obtineatur)
735 3851 784 3910 Sic
796 3851 884 3908 etiam
897 3850 963 3907 Pal.
979 3853 992 3906 l
1008 3861 1038 3908 et
1050 3870 1106 3926 mg.
1130 3849 1211 3909 Crat
1225 3848 1291 3929 [B].
1321 3851 1402 3908 Edd.

316 3953 418 3994 omnes
440 3939 466 3992 si
487 3937 535 3994 hoo
557 3956 623 4006 norm
647 3937 733 4008 Dav„
757 3936 852 3996 Gaius
874 3945 981 3993 tacent.

402 4023 476 4096 quod
492 4025 517 4078 oi
532 4025 570 4078 ito
587 4025 630 4094 sit,
654 4041 702 4080 eor
725 4021 794 4096 cet.)
821 4023 885 4082 Cur.
909 4022 987 4096 quod
1010 4021 1108 4079 Aldus
1137 4020 1250 4097 primus
1268 4020 1403 4079 edidisse

316 4107 443 4178 videtur,
466 4127 523 4164 om.
547 4108 634 4164 etiam
646 4108 723 4165 Pall.
739 4111 751 4164 l
768 4106 881 4186 [Grut,
895 4126 953 4165 non
967 4103 1067 4186 Bait],
1092 4107 1120 4177 2,
1134 4109 1152 4163 4
1166 4103 1236 4185 [B];
1260 4109 1401 4164 contrad

316 4213 351 4248 aa
364 4191 455 4249 habet
473 4212 526 4269 pro
549 4213 611 4262 (την,-
641 4203 674 4251 ut
685 4193 765 4252 Oxx.
778 4188 839 4268 Εξχ
861 4189 904 4274 (U
916 4214 951 4250 ou
964 4191 1041 4270 aar);
1069 4213 1118 4250 cur
1140 4201 1252 4249 tantum
1275 4192 1356 4249 Pall.
1383 4193 1403 4250 3

316 4287 346 4333 et
370 4279 386 4334 6
412 4277 502 4352 (Dav.
525 4291 554 4336 et
577 4277 670 4338 Gaius
693 4277 821 4360 tacent),
844 4280 944 4342 miror,
968 4278 1115 4353 quomodo
1138 4277 1282 4334 exciderit
1305 4278 1403 4353 parti·
1443 4273 1454 4298 ⁸

317 4363 383 4420 cula
405 4373 474 4438 apta
497 4373 526 4420 et
549 4365 715 4422 necessaria
736 4364 766 4422 in
790 4365 854 4421 eod.
877 4364 1047 4440 archetypo.
1081 4363 1153 4420 Mox
1171 4382 1287 4440 pronon
1301 4383 1404 4438 stropho
