2948 5024
329 383 392 447 676
719 400 764 446 ou
786 399 917 447 eminus
940 400 1010 446 eon.
1082 415 1085 422 Δ

330 568 511 646 membrat
510 575 622 632 ueatur
627 568 737 633 iSic
759 570 799 634 ad
821 568 881 646 illa,
904 587 985 650 queo
1008 587 1132 649 semper
1153 567 1274 644 hebuit,
1296 567 1388 646 iunget

330 689 376 748 ee
399 688 478 750 quae
500 677 611 750 postea
622 671 817 750 accesserint
840 668 1143 746 ueceundemfinem
1153 669 1289 743 hebebit
1311 685 1389 748 quen

330 772 429 836 cuitu
451 771 516 836 eius
538 772 678 853 habebat
700 773 756 838 sed
778 771 861 838 volet
883 774 1051 838 secundum
1065 777 1299 848 eamnaturam,
1321 787 1390 851 quoe

329 881 439 956 postea
461 874 488 938 ei
510 874 657 940 adiuncta
679 881 742 953 est,
765 875 878 940 virere.
912 875 961 938 Ite
983 873 1090 938 similis
1112 874 1172 939 erit
1193 870 1304 936 eiflnis
1320 870 1389 946 boui

293 983 424 1058 iretque
445 983 538 1040 antee
559 975 668 1056 fuerat
692 995 792 1058 neque
812 977 894 1042 idem
916 983 1034 1054 tamem
1056 995 1117 1040 non
1140 974 1222 1040 enim
1243 975 1306 1038 iem
1328 972 1390 1037 stir-

329 1078 378 1158 pis
398 1078 513 1143 bonum
535 1085 674 1160 quaeret
697 1078 914 1144 sedenimelis
944 1078 1039 1157 Quid,
1062 1077 1089 1142 si
1113 1096 1174 1142 nou
1187 1095 1298 1142 sensus
1309 1075 1389 1138 modo

329 1181 357 1245 ei
379 1181 470 1246 datus
492 1179 542 1259 sit
564 1180 787 1246 verumetiam
808 1181 929 1245 enimus
951 1180 1105 1245 hominis?
1128 1199 1191 1244 non
1206 1197 1332 1244 necesse
1341 1183 1389 1251 est

400 1390 419 1432 1.
438 1385 511 1449 inopie
530 1384 572 1434 Lc
592 1383 714 1450 r'unpatR
783 1390 807 1434 8.
830 1385 879 1434 aias
902 1389 959 1450 (pro
977 1385 1039 1448 eum)
1063 1385 1081 1434 Ε
1152 1391 1175 1432 4.
1193 1384 1225 1433 eit
1242 1397 1334 1440 omnes,
1351 1380 1388 1429 Or.

329 1461 350 1503 et
368 1461 422 1518 (pro
440 1452 469 1515 ei)
487 1453 577 1502 EPCR
596 1468 644 1504 om.
664 1453 685 1502 Ι,
756 1459 778 1504 5.
798 1462 819 1503 et
838 1459 894 1518 (pro
913 1455 993 1518 atque)
1013 1453 1033 1500 P
1091 1457 1105 1501 t
1138 1451 1249 1510 Quodsi
1265 1450 1388 1501 necem.

328 1521 395 1570 modo
412 1538 495 1570 sensus
512 1539 558 1570 oon
577 1522 596 1570 E
646 1521 752 1571 dmodo
772 1523 794 1572 R
847 1526 869 1572 7.
888 1523 918 1571 rit
935 1522 1006 1572 datae
1025 1521 1158 1571 LPCROr.
1211 1537 1289 1570 cerum
1305 1518 1388 1568 morunt

328 1599 362 1639 est
380 1590 449 1640 etium
468 1590 561 1640 animur
579 1591 600 1639 Ε
619 1607 698 1640 comm
716 1591 786 1640 etiam
804 1591 904 1651 animus,
923 1600 944 1640 ct
962 1591 1054 1640 animas
1072 1589 1115 1640 Or.

327 1799 358 1856 in
381 1798 502 1856 vocibus
524 1802 549 1855 ei
569 1800 685 1856 merendra
711 1798 783 1868 ordo
806 1807 934 1868 constat,
968 1799 999 1855 in
1028 1799 1156 1854 adiuncto
1178 1797 1282 1854 veriat
1322 1795 1386 1852 Post

327 1903 420 1941 semus
442 1885 550 1941 rectius
568 1884 685 1942 definite
708 1885 824 1940 oeembru
846 1892 1111 1941 commemorantur
1127 1901 1215 1957 quam
1243 1881 1388 1938 infinitee'

328 1989 398 2044 qua3
430 1969 555 2026 debebat
577 1969 680 2026 saltem
702 1969 771 2026 addi
792 1971 857 2026 olio.
891 1967 1006 2027 Guuu
1031 1979 1102 2039 sicot,
1126 1969 1205 2042 qnod
1221 1982 1384 2042 quemquem

328 2055 396 2112 huic
418 2055 554 2129 obliquae
577 2054 704 2112 orationi
725 2054 980 2112 vehementissime
1001 2063 1154 2130 repugnet,
1178 2073 1216 2110 ex
1238 2053 1282 2110 ed.
1302 2051 1386 2128 prime

328 2139 461 2197 adeline
484 2140 624 2214 quasdem
653 2149 848 2216 propagatum
871 2149 923 2196 est.
973 2139 1084 2198 Contra
1116 2139 1205 2214 paulo
1233 2147 1311 2214 post
1341 2133 1384 2192 ubi

328 2235 409 2282 rocta
432 2225 563 2283 oratione
586 2226 657 2283 Piso
679 2226 810 2300 loquitur
830 2223 1012 2324 tbahedit-
1036 2223 1125 2302 volet),
1148 2220 1384 2281 necessariodici·

328 2321 376 2368 tur
397 2313 526 2369 adiuncto
548 2321 600 2380 ειη
623 2311 706 2388 fingit
728 2311 805 2368 enirn
828 2310 901 2386 ipse,
924 2309 1089 2367 adiunctam
1114 2329 1178 2367 esse
1201 2308 1249 2389 (ut
1269 2317 1332 2366 ente
1346 2305 1384 2362 di·

328 2396 382 2453 cit:
404 2416 474 2470 quae
496 2394 610 2477 debuit),
633 2415 691 2454 non
713 2396 827 2454 erborie
850 2382 1023 2454 sententiam
1047 2395 1206 2472 significan
1234 2395 1329 2469 iteqne
1347 2391 1384 2448 sie

329 2481 442 2557 scripsi,
466 2491 597 2539 correcto
620 2501 786 2552 coemere,
810 2481 845 2538 de
868 2500 926 2555 quo
949 2481 1011 2538 dixi
1034 2481 1070 2538 ed
1093 2481 1151 2550 ΠΙ,
1163 2481 1213 2538 58.

413 2570 462 2624 erit
483 2587 506 2624 ee
503 2564 604 2646 ¹finis)
629 2567 678 2626 Sic
700 2568 757 2626 Tb.
772 2567 924 2624 Bentlerus
936 2567 1079 2636 correxit,
1103 2566 1209 2640 quod
1201 2584 1231 2622 ιιι
1244 2565 1305 2622 cod
1315 2561 1382 2620 ereb.

328 2662 405 2710 eret:
428 2655 477 2710 erit
499 2663 523 2710 et
538 2655 619 2726 fiais;
653 2661 697 2710 est
725 2653 801 2709 enim
832 2652 967 2708 mendum
990 2647 1182 2728 pervagetum
1205 2649 1272 2729 (cfr.
1293 2654 1307 2720 ξ
1329 2649 1383 2717 69).

330 2738 455 2795 bienutii
467 2747 496 2795 et
507 2738 610 2796 Lemb.
622 2749 647 2794 et
662 2738 804 2808 delerent,
823 2757 876 2794 nec
888 2737 967 2796 Oxx.
979 2746 1122 2795 annotant
1133 2737 1191 2793 nisi
1203 2755 1241 2794 ex
1254 2731 1293 2812 ξχ.
1318 2731 1383 2791 Mire

328 2823 463 2880 Handiue
486 2823 571 2880 Ture.
594 2825 627 2881 II
649 2843 676 2899 p.
695 2825 756 2880 514
778 2835 803 2880 et
824 2824 925 2880 eodem
950 2822 1036 2880 modo
1058 2822 1153 2898 accipi
1177 2822 1253 2894 vult,
1286 2838 1339 2894 quo
1357 2817 1383 2872 in

329 2908 524 2983 comparando
548 2908 680 2966 dicamus
702 2912 740 2966 eie
762 2920 786 2966 et
808 2910 856 2966 boc
878 2927 930 2984 pro
953 2911 1040 2966 etium
1084 2907 1218 2965 Primum
1241 2901 1383 2964 saltemsic

328 2993 416 3050 scribi
439 2993 553 3051 debuit:
577 2996 620 3051 Itu
642 3005 666 3058 et
681 2997 748 3068 finis
770 3003 835 3061 cet,
863 2993 968 3050 deinde
991 2993 1033 3050 sic
1055 2993 1110 3050 boe
1132 2993 1294 3059 diceretur,
1320 3000 1382 3046 taru-

328 3097 415 3153 qnom
438 3079 463 3136 si
485 3078 521 3135 de
543 3079 602 3136 elia
629 3099 660 3137 re
688 3089 756 3137 ente
779 3080 888 3137 dictum
911 3088 1002 3148 esset3
1035 3078 1117 3153 atqui
1145 3077 1316 3154 praecessit:
1345 3090 1383 3128 nec

327 3165 438 3222 eundem
465 3165 570 3222 debebit
595 3167 676 3238 finem
705 3174 759 3222 cet.
805 3164 854 3224 Sic
881 3164 980 3239 apices
1002 3162 1212 3234 defendentur,
1245 3173 1278 3221 ut
1297 3161 1383 3234 eliqua

327 3259 425 3307 tamen
448 3250 609 3308 sententiae
631 3259 661 3307 et
683 3250 824 3328 sermonis
846 3249 922 3306 ratio
944 3249 1076 3306 ducetur.

417 3334 499 3406 Quid,
523 3339 548 3392 et
564 3356 615 3392 non
637 3356 730 3393 seriens
747 3333 816 3411 cet)
839 3334 1022 3394 Vividiorem
1033 3335 1108 3391 hanc
1119 3334 1262 3392 orationis
1273 3332 1381 3391 formem

327 3421 358 3476 in
381 3439 505 3479 ascensu
527 3420 565 3478 ed
586 3421 696 3492 maius,
729 3437 817 3495 quem
845 3421 933 3477 etiem
956 3439 972 3477 e
995 3419 1072 3495 Spir.
1095 3417 1151 3496 [B]
1175 3418 1268 3478 Gzius
1290 3414 1396 3494 pendit·

327 3525 503 3580 quamquem
526 3507 666 3582 exiguum
677 3515 722 3563 est
732 3505 761 3562 in
774 3506 829 3562 hec
839 3524 872 3563 re
883 3505 1016 3563 codicum
1028 3513 1208 3562 momentum
1226 3505 1291 3582 (cir.
1303 3508 1316 3574 ξ
1328 3498 1381 3576 47),

328 3609 380 3648 cur
402 3589 531 3650 Orellius
553 3610 572 3647 a
593 3592 650 3648 loci
673 3591 819 3648 sententia
840 3590 965 3648 alienam
989 3591 1081 3661 dicet,
1110 3609 1168 3647 non
1197 3591 1296 3659 rideo;
1317 3604 1382 3644 com-

328 3677 446 3734 mendat
468 3695 532 3732 cem
555 3677 687 3734 subiecta
698 3695 763 3734 cum
774 3676 960 3733 vehementia
976 3677 1102 3750 quedam
1114 3675 1320 3752 interroget-im
1340 3669 1382 3728 cir.

327 3763 369 3832 11,
389 3763 444 3832 793
467 3761 503 3818 de
525 3762 626 3819 Divin.
649 3762 691 3834 Π,
715 3763 771 3819 83·
804 3761 886 3832 Quid,
909 3764 1045 3836 quod—
1065 3769 1194 3818 tricentur?
1222 3782 1274 3818 uon
1294 3774 1382 3817 neccsse

328 3858 366 3904 eei
388 3857 464 3905 cett
486 3844 594 3928 [Datus
616 3851 651 3904 eit
672 3847 760 3904 etiam
783 3848 817 3905 B.
861 3847 936 3904 Edd.
960 3843 1099 3926 inverse]

412 3937 592 3991 verumetiam
602 3937 707 3990 animus
719 3933 843 4008 bominis)
861 3933 896 3990 In
907 3933 969 3990 Eri.
982 3927 1089 4012 [etB]
1113 3941 1222 3990 utnon
1240 3951 1305 3989 roro
1316 3926 1383 3986 olibi

327 4018 503 4094 repetitione
519 4019 601 4077 vocis
617 4019 763 4094 scriptura
773 4017 896 4076 confiisa
907 4027 960 4075 est.
993 4018 1112 4088 Nescio,
1131 4017 1209 4074 unde
1220 4019 1333 4076 Marsus
1353 4009 1384 4089 (si

327 4103 454 4161 Herteiii
475 4104 593 4162 silentio
615 4102 816 4180 credipotest)
839 4113 878 4174 et,
901 4103 1090 4178 quodmiror
1113 4103 1192 4162 Vict
1211 4099 1382 4204 sumpserint

328 4188 407 4261 quod
429 4189 509 4245 ab''
488 4209 525 4246 us
547 4199 699 4265 acceptum
722 4188 851 4249 Orellius
874 4189 986 4264 posuit:
1014 4193 1120 4246 animus
1142 4199 1167 4246 ct
1188 4193 1293 4246 animae
1314 4187 1382 4244 icon·

328 4276 384 4342 ηἱις
407 4271 485 4352 (cod.
498 4274 642 4351 Stephani
663 4275 761 4332 nullus
784 4273 851 4354 est).
882 4274 941 4334 Sed
953 4275 1080 4351 speciem
1104 4283 1218 4332 tantum
1239 4275 1291 4332 illu
1306 4273 1382 4330 inter·

328 4357 439 4433 polatio
462 4359 559 4432 hebet,
582 4379 640 4418 non
664 4360 826 4418 veritatem.
869 4360 997 4418 Videtur
1024 4359 1102 4418 enim
1129 4379 1148 4417 a
1169 4378 1257 4418 sensu
1278 4353 1382 4416 transiri
