3000 5044
430 415 474 462 nn
498 415 579 464 nan.
595 415 658 462 ma
675 416 709 464 rv
732 415 805 470 can.
825 419 864 464 rr.
1123 399 1185 466 551

111 585 215 664 vendi,
237 603 256 649 a
278 603 313 650 se
334 583 489 665 principia
517 584 564 650 rei
592 585 747 667 gerendae
773 586 855 667 peti;
888 605 959 652 esse
987 586 1067 651 enim
1094 604 1188 652 unam

111 686 275 766 rationem,
297 705 359 768 qua
382 692 414 752 et
435 687 587 768 principia
608 687 713 754 rerum
735 689 927 770 agendarum
950 694 982 754 et
1002 687 1111 753 ultima
1131 688 1187 754 bo·

112 807 226 854 norum
248 789 489 868 continerentur,
511 795 606 872 atque
627 796 663 854 ut
683 789 839 856 Aristonis
861 795 945 855 esset
966 791 1094 872 explosa
1116 809 1187 856 sen-

111 891 220 970 tentia,
242 891 380 972 dicentis
403 890 615 956 nihildilierre
631 891 716 957 aliud
732 893 771 957 ab
788 892 850 957 alio
867 910 924 957 nec
946 911 1015 958 esse
1035 912 1085 958 res
1108 893 1188 958 ullas

111 1001 239 1075 praeter
260 993 392 1058 virtutes
414 1001 445 1058 et
466 993 550 1072 vitia,
571 993 652 1060 inter
674 1003 752 1076 quas
774 995 943 1077 quidquam
955 995 1079 1059 omnino
1091 995 1227 1062 inter-5

112 1101 205 1176 esset,
228 1095 273 1160 sic
294 1115 401 1162 errare
422 1097 591 1176 Zenonem,
625 1097 678 1178 qui
706 1097 790 1161 nulla
816 1097 849 1162 in
877 1117 912 1162 re
939 1096 999 1162 nisi
1020 1097 1051 1161 in
1073 1097 1189 1163 virtute

110 1205 169 1263 aut
190 1198 263 1263 vitio
285 1198 522 1280 propensionem
545 1217 584 1262 ne
605 1198 724 1264 minimi
745 1199 869 1281 quidem
890 1199 1036 1264 momenti
1052 1201 1188 1265 adsum-

112 1319 199 1364 mum
221 1301 334 1366 bonum
356 1300 590 1382 adipiscendum
612 1319 681 1366 esse
703 1301 820 1366 diceret
841 1309 885 1382 et,
913 1320 983 1366 oum
1004 1302 1046 1367 ad
1066 1302 1188 1368 beatam

110 1403 209 1468 vitam
230 1402 349 1467 nullum
370 1409 560 1468 momentum
582 1409 684 1469 cetera
705 1403 870 1482 haberent,
898 1405 939 1469 ad
966 1405 1189 1485 appetitionem

184 1629 205 1674 l.
221 1624 359 1689 perendil'l
395 1624 494 1690 petiisse
512 1627 568 1691 (pro
583 1625 634 1691 peti
650 1626 748 1689 aselli
795 1631 819 1680 5,
838 1623 986 1690 quicquidli
1032 1629 1053 1677 7.
1073 1635 1115 1676 ont
1133 1625 1188 1676 onio

109 1694 185 1743 uncis
202 1694 306 1743 inclusit
324 1693 367 1744 Or.
402 1693 560 1743 minimam?
596 1697 618 1743 9.
637 1712 667 1744 ec
685 1712 723 1744 res
740 1693 834 1744 laberer
852 1710 947 1754 omnes,
967 1693 1010 1744 Or.

113 1909 177 1958 tum
199 1920 362 1978 pronomen
374 1902 445 1978 poni
457 1900 607 1977 debebat),
630 1903 816 1978 quodcumque
833 1936 873 1948 ——
891 1905 979 1960 veniat
996 1935 1037 1944 —
1054 1914 1187 1975 mennae,

110 2006 141 2044 ee
175 1991 252 2062 sequi
278 1989 365 2046 debent
392 1998 417 2045 et
443 2007 489 2045 vos
518 2021 559 2030 —-
587 1991 759 2046 revertemini.
809 1990 887 2060 Noa,
928 1988 1000 2064 quid
1027 1989 1187 2065 scripserit,

112 2091 292 2147 quaerimus.

198 2178 256 2216 esse
279 2179 358 2215 nesam
380 2160 517 2227 rationem,
540 2178 596 2234 qno
618 2192 660 2200 -
682 2155 891 2236 continerentur)
922 2159 1050 2217 Prorsus
1073 2159 1188 2216 notabi-

108 2243 181 2300 liter
202 2243 316 2316 Cicero,
341 2262 406 2302 cum
429 2252 498 2320 apte
520 2245 558 2300 ad
568 2244 609 2316 id,
626 2245 706 2318 quod
715 2245 868 2320 praecedit
879 2241 1080 2323 (revertemini),
1104 2263 1188 2302 orsus

108 2337 191 2386 esset
211 2349 230 2386 a
250 2329 350 2387 futuro
366 2329 521 2405 potentiali
544 2327 601 2408 (--
618 2331 660 2388 sic
677 2349 729 2387 cur
740 2329 896 2406 appellem,
919 2331 1075 2407 apparebit
1092 2349 1130 2388 ex
1141 2331 1188 2402 iis,

108 2433 188 2490 quae
211 2415 359 2491 disputavi
382 2414 491 2491 Opusc.
503 2416 598 2474 Acad.
609 2416 642 2472 Il
658 2435 687 2492 p.
701 2416 739 2474 82
763 2434 837 2490 sqq,
862 2417 900 2474 97
914 2435 976 2491 sqq.
989 2413 1055 2490 —),
1078 2416 1187 2474 oratio·

109 2519 180 2558 nem
203 2500 240 2557 ad
263 2500 343 2558 alind
366 2509 481 2576 tempus
504 2502 654 2559 transtulit
676 2503 891 2578 (condonentur,
920 2512 988 2558 esset
998 2504 1124 2578 eepbso,
1147 2505 1187 2558 in-

108 2583 310 2664 messanen).
337 2587 475 2662 Apparet
486 2586 667 2659 Ciceronem,
691 2587 834 2645 orationis
842 2587 922 2644 initii
934 2587 1068 2658 oblitum,
1092 2587 1188 2645 visum

108 2691 177 2729 esse
200 2671 257 2728 eibi
278 2690 368 2748 snpra
389 2681 441 2730 aut
462 2689 611 2743 narrasse,
646 2673 717 2747 quid
739 2673 851 2731 Zenoni
873 2673 910 2730 ad
933 2683 1067 2730 naturam
1090 2691 1188 2733 rever-

108 2757 187 2814 tenti
209 2757 365 2816 accidisset
393 2757 546 2836 (quaerenti
566 2769 666 2816 notura
686 2761 744 2816 inre
766 2756 970 2836 respondebat),
1005 2777 1064 2833 qua
1092 2757 1188 2816 forma

109 2848 125 2914 5
151 2842 191 2900 55
215 2842 322 2901 utitur:
345 2846 431 2901 rainere
447 2845 636 2920 probabantur
649 2853 713 2916 cet,
737 2854 788 2901 aut
799 2844 1042 2902 condicionaliter
1057 2844 1188 2901 locutum

108 2947 191 2986 esse:
214 2932 240 2986 si
253 2931 641 2998 adnotarornreverteremini,
664 2933 790 2988 tarsilla
812 2931 883 2987 nobie
905 2931 1084 3006 responderet.
1113 2928 1188 2989 Cum

108 3014 281 3071 huiusmodi
304 3016 532 3074 commutatione
544 3016 686 3073 orationis
698 3024 884 3092 comparatae
896 3015 1022 3072 leviores
1034 3015 1188 3086 eiusmodi,

108 3098 231 3175 qualem
253 3100 283 3156 in
307 3100 373 3171 §31
398 3101 548 3172 annotavi,
572 3119 692 3176 prorsus
704 3102 912 3170 obscurantur;
934 3101 996 3172 illa,
1020 3100 1075 3158 etsi
1087 3101 1117 3156 in
1129 3100 1188 3158 alio

107 3204 229 3262 genere,
252 3204 311 3242 non
333 3186 456 3244 minoris
478 3195 523 3244 est
545 3186 756 3262 neglegentiae,
780 3205 868 3260 qnam
890 3187 948 3258 ΙΙΙ,
968 3189 1005 3243 nl
1030 3185 1167 3243 vidimus.

197 3273 251 3326 nisi
270 3274 298 3327 in
319 3274 415 3328 virtute
436 3282 484 3328 ant
505 3271 581 3350 vitio)
604 3272 653 3330 Ad
667 3291 812 3329 summum
835 3273 944 3329 bonum
967 3271 1188 3347 adipiscendum

108 3356 216 3426 virtus,
240 3374 298 3413 non
316 3356 420 3414 vitium
433 3358 658 3434 propensionem
671 3357 773 3428 habet3
795 3357 895 3432 itaque
917 3357 985 3414 inde
997 3376 1016 3413 a
1027 3355 1146 3433 Guyeto
1159 3365 1190 3414 at

108 3441 238 3500 Davisio
250 3442 323 3499 duas
336 3451 500 3518 postremas
512 3461 600 3500 voces
612 3443 751 3500 delendas
762 3449 876 3518 putant.
899 3443 975 3501 Mihi
987 3461 1045 3500 non
1068 3461 1188 3519 prorsus

110 3535 225 3584 certum
239 3535 292 3599 est,
315 3528 397 3585 nullo
417 3529 503 3586 modo
515 3529 579 3585 fieri
590 3528 730 3604 potuisse,
754 3539 796 3599 ut,
819 3546 884 3586 cum
897 3537 1067 3586 consvesset
1084 3527 1189 3587 Cicero

109 3612 232 3670 virtutis
260 3622 290 3669 et
317 3613 382 3670 vitii
411 3614 587 3672 mentionem
616 3614 807 3690 coniungere,
842 3633 917 3689 quae
945 3615 1009 3672 sola
1037 3615 1074 3670 ad
1097 3614 1188 3671 vitam

110 3698 254 3756 momenti
276 3699 388 3774 aliquid
404 3699 513 3756 habero
526 3699 619 3759 Stoici
630 3709 777 3776 putarent,
800 3700 849 3758 hio
860 3719 987 3775 quoque,
1010 3719 1188 3774 quamquam

110 3784 147 3841 de
170 3785 344 3859 adrpiecendo
366 3803 480 3842 summo
502 3785 712 3858 benediceret,
736 3795 892 3861 utrumque
915 3785 1101 3863 neglegentia
1117 3804 1188 3859 qua-

110 3870 179 3927 dam
202 3871 378 3943 nominaret,
401 3871 525 3928 obscure
547 3872 726 3929 contrariam
746 3872 974 3948 propensionem
997 3871 1035 3928 ad
1052 3871 1188 3928 miseram

109 3955 204 4012 vitam
227 3957 432 4031 complectens.
476 3957 582 4031 Itaque
610 3975 668 4015 non
696 3976 786 4016 ausus
814 3977 878 4016 sum
906 3966 1006 4015 notam
1029 3974 1187 4032 apponere.

111 4039 341 4119 [Cfr.111,11.]
386 4041 445 4102 Sed
472 4051 571 4099 tamen
599 4042 641 4100 ita
668 4043 716 4100 bic
744 4043 844 4101 omnia
871 4043 1009 4102 advitae
1032 4042 1136 4099 beatae
1159 4049 1188 4099 et

111 4127 257 4184 bonorum
281 4137 309 4184 et
331 4147 429 4185 rernm
451 4128 683 4204 appetendarum
706 4129 854 4187 notionem
878 4128 1059 4200 referuntur,
1082 4127 1189 4185 utrix

111 4213 252 4270 credibile
274 4213 322 4284 sit,
346 4211 483 4272 Ciceroni
504 4214 578 4271 illud
600 4233 638 4272 ex
659 4216 753 4272 altero
775 4233 882 4291 genere
905 4215 1076 4272 occurrisse.

197 4309 231 4371 et,
254 4319 314 4357 cnm
327 4301 479 4356 -nnllnm
501 4311 657 4358 momentum
679 4311 767 4358 cetero
789 4301 923 4372 bolmont,
945 4302 985 4358 ad
1005 4302 1189 4377 oppetitionem

112 4383 301 4460 tamennon).
336 4383 461 4444 Secutus
488 4405 553 4442 snm
580 4387 765 4463 perspicuam
789 4395 820 4444 ot
841 4386 1035 4446 neeessariam
1053 4385 1189 4444 emenda·
