3000 5044
329 383 394 448 stt
723 401 768 446 ou
790 400 920 448 recisus
943 400 1014 446 sou.

329 571 485 640 dissensio
507 571 576 634 est?
620 569 718 634 Nemo
740 569 821 633 enim
843 578 900 648 est,
923 571 976 650 qui
998 571 1087 637 aliter
1104 570 1226 650 dixerit
1247 571 1322 652 quin
1340 591 1401 635 om·

330 675 415 742 nium
434 679 617 738 neutrorum
639 671 737 736 simile
759 677 842 736 esset
862 671 904 750 id,
925 672 967 737 ad
988 673 1187 756 quodomnia
1202 671 1401 748 mierreneu

403 867 422 912 Ι,
442 859 542 911 omnim
559 857 705 908 naturalium
723 857 766 909 Or.
803 864 826 908 2.
845 859 925 910 cmut'a
941 875 989 910 eun
1008 861 1030 910 P
1064 863 1200 928 referuntur
1216 861 1355 914 LPcROr.

259 1067 272 1092 ι
329 1037 382 1095 Et
400 1045 503 1092 contra
525 1033 685 1090 deteriores
708 1031 807 1110 (Pali,
829 1029 1037 1108 Dav.‚EL'}us‚
1051 1033 1118 1093 Gzii
1131 1033 1283 1112 reliquos).
1318 1033 1402 1108 Quod

330 1121 479 1197 sequitur:
502 1139 576 1176 eiecto
597 1127 645 1187 est,
668 1122 716 1192 qui
736 1121 814 1176 aliter
835 1121 942 1192 debuit,
966 1123 1030 1195 quia
1052 1117 1097 1198 (id
1119 1129 1177 1177 est:
1208 1123 1257 1195 qui
1276 1120 1401 1196 necem),

329 1209 367 1266 de
389 1227 424 1264 eo
447 1213 611 1282 exponetur
632 1203 670 1260 ad
691 1205 730 1274 V,
744 1203 793 1261 32.

416 1293 531 1356 mmuum
558 1299 719 1346 staturcmm
746 1293 830 1348 munile
851 1301 919 1348 esset
940 1291 971 1348 id
992 1290 1061 1366 cet)
1083 1291 1149 1348 Hoc
1176 1301 1236 1347 est:
1269 1291 1337 1348 dues
1353 1293 1403 1364 sor

329 1381 383 1436 alle
414 1377 566 1452 Geecbdpfe
587 1377 735 1449 ἀαήεηιῃε,
763 1379 817 1450 noas
840 1377 951 1433 welches
973 1378 1039 1432 ullas
1061 1377 1117 1432 siclt
1140 1376 1254 1446 mucii,
1281 1375 1400 1432 achatem

330 1465 387 1540 (citt
408 1463 577 1532 Aebnlicbes,
601 1461 748 1536 Attaioyes)
771 1464 825 1528 θείς
847 1464 983 1518 doscella
1008 1461 1158 1537 Gerrltdpse
1180 1464 1252 1518 eitzm
1274 1463 1401 1534 macloyen

330 1552 424 1607 letzten
448 1547 547 1604 Zweclc
571 1545 664 1602 babeo.
691 1546 727 1603 In
751 1547 885 1604 omnibus
908 1547 985 1604 enim
1008 1547 1120 1604 naturis
1132 1547 1194 1604 sive
1205 1547 1303 1618 rebus,
1328 1564 1400 1622 quae

333 1635 444 1712 vigent,
467 1632 540 1688 baec
563 1639 608 1688 est
630 1629 804 1699 similitudm
839 1640 871 1688 ut
899 1650 970 1688 ase
992 1631 1148 1710 diligendis
1170 1631 1322 1708 profectae
1345 1632 1401 1707 pri-

331 1738 409 1776 mam
436 1718 513 1775 hanc
540 1716 754 1774 institutionem
788 1727 964 1775 conservent
996 1727 1026 1774 et
1057 1737 1123 1774 cum
1153 1717 1282 1774 habeant
1303 1717 1399 1778 finem.

329 1815 438 1862 natura
459 1811 494 1860 ut
514 1801 677 1878 expleatur.
721 1803 873 1860 Hactenus
895 1803 986 1880 igitur
1007 1821 1153 1871 conrnune,
1177 1803 1207 1860 id
1229 1812 1284 1869 est,
1307 1801 1400 1860 simile

330 1901 370 1948 est
391 1892 506 1947 mom
527 1891 701 1944 cuinmnticm
711 1897 865 1960 extrenum,
877 1891 1021 1946 soeunedum
1032 1899 1157 1946 naturum
1167 1891 1254 1946 urbm
1269 1885 1323 1967 (V,
1338 1889 1399 1962 26).

329 1976 392 2048 sed,
415 1975 485 2050 quia
506 1973 630 2030 alierum
652 1965 844 2030 animantium
866 1974 1105 2046 aliaestnature,
1127 1983 1247 2030 estmoe
1258 1984 1283 2031 et
1299 1993 1399 2031 uomru

330 2053 399 2119 inter
420 2061 575 2117 animalium
600 2077 699 2131 yeoerc
726 2060 852 2116 distincta
881 2071 906 2116 et
933 2062 1074 2136 dispertite
1096 2069 1157 2117 sunt
1178 2055 1233 2140 (V,
1247 2058 1311 2138 25).
1355 2059 1399 2116 Ita

331 2149 473 2204 omttium
495 2163 620 2214 rerum,
642 2155 832 2217 quassatum
855 2148 954 2218 ciqeut,
982 2148 1107 2202 similis
1136 2155 1186 2202 est
1207 2147 1317 2219 finis,
1351 2163 1399 2200 tems

330 2234 409 2289 teleta.
459 2230 518 2286 Pro
551 2229 670 2285 omatibus
697 2229 776 2285 rebus
808 2231 855 2286 hic
883 2231 1002 2293 Cicero,
1036 2249 1102 2288 cum
1135 2230 1170 2287 de
1203 2229 1399 2287 animantibus

331 2316 459 2372 maxime
482 2313 634 2390 cogitaret,
656 2324 769 2370 naturas
792 2315 880 2387 dixit,
916 2317 1032 2373 diverse
1058 2318 1231 2374 animantiam
1257 2335 1356 2390 ysam
1377 2325 1399 2370 et

331 2411 445 2458 tacturos
468 2400 572 2478 (Legg.
584 2399 609 2468 Ι,
623 2396 677 2478 22)
700 2399 881 2476 significans3
905 2411 934 2458 et
956 2421 1025 2460 mox
1037 2401 1144 2458 subicit
1166 2403 1250 2458 omisis
1261 2411 1361 2458 namra
1372 2409 1398 2456 et

330 2507 401 2561 quae
423 2495 521 2542 tectura
545 2493 574 2542 et
595 2482 665 2564 (33)
687 2488 714 2541 ia
736 2490 828 2542 celeus
850 2490 955 2544 tectorio
980 2497 1010 2544 et
1031 2486 1101 2563 (34)
1129 2489 1249 2562 reliquus
1278 2497 1397 2542 mmmm.

329 2573 365 2629 ld
388 2571 479 2648 igitur
494 2570 625 2646 disputat
634 2570 748 2641 Cicero,
771 2572 846 2628 hanc
857 2573 986 2630 oninium
998 2582 1168 2630 naturarum
1185 2572 1309 2629 extremi
1321 2570 1397 2628 simi·

330 2657 484 2714 litudinem
507 2675 525 2713 a
548 2655 655 2716 Stoicis
678 2675 736 2713 nou
759 2659 942 2728 conserveri3
965 2677 1032 2714 nam
1045 2657 1397 2714 ceterssouimsntesboc

329 2743 438 2799 babere
460 2751 633 2812 extremum,
656 2751 689 2798 ut
711 2751 773 2799 tota
795 2761 895 2800 earum
918 2753 1023 2800 natura
1034 2744 1197 2818 expleatur,
1221 2743 1332 2800 bomini
1345 2740 1396 2798 soli

328 2847 347 2884 a
360 2827 468 2886 Stoicis
485 2835 648 2884 extremum
665 2827 735 2902 poni
752 2846 810 2884 non
827 2829 856 2885 in
874 2837 937 2885 toto
959 2830 1085 2899 bomine,
1102 2829 1194 2886 sedin
1212 2837 1296 2904 purte
1308 2826 1397 2884 homi·

329 2914 375 2970 uis
398 2913 427 2990 (ξ
451 2910 515 2990 33).
559 2912 591 2972 Si
619 2913 709 2988 igitur
731 2911 824 2971 Stoici
851 2913 931 2970 illam
954 2915 1083 2972 omnium
1105 2914 1274 2970 animalium
1298 2911 1396 2970 simili·

328 2999 459 3055 tudinem
481 2998 578 3056 ultimi
600 3007 698 3054 tenere
721 3007 772 3054 aut
793 3001 948 3056 restituere
975 3000 1084 3069 velint,
1115 3000 1255 3056 mutanda
1276 2998 1313 3055 iis
1335 3015 1395 3054 esse

328 3085 474 3160 principia
505 3093 627 3140 naturus
660 3084 798 3159 (primum
831 3081 1142 3164 commendationem),
1176 3085 1394 3158 dicendumque.
1484 3103 1485 3140 ὲ

328 3189 413 3226 omne
436 3169 545 3226 animal
567 3165 920 3250 (noneolumhominem)
943 3171 1121 3246 applicatum
1144 3188 1208 3228 esse
1231 3189 1288 3227 uon
1312 3169 1349 3225 ad
1367 3185 1394 3222 se

328 3265 421 3311 totum
444 3255 638 3330 diligendum,
667 3255 717 3311 sed
740 3255 777 3310 ad
800 3255 940 3330 optimam
963 3258 1008 3314 sui
1030 3265 1143 3332 partem
1165 3253 1195 3334 (ξ
1217 3255 1279 3330 34).
1312 3253 1394 3310 Adeo

328 3351 373 3396 est
396 3341 468 3396 haec
490 3349 591 3414 aperte
613 3349 643 3395 et
664 3339 784 3396 evidens
807 3343 952 3398 sententia
974 3353 1004 3399 et
1026 3331 1195 3416 disputatio,
1219 3351 1259 3401 ut.
1283 3337 1393 3396 etiamsi

327 3443 386 3481 non
409 3425 603 3482 adhibeantur
625 3423 676 3481 illa
699 3443 736 3481 ex
753 3425 829 3482 libro
842 3427 879 3498 V,
903 3425 1276 3500 quodnemoadhucfeeit,
1299 3435 1393 3481 temen

327 3511 377 3566 vix
402 3510 565 3586 intellegas.
588 3510 735 3584 quomodo
758 3529 932 3586 quemquam
956 3511 1059 3570 fallere
1081 3513 1183 3586 possit.
1227 3512 1267 3568 Et·
1288 3519 1392 3567 tannen.

327 3615 393 3652 cum
415 3596 504 3670 petilo
526 3605 593 3670 post
604 3593 633 3672 (ξ
647 3595 701 3668 33)
713 3615 784 3652 vere
794 3597 940 3672 scriptura
952 3598 1112 3674 depravata
1123 3607 1208 3668 esset
1233 3615 1289 3654 non
1301 3596 1393 3653 solum

328 3681 369 3737 ibi
393 3691 473 3737 certa
495 3681 621 3738 Manutii
644 3682 786 3738 correctio
810 3693 909 3757 spreta
931 3693 989 3754 est,
1013 3683 1064 3740 sed
1086 3683 1133 3738 hic
1155 3701 1271 3756 quoque
1294 3691 1394 3738 contro

326 3783 428 3823 ottones
456 3765 556 3844 (etiem
580 3762 663 3845 Gzii)
677 3767 792 3824 codices
810 3764 864 3848 [B]
882 3768 951 3824 olim
969 3788 1028 3825 inne
1044 3779 1074 3826 et
1096 3769 1189 3824 altera
1205 3777 1290 3824 vetus
1306 3765 1393 3822 editio

326 3852 478 3908 substituit
487 3855 600 3908 euentum
612 3855 772 3910 naturalium
780 3853 869 3932 (Ven.
880 3857 970 3923 1494,
982 3853 1077 3922 Crat.;
1088 3854 1119 3910 in
1130 3853 1261 3930 ¹tusugiue
1272 3852 1393 3908 alterum

326 3933 507 4017 annotatur),
525 3936 622 4012 idque,
646 3957 821 4012 quamquam
833 3957 870 3995 ne
882 3939 960 3996 infre
971 3939 1088 4014 quidem
1111 3939 1153 3996 sic
1175 3939 1205 3995 in
1222 3937 1305 3996 codd.
1325 3937 1393 3994 scm'·

326 4023 414 4090 bitur,
439 4021 531 4080 Gzius
543 4035 572 4079 et
583 4024 761 4080 recentiores
773 4023 968 4098 arripuerunt.
998 4022 1089 4105 [Nem
1101 4033 1304 4100 praeterquam
1317 4021 1394 4096 quod
1483 4065 1484 4105 3

325 4109 492 4164 universam
521 4109 694 4166 sententiam
723 4127 780 4166 non
809 4109 1033 4186 intellegebant,
1067 4110 1227 4167 haerebant
1254 4108 1343 4166 etiem
1365 4107 1392 4162 iu

325 4194 472 4267 genetivo,
495 4212 581 4268 quem
604 4195 666 4271 regi
688 4213 706 4251 a
728 4197 812 4250 eimde
833 4196 984 4270 putabant.
1017 4197 1049 4254 Is
1071 4215 1142 4254 vero
1164 4195 1277 4271 regitur
1293 4213 1310 4250 a
1328 4193 1392 4250 sub·

325 4279 446 4334 stentivi
468 4280 601 4350 notione,
630 4299 705 4354 quae
726 4279 803 4336 inest
825 4281 855 4337 in
878 4283 908 4337 ld
929 4281 1049 4358 (idest,
1072 4291 1249 4339 extremum:
1282 4281 1392 4336 crucium

325 4373 483 4420 staturarum
496 4361 588 4442 arta),
612 4375 700 4439 etque
722 4366 752 4422 id
774 4367 807 4422 fit
829 4385 887 4424 non
905 4367 998 4424 solum
1011 4369 1040 4424 in
1053 4368 1170 4424 duriore
1181 4367 1237 4423 hoe
1249 4363 1392 4422 scribendi
