2938 5020
313 363 373 427 196
691 379 735 424 nn
759 379 890 426 sturnus
913 378 983 424 nou.

395 549 432 614 x.
456 550 506 612 29.
540 548 608 612 Hoc
630 566 704 612 vero
727 567 788 614 non
805 547 919 626 videre,
948 548 1080 612 maximo
1102 557 1284 629 argumento
1308 567 1388 626 esse,

310 651 500 732 voluptatem
523 649 615 726 illam,
638 669 700 731 que
723 649 845 714 sublata
867 656 959 731 neget
986 667 1020 714 se
1046 649 1225 731 intellegere
1253 651 1388 726 oumino,

310 753 386 836 quid
414 751 455 818 sit
482 753 596 818 bonum
618 754 701 829 (eum
723 759 827 817 eutem
856 753 899 816 ite
926 752 1140 834 persequitur,
1172 771 1253 835 quae
1279 753 1389 834 palato

311 855 510 937 percipietur,
532 873 613 937 quse
636 855 777 932 auribus3
810 861 914 918 cetera
941 854 1041 930 addit,
1075 873 1155 936 quae
1183 855 1209 920 si
1237 855 1389 937 appelles,

269 957 410 1022 bbonos
432 956 621 1039 praefandus
648 957 702 1037 sit)
733 993 774 1002 -
804 955 862 1020 hoo
888 956 997 1037 igitur,
1032 957 1115 1037 quod
1144 957 1244 1022 solum
1271 957 1390 1022 boumn

311 1079 438 1125 severus
460 1071 491 1124 et
512 1059 618 1141 grauis
640 1058 842 1141 philosophus
864 1059 958 1136 novit,
980 1057 1060 1123 idern
1082 1077 1145 1123 non
1167 1060 1313 1124 videtne
1336 1079 1390 1124 ex-

311 1164 477 1244 petendum
499 1161 625 1243 quidem
647 1179 730 1239 esse,
764 1163 846 1242 quod
873 1179 941 1225 eum
974 1159 1164 1243 voluptutem
1191 1161 1249 1226 hoc
1276 1162 1390 1226 eodem

382 1407 402 1454 l.
421 1401 493 1452 Μαι
529 1418 579 1450 eree
597 1417 646 1450 om.
665 1399 785 1451 LPMCR
821 1398 934 1448 uellam
952 1399 1049 1450 Puclt
1084 1405 1107 1450 ³.
1126 1400 1161 1449 ilo
1179 1401 1267 1450 om.L
1298 1402 1325 1451 ⁴.
1344 1400 1390 1449 ud-

311 1469 409 1520 deduc
445 1476 468 1519 5.
486 1472 558 1519 boues
577 1469 618 1520 EC
651 1469 796 1534 prefraudus
814 1469 836 1518 Ε
851 1468 1015 1533 praestandus
1034 1468 1108 1520 Luc
1144 1473 1166 1518 6.
1185 1469 1283 1518 bruun

397 1693 469 1771 Cep.
492 1695 532 1766 X,
558 1695 607 1752 29.
651 1695 711 1751 Hoe
734 1713 865 1750 veronen
889 1687 991 1773 uidere)
1025 1693 1192 1752 Infinitivus
1221 1703 1265 1751 est
1288 1695 1390 1751 exclu-

312 1780 419 1838 muntis
440 1799 507 1838 oum
530 1780 723 1837 admiratione
752 1777 826 1859 (Hoe
847 1799 909 1836 vero
930 1779 1054 1837 credibile
1075 1790 1122 1844 eet,
1144 1799 1202 1836 euru
1225 1799 1276 1836 non
1299 1781 1392 1837 uidere

312 1861 417 1946 etei),
446 1867 477 1924 id
498 1885 589 1923 unum
610 1884 669 1922 non
691 1883 812 1941 prorsus
834 1864 956 1940 vidgere
978 1865 1098 1936 hebens,
1121 1865 1200 1939 quod
1224 1865 1390 1922 subiectum

311 1971 370 2009 non
393 1951 524 2021 additum
548 1952 634 2027 plene
657 1952 760 2008 eodem
783 1951 869 2008 modo
892 1950 958 2006 libr.
975 1952 1030 2018 IV,
1055 1952 1110 2008 76:
1132 1951 1192 2007 Hor
1215 1972 1265 2007 uon
1290 1953 1390 2008 uidere.

268 2069 273 2079 ·
312 2037 390 2095 Num
423 2038 518 2114 ipsum
551 2056 612 2094 rem
645 2037 781 2093 universe
804 2035 908 2094 Cicero
936 2036 1113 2094 admiratur.
1147 2055 1206 2092 non
1233 2037 1330 2093 solum
1361 2037 1390 2093 in

312 2133 393 2180 certo
415 2123 542 2181 homine.
588 2121 646 2182 Sed
669 2140 735 2180 euru
758 2121 800 2178 sie
830 2139 913 2178 orsus
936 2131 1027 2192 esset,
1063 2131 1095 2178 ut
1118 2120 1272 2178 dicendum
1296 2132 1391 2179 esset:

312 2211 428 2265 muu‘ruo
449 2219 604 2284 urpumento
626 2228 696 2277 eeee,
729 2209 803 2264 iilum
830 2209 987 2282 voluptutem
1012 2241 1051 2248 —-
1076 2229 1107 2264 ue
1128 2209 1305 2282 oppetendam
1330 2211 1390 2282 qui-

312 2296 372 2351 dem
394 2314 458 2366 esee,
482 2296 557 2370 quod
577 2313 634 2351 eum
657 2313 708 2349 riou
730 2295 910 2350 desideremus
933 2303 997 2364 eto,
1021 2294 1159 2368 quonium
1182 2292 1314 2369 longior,
1340 2294 1391 2349 ad-

312 2379 375 2438 dita
396 2379 581 2455 parenthesi,
614 2377 694 2436 fecte
722 2388 787 2435 eret
808 2378 938 2435 definitio
966 2378 1046 2436 illius
1068 2378 1244 2455 voluptatis,
1280 2379 1391 2436 omissa

312 2485 348 2523 eu
369 2465 511 2523 orationis
533 2474 695 2536 structure,
730 2483 817 2539 qnam
851 2464 1031 2534 institueret,
1066 2475 1094 2521 et
1123 2481 1200 2521 nove
1233 2483 1287 2539 per
1308 2467 1393 2537 iqimr

312 2551 446 2623 inducte,
480 2551 558 2625 quod
591 2561 678 2607 antea
712 2550 874 2607 mirandum
908 2550 1100 2625 significaret,
1135 2567 1211 2606 nuno
1241 2550 1391 2606 narrando

313 2637 512 2713 persequitur:
543 2638 590 2694 loe
612 2640 693 2710 ἐρέτην
715 2656 764 2693 uon
788 2637 858 2692 videt
880 2645 934 2692 eto.
978 2635 1139 2711 Expedirit
1170 2635 1267 2692 looum
1301 2645 1392 2692 antee

313 2722 516 2780 addubitatum
538 2723 733 2789 Metthieeus,
767 2721 796 2778 in
825 2739 860 2778 eo
892 2739 950 2778 uno
971 2721 1077 2778 leviter
1099 2739 1214 2782 errans,
1239 2721 1317 2794 quod
1343 2722 1392 2778 boc

313 2808 398 2864 initio
427 2808 555 2884 positum
583 2807 721 2883 coniungi
753 2806 816 2864 vult
849 2823 914 2863 eum
949 2825 1005 2863 esee
1038 2816 1140 2864 eontra
1167 2805 1391 2864 similitudinem

314 2894 371 2951 loci
404 2893 483 2950 illius
516 2893 583 2950 libri
618 2893 724 2967 quarti.
777 2892 903 2950 Ponitur
936 2892 1013 2950 eninr
1046 2893 1076 2949 id
1109 2910 1270 2968 pronomen
1304 2893 1391 2948 initio

313 2979 412 3037 omniu
423 2980 630 3055 complectens,
653 2995 728 3053 quoe
752 2978 856 3035 deinde
879 2978 1024 3034 dicuntur.
1068 2979 1188 3035 Priores
1216 2978 1323 3052 purtim
1349 2978 1392 3034 lu-

314 3083 406 3122 cunue
428 3073 527 3122 notem
550 3074 756 3140 apposuerunt,
779 3063 887 3138 purtim
909 3064 1001 3120 verbe
1023 3073 1179 3132 mutarent,
1202 3081 1220 3118 e
1242 3063 1393 3120 sententie

313 3151 402 3208 etiem
424 3150 595 3207 aberrantes
616 3159 734 3226 praeter
755 3150 921 3218 Bromium,
950 3150 1001 3223 qui
1024 3151 1093 3206 videt
1116 3148 1245 3224 scripsit,
1274 3159 1392 3205 tuntum

313 3245 423 3294 rectem
445 3234 570 3294 formum
593 3245 623 3293 et
644 3236 854 3293 sententiarum
877 3235 1112 3292 coniunctionem
1135 3235 1264 3291 turbans.
1309 3233 1391 3292 Turn

314 3323 392 3378 enirn
415 3321 472 3379 dici
495 3322 610 3380 debuit:
645 3321 687 3379 Ne
708 3323 778 3380 iliud
799 3323 906 3396 quidun
927 3322 1006 3376 uidet.
1061 3320 1140 3377 Nem
1173 3320 1232 3376 Hoc
1253 3339 1315 3376 vero
1339 3339 1391 3376 uou

313 3409 385 3464 uidet
407 3406 561 3486 signifieat,
584 3408 694 3465 dietum
717 3415 880 3474 anteesse,
914 3406 1062 3462 eliseum
1084 3405 1193 3462 videre.
1237 3406 1310 3461 Esse
1333 3425 1392 3462 om.

313 3493 403 3550 etiem
424 3505 479 3570 χψ,
512 3512 587 3550 unus
610 3492 639 3551 U
671 3502 711 3549 eet
742 3491 839 3548 hebet.
883 3493 960 3549 Tum
988 3493 1061 3546 illim
1089 3501 1134 3548 est
1162 3491 1250 3547 etiam
1278 3491 1309 3547 in
1334 3509 1393 3566 mg.

315 3578 493 3651 crnt.,1>al.
520 3582 546 3649 1,
571 3577 664 3653 Spin,
697 3576 728 3634 id
750 3585 796 3634 est
817 3577 950 3652 optimis3
984 3577 1081 3634 editur
1113 3575 1220 3644 iudea
1243 3574 1393 3643 Grutero;

314 3665 405 3722 ceteri
427 3666 519 3734 ulium,
542 3657 585 3731 Εξ
607 3665 716 3720 nullum.
965 3691 969 3700 ·

400 3769 458 3807 eom
478 3759 567 3805 autem
588 3751 627 3805 itu
643 3751 829 3824 persequitur)
863 3746 932 3803 Vid.
955 3747 993 3803 ed
1015 3751 1030 3816 ξ
1055 3747 1082 3803 7.
1135 3745 1228 3804 Cetera
1261 3754 1330 3803 sunt
1354 3733 1393 3800 uri

314 3822 486 3912 ἀφροδίσια.
520 3835 581 3891 Pro
590 3835 761 3910 praefandus
783 3831 866 3911 ([A,]
883 3832 1047 3902 eod.Vict.,
1069 3832 1160 3904 Mor.)
1181 3843 1227 3906 χψ
1244 3843 1394 3907 praestan·

314 3921 376 3991 due,
400 3928 433 3976 ut
455 3919 617 3977 etiamtum
630 3919 711 3979 Cret.
723 3917 764 3999 [Β
771 3914 966 3996 persi-ortdorff
978 3911 1021 3985 Εξ
1028 3919 1153 3993 paredum
1176 3917 1265 3974 ceteri
1283 3927 1394 3972 tacent

401 4005 448 4062 boe
470 4007 560 4063 eodem
581 4017 689 4064 emtore
711 4027 762 4064 nou
784 3999 979 4085 desideremus)
1002 4003 1101 4077 Aliquo
1123 4013 1230 4060 aucerre
1246 4003 1288 4072 iit,
1312 4003 1395 4076 quod

315 4090 378 4148 eius
400 4091 433 4147 lit
455 4091 578 4150 oonsilio
601 4101 631 4150 et
657 4092 799 4168 impulsu;
833 4091 979 4166 quomodo
1008 4107 1084 4145 nuno
1107 4089 1195 4165 vulgo
1216 4089 1396 4162 loquuntur:

315 4177 438 4250 Epimrro
460 4187 576 4249 erectore,
599 4179 629 4235 di
649 4179 778 4234 muudum
799 4196 849 4232 nou
872 4185 980 4249 repient,
1003 4175 1109 4232 nteit:
1145 4177 1171 4230 ei
1191 4175 1312 4249 Epicuro
1336 4193 1395 4230 ere·

292 4261 418 4334 ¹dimus,
442 4263 562 4338 Epicuri
580 4263 691 4334 iudicio,
719 4271 849 4332 veteres,
877 4261 954 4334 quod
983 4261 1088 4330 eciem,
1121 4259 1292 4318 locuti·non
1315 4269 1396 4315 sunt

316 4344 447 4424 [Plinius
469 4349 508 4406 Η.
531 4348 569 4408 N.
592 4349 647 4420 IV,
683 4348 700 4405 9
734 4348 777 4404 sie
809 4345 950 4423 scripsit]
1005 4345 1159 4408 Credimus
1193 4358 1223 4401 et
1249 4344 1397 4401 tradimus
