2998 5020
368 443 410 487 su
434 441 514 486 mnu.
537 441 600 486 nra.
623 441 657 488 1v
680 440 752 486 cnr.
777 443 884 486 an-us,
1102 419 1164 484 not

178 611 323 676 XXVIII.
352 611 402 674 77.
441 610 581 692 Urgvent
603 619 706 673 tamen
729 615 761 673 et
782 607 856 672 nihil
878 608 1046 673 remittunt.
1081 607 1165 684 Quo·

92 714 184 792 niam,
206 713 357 794 inquiunt,
380 731 471 777 omne
481 721 643 793 peccatum
658 710 880 776 imbecillitatis
890 717 921 775 et
941 709 1167 776 inconstantiae

91 825 154 894 est,
182 814 259 880 haec
281 825 385 880 autem
407 814 482 878 vitia
503 815 535 880 in
559 815 700 880 omuibus
722 813 826 878 stultis
848 832 945 894 aeque
962 821 1167 895 magnasunt,

90 936 217 983 necesse
240 923 288 982 est
309 917 399 998 paria
421 936 492 981 esse
513 925 649 998 peccata.
684 916 781 995 Quasi
803 936 877 981 vero
900 922 955 980 aut
971 917 1166 992 concedatur,

89 1022 122 1084 in
146 1019 288 1084 omnibus
311 1020 414 1084 stultis
436 1038 535 1101 aeque
557 1039 670 1101 magna
692 1037 763 1084 esse
785 1017 860 1082 vitia
882 1027 914 1083 et
935 1019 1042 1085 eadem
1069 1017 1205 1083 inibe-5

90 1123 219 1186 cillitate
241 1130 272 1186 et
294 1122 502 1186 inconstantia
523 1123 558 1186 L.
571 1121 726 1187 Tubulum
748 1119 856 1200 fuisse,
879 1140 941 1204 qua
962 1121 1056 1198 illum,
1078 1120 1167 1184 ciuus

90 1225 118 1289 is
141 1227 364 1290 condemnatus
387 1231 435 1288 est
457 1224 626 1306 rogatione,
649 1223 683 1288 P.
697 1223 889 1302 Scaevolam
923 1231 954 1288 et
981 1222 1069 1305 quasi
1092 1221 1166 1286 nihil

90 1328 175 1391 inter
198 1345 249 1390 res
272 1344 396 1409 quoque
417 1326 512 1407 ipsas,
535 1327 567 1390 in
585 1326 697 1407 quibus
709 1333 864 1406 peccatur,
885 1326 1016 1404 intersit,
1039 1333 1082 1402 ut,
1105 1343 1166 1406 quo

90 1429 151 1494 hae
174 1429 307 1493 maiores
330 1429 504 1492 minoresve
527 1429 598 1506 sint,
622 1447 667 1506 eo,
690 1447 771 1509 quac
783 1428 1051 1510 peccenturiuhis
1063 1427 1165 1505 rebus,

89 1537 147 1595 aut
168 1531 287 1595 maiora
309 1531 373 1594 sint
392 1539 449 1594 aut
470 1530 605 1595 nninoral
651 1531 700 1594 la.
724 1531 922 1612 ltaque(iam
945 1531 1026 1594 enim
1042 1528 1164 1594 conclu·
1184 1528 1227 1594 10

90 1635 186 1697 datm
208 1633 323 1714 oratio)
346 1633 404 1697 hoc
425 1651 487 1696 uno
510 1632 584 1697 vitio
607 1633 737 1698 maxime
758 1633 832 1697 mihi
849 1633 1104 1714 premividentur
1121 1631 1166 1696 tui

91 1735 195 1813 Stoici,
218 1736 302 1817 quod
324 1753 358 1800 se
380 1753 474 1816 posse
495 1743 608 1815 putant
634 1736 713 1799 duas
736 1735 909 1799 contrarias
921 1735 1088 1800 sententias
1111 1733 1165 1798 ob-

164 1961 185 2009 l.
204 1973 274 2020 quom
294 1957 350 2020 (pro
369 1956 530 2020 quonr'antlE
566 1961 588 2004 3.
610 1965 686 2006 autem
703 1966 758 2005 aunt
776 1957 834 2005 adria
852 1957 875 2004 E
910 1957 934 2006 in
953 1959 1038 2006 omi,
1075 1967 1096 2006 4.
1116 1972 1167 2004 eoae

85 2025 163 2090 pario
179 2035 280 2089 peccato
299 2025 319 2073 L
338 2042 389 2075 esse
403 2043 467 2089 pecc.
482 2026 581 2090 ponii
621 2025 693 2089 quasi
709 2035 734 2074 ut
752 2023 932 2076 concedatur-c
978 2031 1000 2074 5.
1020 2033 1053 2074 est
1072 2024 1166 2074 citroli

91 2099 113 2142 6.
134 2110 205 2157 quom
224 2092 287 2142 illum
307 2093 373 2144 Pon
410 2099 431 2144 7,
450 2095 542 2144 ratione
561 2095 581 2144 C
600 2103 684 2160 ropotu
703 2103 805 2159 (transp.
825 2095 890 2142 iuter
907 2093 927 2142 is
946 2105 971 2144 et
988 2103 1023 2144 cat
1037 2093 1166 2152 condemn.)

88 2164 113 2211 Β
150 2167 172 2210 8,
194 2157 238 2226 qud
256 2180 284 2210 nc
301 2163 402 2212 maiores
421 2164 442 2212 E
461 2180 507 2227 quo
524 2163 570 2212 dae
588 2164 676 2212 omL
712 2167 735 2212 9.
755 2179 827 2228 coque
842 2171 944 2228 peccato
966 2163 989 2212 in
1006 2165 1022 2212 Ι.
1040 2177 1166 2226 eoquoqne

85 2231 296 2296 penaunce
330 2231 404 2280 '2'th
442 2232 612 2283 l0.suntLI'
649 2231 804 2281 iontem-P
843 2237 880 2280 ll.
902 2229 1051 2302 [primiti]

86 2439 210 2510 tuerint,
233 2439 263 2496 id
285 2441 389 2497 nehoc
405 2440 522 2514 quidem
535 2440 622 2498 modo
634 2405 710 2497 effici
734 2437 781 2516 (ut
802 2440 917 2504 11337:
939 2460 972 2496 ne
993 2441 1037 2496 illo
1059 2439 1166 2513 quidem

85 2525 189 2604 niodo).
223 2525 336 2582 Dubito
348 2525 384 2582 de
396 2525 549 2600 scriptura.
574 2523 725 2603 [Baiterus
738 2545 802 2582 oum
816 2526 918 2582 Lamb.
942 2546 974 2583 ne
996 2527 1043 2582 loc
1059 2527 1166 2598 quidem

85 2613 167 2668 niodo
185 2607 293 2689 parm]
327 2611 388 2667 sou
410 2631 464 2686 pro
486 2621 548 2667 aunt
571 2611 659 2668 etiarn
683 2611 760 2687 Spir.
784 2609 848 2689 [B].

176 2695 249 2771 Cap.
272 2697 424 2767 XXVIII,
450 2697 498 2754 77.
537 2695 625 2764 Quasi
646 2717 707 2754 uero
728 2707 776 2754 aut
797 2693 972 2774 concedatur)
996 2695 1045 2756 Sic
1068 2695 1165 2753 dicore

85 2781 214 2845 orditur,
238 2791 271 2838 ut·
293 2793 447 2857 expectes:
470 2793 517 2838 aut
539 2784 605 2839 nr'lril
623 2815 663 2823 -
686 2786 802 2852 intersim
831 2783 867 2839 de
890 2791 1002 2840 mutata
1024 2780 1166 2838 orationis

84 2865 185 2925 forma
209 2867 317 2924 dictum
341 2877 387 2924 est
408 2869 438 2924 in
462 2886 587 2925 excursu
610 2867 647 2924 ad
669 2868 694 2939 1,
709 2869 758 2925 23.
803 2868 970 2926 DeTubuli
994 2866 1102 2924 iudicio
1115 2885 1165 2923 ex·

85 2953 219 3028 positum
243 2964 288 3010 eat
310 2953 346 3010 ad
369 2954 473 3024 11,54.
508 2955 563 3011 Rea
586 2973 691 3028 quoque
713 2958 788 3030 ipson
811 2954 882 3010 dicit
904 2953 1066 3020 materiam,
1090 2970 1165 3025 quaa

84 3037 204 3114 agendo
227 3048 377 3109 tractetur,
404 3057 479 3114 quae
491 3039 528 3095 ad
551 3040 644 3115 ipsius
667 3040 880 3096 inconstantiae
903 3049 932 3095 et
955 3037 1165 3095 imbecillitatis

84 3123 189 3180 varios
213 3125 320 3198 gradus
342 3124 455 3198 aliquid
478 3124 655 3182 discriminis
678 3126 780 3192 addat;
803 3125 902 3200 itaque
920 3125 996 3181 idem
1010 3123 1164 3199 significat,

84 3209 168 3284 quod
190 3209 280 3284 paulo
303 3218 370 3266 aute
393 3210 423 3267 in
446 3229 518 3268 atrro
540 3211 693 3286 paleaque,
718 3220 801 3286 patre
824 3221 854 3266 et
875 3229 962 3267 servo
985 3210 1165 3265 declaratum

84 3303 141 3352 est.
188 3293 318 3370 (Necesse
339 3305 379 3352 est
400 3315 457 3352 ease
474 3299 558 3370 pario
580 3297 668 3354 etiam
692 3295 770 3355 Gud.
794 3305 916 3370 uterque
939 3303 969 3352 at
990 3295 1073 3368 Bas.)

175 3399 214 3450 eo,
237 3399 307 3454 quoe
323 3393 467 3456 peccentur
488 3385 514 3438 in
537 3383 579 3438 lio
601 3383 692 3456 rebeus)
720 3381 769 3442 Sic
793 3381 943 3438 llanutius
971 3391 1001 3438 et
1028 3380 1165 3453 deinceps

82 3465 206 3540 reliqui,
230 3475 260 3521 et
282 3467 435 3524 confirmat
458 3464 496 3547 [B
511 3464 717 3547 et]cod.llor.
752 3467 825 3526 Cum
844 3486 897 3542 pro
920 3487 949 3523 eo
965 3487 1034 3541 quoe
1057 3465 1166 3522 scribe-

83 3561 170 3608 retur
182 3569 263 3624 eoque
285 3547 383 3629 (ξχψ),
407 3554 579 3629 corrigendo
603 3562 702 3610 netum
720 3563 764 3610 est
779 3564 888 3628 peccota
906 3552 973 3628 (χψ,
996 3552 1040 3608 ed.
1055 3549 1165 3624 Vict.);

84 3657 153 3694 curn
178 3655 215 3692 ne
239 3637 415 3711 sicquidem
433 3640 527 3696 orat-io
540 3647 696 3704 constaret,
720 3639 887 3696 factumest
908 3659 937 3695 eo
959 3657 1063 3712 quoque
1086 3635 1165 3713 (edd.

83 3722 184 3800 vett).
212 3717 255 3790 Εξ
277 3743 306 3780 eo
328 3743 379 3798 que
397 3735 528 3798 peccetur.
563 3724 680 3804 (Grut,
705 3724 791 3794 Dan,
815 3725 908 3782 Gzius
931 3722 1051 3801 tacent.)
1080 3723 1165 3780 Hanc

82 3809 274 3878 sententiam,
299 3828 373 3884 quae
386 3810 491 3885 incipit
507 3810 544 3866 ab
557 3822 593 3882 ut,
617 3809 720 3867 referri
732 3811 770 3866 ad
782 3811 876 3868 solum
888 3813 998 3876 intersit,
1022 3818 1055 3865 ut
1071 3807 1165 3882 expli-

83 3905 181 3962 cetur,
205 3894 276 3968 quid
298 3914 335 3951 ex
348 3893 514 3952 differentia
537 3905 742 3971 consequatur,
766 3915 824 3952 non
837 3896 874 3952 ad
887 3895 1073 3971 negationem
1086 3895 1167 3968 qrroai

83 3981 154 4037 nihil
176 3983 295 4038 intersit.
329 3991 362 4038 ut
389 3981 543 4038 dicendum
567 3992 682 4057 putem,
712 3981 805 4040 Gaius
827 3979 912 4038 facit.
946 4001 997 4050 ne,
1025 3979 1104 4054 quod
1127 3979 1164 4048 ei,

82 4065 153 4123 aliis
177 4083 294 4140 quoque
318 4066 440 4124 accidat.
486 4067 535 4126 Sic
557 4067 593 4123 de
616 4069 690 4124 Fato
709 4070 748 4123 44
772 4077 800 4124 nt
828 4069 866 4144 (si
892 4071 978 4123 munio
1000 4067 1063 4139 soto
1084 4067 1164 4138 finnt,

84 4156 178 4208 omnnia
194 4153 267 4224 flaret
289 4156 379 4209 careno
401 4154 614 4209 antecedentibus
637 4165 660 4209 ct
683 4154 853 4226 necessariis)
882 4171 940 4210 non
968 4151 1096 4208 refertur
1125 4150 1163 4206 ad

83 4257 172 4312 neque
195 4271 236 4279 —-
258 4240 389 4309 concedet,
413 4239 465 4295 sod
487 4238 523 4295 ad
546 4241 676 4295 conueniet.
732 4237 822 4316 [Eum
850 4239 947 4295 locum
975 4255 1051 4294 nuuc
1078 4236 1165 4312 aliter

84 4325 190 4392 edunt,
214 4323 397 4380 discedentes
419 4343 437 4380 a
459 4324 614 4393 Lambino,
638 4324 688 4399 qui
711 4345 794 4399 neque
812 4343 910 4380 errore
923 4343 960 4380 ex
972 4323 1069 4398 priore
1082 4342 1165 4396 neque

83 4419 185 4466 ortum
204 4428 268 4466 esse
291 4409 414 4466 viderat.
448 4409 505 4468 Sed
518 4429 576 4467 non
600 4423 644 4467 est
666 4410 752 4467 huius
776 4409 830 4466 loci
855 4430 918 4466 eam
937 4408 1164 4484 disputationem
