2920 5012
324 387 386 454 106
714 407 760 454 nu
781 407 913 456 nmmos
935 408 1006 456 non.

322 582 389 640 tum
410 593 480 640 esse
502 594 519 640 e
541 593 671 656 corpore
693 577 786 642 etad
808 596 921 658 corpus
944 576 1067 658 referri,
1089 596 1147 644 nec
1168 578 1208 643 ob
1230 596 1299 642 eam
1320 596 1388 642 cau·

306 697 391 743 scm
428 697 489 743 non
529 677 625 741 multo
657 678 791 744 maiores
823 698 893 744 esse
926 687 958 745 et
989 680 1165 762 voluptates
1204 687 1236 745 et
1273 679 1390 744 dolores

323 780 418 844 nuind
456 799 549 862 quem
587 781 735 862 corporis.
800 781 882 847 Nam
919 801 1051 864 corpore
1093 783 1168 848 nihil
1207 781 1267 846 nisi
1304 799 1390 862 prae·

324 900 411 962 sens,
449 889 481 947 et
518 886 600 965 quod
639 885 742 962 adest,
781 883 896 949 sentire
933 903 1115 966 possumus,
1154 884 1256 949 animo
1293 889 1392 948 autern

280 985 302 1050 5
323 991 356 1049 et
376 985 545 1068 praeterito
567 995 599 1051 et
620 983 733 1052 future.
777 985 820 1050 Ut
841 988 924 1052 enim
945 1005 1043 1070 seque
1070 987 1229 1053 doleamus
1257 985 1391 1069 [animet

392 1194 415 1239 4.
433 1190 500 1239 nbat
517 1191 539 1240 L
575 1197 597 1242 t.
616 1191 696 1241 enirm
713 1191 768 1242 sine
786 1191 858 1240 uncis
876 1189 920 1242 Or.

407 1400 454 1438 nec
481 1382 513 1438 ob
539 1401 598 1438 eom
619 1401 730 1440 coneum
751 1401 803 1439 non
831 1383 898 1456 etc.)
941 1381 1030 1458 Diog.
1052 1383 1099 1455 X,
1126 1382 1202 1440 137:
1227 1369 1293 1441 Ἔτι
1321 1373 1392 1460 πρὸς

321 1456 392 1531 τοὺς
429 1457 639 1543 Κυρηναϊκοὺς
675 1460 862 1546 (διαφέρεται
902 1456 918 1522 o‘
950 1457 1148 1546 Ἐπίκουρος)·
1183 1459 1212 1523 οἱ
1250 1457 1303 1541 μὲν
1340 1459 1392 1543 γὰρ

321 1543 439 1626 χείρους
470 1540 526 1616 τὰς
559 1541 730 1624 σωματικὰς
763 1535 928 1627 ἀλγηδόνας
960 1546 1019 1608 τῶν
1051 1548 1191 1626 ψυχικῶν·
1214 1539 1395 1618 κολάζεσθαι

321 1632 392 1711 γοῦν
413 1625 484 1699 τούς
513 1620 745 1712 ἁμαρτάνοντας
772 1625 896 1730 σώματι·
921 1626 937 1692 ὁ
960 1625 1068 1699 δὲτὰς
1089 1624 1228 1712 ψυχικάς·
1251 1624 1304 1709 τὴν
1327 1631 1394 1712 γοῦν

322 1707 420 1796 σάρκα
441 1707 476 1816 fd
498 1703 710 1816 ιπαρὸνὶμόνον
731 1714 887 1820 meltiadem,
916 1712 968 1798 τὴν
991 1709 1141 1822 δὲῖψυχὲῑν
1163 1710 1211 1778 καὶ
1234 1707 1269 1776 τὸ
1291 1715 1394 1814 παρεξι-

322 1793 380 1860 clv
402 1823 450 1860 και
472 1821 507 1860 το
530 1821 627 1878 πειρον
648 1794 696 1870 καὶ
714 1825 750 1862 ro
765 1797 882 1880 pellor·
901 1793 995 1870 οὕτως
1007 1821 1058 1860 ουν
1075 1823 1123 1862 και
1139 1796 1279 1880 μείζονας
1290 1795 1395 1879 sidocus

322 1880 397 1944 elom
417 1885 471 1963 τῆς
492 1884 599 1963 ψυχῆς.
633 1889 746 1948 Eadem
763 1899 871 1948 tractet
882 1889 986 1949 Cicero
1014 1889 1044 1945 in
1067 1890 1155 1947 'Prisc
1173 1891 1213 1962 V,
1237 1890 1276 1947 95
1295 1897 1325 1946 et
1348 1889 1395 1944 96.

322 1975 369 2032 De
391 1995 447 2034 usu
469 1975 680 2053 particularum
703 1995 748 2033 neo
770 2011 812 2018 —
833 1995 885 2032 non
907 1975 986 2051 epud
1008 1973 1181 2034 Ciceronem
1204 1984 1236 2032 et
1256 1993 1324 2045 eos,
1347 1972 1396 2048 qui

322 2061 444 2119 eandem
467 2059 707 2120 consuetudinem
730 2069 906 2136 sequuntur,
940 2061 971 2118 in
999 2060 1128 2118 tollendo
1150 2060 1308 2136 negatione
1331 2065 1396 2134 post

321 2147 514 2205 Thomasium
547 2143 599 2228 (nd
626 2143 728 2224 Turs.)
761 2147 900 2222 exposuit
926 2147 1122 2204 Buttmounus
1153 2146 1192 2203 cd
1224 2144 1396 2220 Quintilian.

322 2233 397 2304 XII,
424 2233 472 2304 10,
498 2233 554 2304 463
578 2232 629 2289 sed
649 2251 698 2290 res
720 2240 882 2309 pervagato
903 2239 956 2290 est.
1006 2230 1082 2310 (cfr.
1104 2232 1160 2312 IV,
1186 2233 1246 2307 13.)

403 2337 543 2393 praesens,
565 2327 590 2374 el
612 2320 685 2392 quod
706 2317 796 2393 adest)
824 2317 928 2375 Adesse
954 2316 992 2374 od
1015 2317 1112 2375 locum
1135 2317 1282 2392 pertinere
1305 2333 1396 2373 nnuc·

322 2411 386 2461 tent
408 2403 456 2460 hio
479 2412 508 2460 et
530 2404 567 2460 ed
589 2405 605 2462 Ι
627 2404 663 2460 de
686 2402 744 2463 Off.
770 2407 805 2463 11
831 2404 935 2480 (adid
956 2405 1053 2468 nolum,
1077 2403 1152 2476 quod
1172 2403 1249 2460 adest
1271 2403 1395 2476 quodque

317 2509 449 2566 praesens
477 2500 529 2556 est,
563 2509 591 2547 se
623 2492 817 2551 cceomnwdnt,
846 2491 961 2564 pardum
976 2489 1128 2564 ,admodum
1150 2491 1264 2544 sentiens
1292 2505 1395 2564 prae·

323 2578 459 2632 teritum
481 2586 540 2632 ortt
560 2574 751 2650 sutorum),
786 2583 1015 2650 comparentque
1037 2574 1126 2635 Tusc.
1148 2573 1204 2644 IV,
1236 2575 1283 2630 14.
1339 2571 1396 2631 Sed
1447 2581 1448 2584 ’

317 2680 449 2737 praesens
471 2680 529 2719 non
553 2661 648 2719 minus
670 2680 688 2718 a
710 2661 776 2718 loco
798 2658 975 2716 transfertur
997 2659 1034 2716 ed
1053 2667 1179 2736 tempus,
1203 2659 1281 2734 quod
1299 2656 1397 2715 omnis

323 2747 468 2804 vocabula
489 2746 571 2803 illine
593 2755 756 2818 mutuatum
790 2763 844 2802 nec
865 2748 963 2802 adsum
990 2745 1087 2801 minus
1119 2743 1228 2802 dicitnr
1254 2743 1291 2802 de
1324 2752 1395 2800 tern-

308 2851 409 2908 ‹pore3
443 2840 473 2890 et
504 2840 641 2908 eppcret,
675 2849 797 2906 prorsus
826 2831 893 2887 hino
920 2830 1047 2888 alienam
1070 2848 1135 2888 esse
1157 2829 1216 2888 loci
1238 2829 1395 2887 notionem.

323 2917 429 2991 Imque
451 2917 574 2974 vocibus
597 2917 759 2973 coniunctis
782 2925 894 2973 tentum
923 2916 1043 2992 gravius
1070 2916 1113 2972 rei
1147 2923 1279 2991 tempore
1313 2931 1395 2990 prec-

323 3002 414 3060 sentis
437 3002 518 3059 notio
541 3002 674 3078 signatur
696 3002 762 3078 (dns
784 3002 975 3058 unmittelbsr
996 3000 1245 3078 gegenwtrtige),
1273 3009 1308 3057 ut
1329 3017 1396 3057 con·

323 3096 370 3145 tro
392 3088 428 3144 de
450 3087 516 3145 loco
539 3087 696 3145 Terentius
719 3087 809 3144 dixit:
831 3090 897 3144 odeo
916 3087 1055 3162 praesens.

414 3174 450 3231 Ut
471 3176 538 3229 enim
559 3192 643 3247 aeque
665 3174 800 3230 doleamne
823 3167 960 3252 [annno])
993 3171 1104 3230 Notavi
1131 3189 1235 3229 vocem
1263 3167 1397 3246 supposi-

323 3257 438 3320 ticiem.
463 3277 537 3333 ques
559 3259 585 3315 si
606 3258 759 3329 retinetur,
783 3257 928 3316 sententis
950 3259 1022 3314 haec
1045 3258 1133 3314 debet
1154 3275 1233 3314 esse:
1256 3257 1299 3316 Ut
1320 3255 1396 3312 enim

324 3343 491 3414 concedam,
515 3354 586 3414 tum,
611 3361 676 3400 oum
689 3363 812 3420 corpore
824 3343 984 3414 doleamus,
1008 3361 1067 3401 non
1079 3343 1220 3400 maiorem
1232 3361 1297 3400 esse
1308 3337 1397 3397 enimi

324 3427 464 3498 dolo'reru,
487 3439 585 3505 potest
607 3438 704 3486 temen
727 3430 791 3486 fieri
813 3429 907 3487 maior
928 3439 983 3486 etc.
1029 3428 1088 3488 Sed
1110 3427 1193 3487 nullo
1216 3427 1303 3486 modo
1325 3427 1397 3484 hacc

323 3515 429 3571 verbs:
463 3525 491 3571 nt
523 3535 607 3590 aeque
629 3517 765 3572 doleamne
786 3515 816 3572 in
840 3516 1026 3573 concedendo
1059 3515 1136 3571 hanc
1165 3512 1316 3570 minuendi
1338 3511 1396 3568 vim

322 3599 433 3657 habere
455 3610 592 3676 possunt,
615 3600 667 3657 sed
690 3601 880 3658 contrariom:
909 3611 938 3657 nt
959 3621 1010 3657 raon
1033 3604 1134 3670 melone,
1163 3618 1222 3674 quo
1257 3597 1397 3656 evertitur
1447 3669 1448 3674 η

323 3694 387 3743 tota
419 3686 578 3756 sententic3
612 3685 654 3743 sio
688 3685 764 3743 enim
799 3685 943 3761 loquitur,
978 3686 1028 3760 qui
1061 3686 1125 3761 ipse
1153 3685 1244 3742 enimi
1266 3683 1397 3742 dolorem
1447 3691 1448 3696 ’

323 3790 417 3846 aeque
440 3789 576 3848 magnum
599 3789 663 3828 esse
686 3790 743 3828 non
766 3770 914 3842 iudicans,
948 3771 1004 3828 hoc
1037 3779 1134 3828 temen
1162 3770 1312 3840 concedit,
1347 3766 1397 3826 sed
1447 3829 1448 3846 ,

323 3857 380 3926 its,
414 3865 448 3914 ut
480 3865 577 3914 temen
605 3857 717 3932 aliquid
747 3856 777 3913 in
800 3875 923 3931 corpore
946 3857 1085 3914 accedere
1114 3855 1217 3931 possit.
1271 3854 1395 3924 Deinde,
1447 3859 1448 3862 ’

324 3942 379 3998 etsi
412 3942 506 4000 oritur
532 3941 654 4018 Epicuri
686 3943 833 3999 sententie
860 3941 950 3999 animi
978 3942 1062 4000 dolor
1089 3961 1104 3998 e
1128 3959 1265 4017 corpore,
1300 3951 1396 3998 temen

324 4027 479 4103 perinepte
511 4036 556 4085 est
588 4028 661 4084 haec
694 4026 834 4102 temporis
868 4027 1059 4104 significatio:
1097 4027 1133 4084 Ut
1154 4045 1240 4102 aeque
1261 4028 1397 4084 domamus

324 4115 425 4183 animo,
448 4132 508 4170 com
528 4132 638 4188 corpore
659 4114 791 4182 dommum
824 4131 893 4170 narn
915 4111 957 4170 sic
979 4112 1158 4171 contrarium
1179 4111 1261 4169 aliud
1282 4121 1397 4188 tempus
1447 4153 1448 4160 r

325 4197 484 4274 cogitetur:
507 4218 539 4256 cc
555 4217 614 4255 cum
631 4218 682 4255 non
699 4200 817 4256 dolemus
838 4217 955 4274 corpore,
979 4196 1057 4272 quod
1079 4215 1197 4254 sensum
1219 4215 1278 4256 non
1301 4197 1397 4254 habet.

325 4282 514 4358 Comparatio
547 4284 620 4340 hoec
652 4301 717 4340 esse
750 4283 890 4340 debebatr
922 4293 1003 4358 atque
1029 4301 1139 4358 corpore
1166 4285 1285 4341 dolam
1318 4284 1398 4360 (cum

324 4377 450 4443 utroque
472 4367 627 4444 dolemus).
671 4369 780 4427 Deleta
801 4369 853 4425 ille
875 4387 961 4441 voce,
996 4368 1094 4426 onmis
1121 4379 1203 4426 recte
1225 4378 1324 4427 erunt:
1358 4367 1399 4427 Ut
1447 4439 1448 4450 ἵ
