2928 5012
422 437 465 482 nr
488 435 569 483 usn.
587 436 649 483 mn.
666 437 678 482 1
700 436 773 483 one.
793 441 817 484 a.
1121 421 1159 483 17

115 602 165 666 sint
183 621 323 670 conversa
344 607 384 670 de
406 605 555 670 Graecis?
592 605 672 671 Nam
696 605 722 670 si
743 604 859 683 dicent,
887 605 926 671 ab
947 605 1008 670 illis
1029 606 1087 670 has
1108 625 1161 672 res

114 723 170 769 esse
189 714 344 786 tractatas,
374 726 414 772 ne
435 708 521 789 ipsos
543 707 667 789 quidem
690 707 827 772 Graecos
849 714 898 772 est
919 725 974 772 our
996 713 1060 772 tam
1081 708 1160 772 mul·

113 814 152 871 tos
169 807 273 889 legant
293 827 387 891 quam
408 808 531 892 legendi
553 815 634 874 sunt
678 808 760 887 Quid
782 809 862 874 enim
885 821 933 874 est
953 809 1159 892 aChrysippo

169 1033 185 1078 l.
204 1029 301 1081 dicerem
320 1030 436 1082 LPMCR
471 1037 492 1080 9.
515 1031 577 1100 [r'pw
596 1033 618 1080 Α
638 1032 672 1094 (in
690 1032 738 1081 fine
756 1029 860 1098 verensi]
900 1029 996 1098 [multos
1014 1029 1066 1098 A1]

179 1257 256 1312 qnam
277 1241 382 1313 aycardi
401 1238 476 1316 sunt)
504 1240 570 1297 Hoc
592 1258 651 1296 nou
673 1239 752 1297 idern
774 1257 838 1297 esse
861 1257 948 1315 posse
970 1255 1004 1295 ac
1027 1241 1158 1312 leguntur,

109 1323 174 1394 qued
198 1324 335 1382 Davisius
364 1326 501 1401 putabat.
536 1344 594 1382 non
622 1333 667 1382 est
694 1343 768 1401 opus
799 1323 912 1394 doceri;
952 1323 1030 1398 quod
1060 1335 1159 1382 antem

109 1407 249 1486 Hottinger
275 1408 327 1488 (ad
349 1409 410 1469 cie.
433 1411 470 1467 de
491 1410 593 1468 Divin.
621 1411 654 1468 Π
676 1429 738 1485 cap.
763 1405 796 1487 7)
824 1429 878 1485 pro
906 1412 958 1484 leqi
975 1405 1089 1484 possunt
1111 1427 1158 1466 ac-

109 1493 186 1568 eepit,
213 1513 308 1570 aquo
335 1515 367 1552 re
395 1496 460 1571 ipsa
487 1515 546 1553 non
575 1496 637 1553 abit
657 1495 793 1553 Haudius
820 1495 858 1550 ad
880 1492 1041 1570 Wopkens.
1064 1495 1158 1552 Leott.

109 1577 173 1636 Tull.
194 1599 220 1655 p.
244 1581 319 1652 369,
353 1581 522 1657 explicans:
539 1585 637 1658 parati
664 1591 740 1652 sunt,
771 1590 800 1637 ut
822 1583 959 1654 leguntur,
992 1579 1023 1636 id
1053 1579 1077 1637 si
1105 1599 1160 1656 per

107 1667 307 1738 grammaticam
330 1665 401 1724 ferri
424 1677 539 1742 posset,
562 1687 580 1724 a
602 1667 747 1724 sententia
768 1674 970 1742 respueretur;
1004 1683 1058 1722 nac
1080 1666 1157 1723 enim

107 1749 210 1806 adrem
232 1752 405 1826 pertinebat
428 1771 487 1810 non
510 1771 584 1829 opus
606 1771 671 1810 esse
693 1769 794 1809 omnes
807 1751 913 1826 legere,
936 1749 987 1826 qni
1009 1750 1067 1828 legi
1090 1771 1157 1827 pos-

107 1847 173 1906 sent3
199 1837 262 1910 quis
285 1837 362 1894 enim
385 1837 416 1894 id
438 1835 587 1895 faciebat?
630 1839 736 1912 Itaque
758 1845 865 1906 restat,
894 1846 928 1893 ut
949 1855 1015 1893 oum
1037 1836 1157 1894 Bremio

105 1919 305 1998 intellegamus:
336 1942 423 1997 quam
451 1923 568 1999 legendi
597 1932 678 1992 sunt,
712 1922 737 1980 si
760 1923 825 1997 quis
848 1923 951 1979 doetus
973 1931 1003 1978 et
1025 1922 1157 1980 eruditus

105 2005 190 2063 haberi
212 2007 274 2064 vult
296 2025 537 2083 communemque
560 2008 721 2090 studiorum
744 2009 887 2065 rationem
909 2007 1055 2083 persequi.
1100 2005 1158 2064 Illa

106 2099 188 2147 autem
214 2093 369 2169 gerundivi
397 2094 571 2170 significatio
599 2112 718 2171 prorsus
746 2093 887 2150 abhorret
913 2111 931 2149 a
953 2091 1105 2151 Ciceronis
1128 2101 1158 2149 et

15 2175 16 2184 ’
104 2177 251 2251 aequalium
273 2197 339 2236 usu.
383 2179 515 2237 Primum
543 2180 574 2236 in
601 2181 653 2237 illo
681 2179 716 2236 de
746 2179 847 2236 Divin.
881 2178 946 2235 loco
974 2177 1071 2254 agitur
1097 2196 1156 2234 uon

15 2297 16 2310 r
104 2260 187 2332 dere,
209 2283 283 2338 quae
306 2264 371 2321 fieri
393 2265 502 2340 possit,
537 2265 589 2322 sed
611 2265 647 2322 de
670 2263 870 2340 praedictione
893 2263 936 2320 rei
958 2262 1089 2334 futurae,
1124 2273 1158 2320 ut

15 2339 16 2358 ¹
104 2349 265 2406 mentiendum
289 2348 383 2426 (esse)
406 2350 512 2408 debeat
533 2369 598 2408 esse
615 2354 746 2407 irruentum
768 2353 811 2421 im,
835 2349 981 2424 quomodo
996 2357 1065 2405 ante
1081 2349 1155 2406 Lac·

104 2434 210 2491 tuntinm
232 2443 261 2492 et
283 2435 498 2512 Hieronymum
521 2455 607 2494 nemo
630 2435 760 2511 scripsit;
782 2443 861 2492 reete
884 2452 961 2490 nunc
983 2434 1154 2491 abonorum

15 2501 16 2520 ¹
103 2518 172 2576 codd
192 2520 339 2596 scriptura
361 2521 555 2594 (invocaturum)
583 2519 693 2578 iactum
723 2530 769 2578 est
789 2524 921 2577 roveretum
943 2522 986 2576 im.
1030 2515 1156 2600 (Caesar

103 2602 130 2658 Β.
150 2603 178 2664 C.
199 2607 279 2675 1,72
304 2606 435 2681 loquitur
462 2608 498 2664 de
526 2606 718 2673 adversariis,
753 2625 843 2681 quos,
876 2604 1018 2662 victoriae
1047 2613 1154 2676 certus,

104 2688 148 2745 uli
171 2691 388 2749 interficiendos
416 2692 490 2750 dnra
519 2692 693 2750 necessitate
716 2692 844 2748 videbat.
889 2688 938 2768 [B.
962 2689 1000 2748 G.
1023 2691 1111 2758 vlu,
1135 2692 1154 2746 4

103 2791 132 2830 ex
151 2795 203 2834 uno
225 2778 304 2834 malo
323 2777 425 2834 codice
448 2778 559 2835 editur:
591 2780 674 2834 millia
697 2797 831 2834 tzummum
851 2777 1027 2833 coridonaoclu
1046 2778 1154 2850 pollt'cc-

103 2869 148 2926 tnr3
168 2863 253 2919 ceteri
276 2865 427 2920 condonato
449 2864 573 2932 habent;
607 2863 678 2938 quid
700 2862 851 2938 scripserit
862 2860 987 2931 Hirtius,
1010 2860 1154 2918 incertum
1197 2869 1203 2888 ¹

103 2955 143 3002 est.
182 2947 279 3008 Unum
303 2949 418 3004 firmum
447 2959 492 3006 ast
519 2949 685 3024 exemplum
713 2947 744 3005 iu
767 2949 942 3023 promittendi
962 2947 1053 3004 verbo
1076 2943 1154 3022 apud

102 3027 153 3086 liv·
173 3033 226 3102 ΙΙΙ,
251 3035 303 3102 45,
328 3034 361 3101 3,
395 3033 445 3090 nbi
469 3037 596 3109 promitto
618 3036 740 3109 puellum
767 3035 912 3090 sistendam
940 3031 1042 3088 eodem
1067 3031 1153 3088 modo

102 3113 198 3179 dieitur.
220 3137 280 3193 quo
301 3139 381 3176 voveo
402 3121 494 3176 aedon
510 3117 709 3196 sociendom.])
758 3119 794 3176 In
817 3117 878 3177 Cio.
902 3117 937 3174 de
961 3115 1066 3186 0ff.1‚
1093 3116 1152 3172 159

102 3212 124 3255 et
142 3203 172 3258 de
193 3203 275 3263 Orat
299 3205 342 3273 Π,
356 3204 427 3276 209,
451 3223 525 3278 quos
550 3205 630 3262 locos
652 3205 813 3280 Hottinger
843 3212 873 3260 et
894 3201 1029 3259 Handius
1052 3201 1153 3270 citant,

101 3301 128 3341 ue
147 3289 261 3347 minima
283 3289 402 3365 quidem
425 3308 515 3348 causa
537 3299 595 3360 est,
623 3307 675 3347 cur
696 3290 734 3346 ab
756 3290 866 3346 usitata
887 3286 1041 3364 gerundivi
1064 3285 1153 3362 signi·

101 3370 215 3432 leudone
238 3375 415 3433 discedatur.
459 3375 574 3450 Neque,
598 3375 622 3432 si
646 3375 763 3449 quando
786 3373 890 3433 Cicero
913 3373 984 3430 dicit
1005 3373 1154 3444 intellegen-

102 3457 151 3513 dum
169 3471 220 3520 est.
243 3462 275 3518 id
296 3462 397 3536 potius
419 3479 484 3518 cum
508 3481 543 3518 eo
566 3461 730 3536 comparari
754 3460 855 3529 debet,
879 3458 957 3533 quod
979 3457 1050 3514 alibi
1073 3455 1152 3526 dicit,

101 3545 194 3618 sinapi
220 3549 294 3618 dcet,
329 3565 417 3620 quarn
440 3565 505 3603 cum
529 3565 580 3617 eo,
615 3546 693 3620 qnod
715 3546 785 3602 item
808 3543 895 3614 alibi,
929 3545 1043 3616 mtellepi
1068 3542 1152 3598 debet.

101 3625 126 3682 ln
148 3629 180 3688 iis
207 3631 295 3702 loeis,
330 3632 361 3688 in
389 3631 496 3706 quibus
523 3632 660 3690 Bremius
688 3639 718 3687 et
744 3630 898 3705 Zumptius
926 3629 955 3704 (ς
980 3625 1055 3700 650)
1078 3625 1150 3696 eius,

101 3715 162 3784 quod
188 3717 277 3774 liceat
304 3716 419 3788 Iacere,
454 3717 697 3793 significationem
727 3735 790 3772 esse
819 3723 924 3790 putant
952 3713 1013 3790 (hic
1035 3713 1077 3787 11,
1101 3712 1150 3777 77,

100 3795 145 3868 ΠΙ,
165 3803 189 3860 7.
212 3801 271 3860 Off.
294 3803 320 3868 Ι,
348 3801 433 3878 113),
456 3802 544 3860 simul
556 3802 747 3878 significatur,
772 3801 965 3875 quidreotum
988 3798 1026 3856 sit
1049 3805 1079 3854 et
1101 3795 1151 3852 de-

101 3897 165 3956 ceat;
185 3907 279 3962 neque
302 3887 390 3945 aliter
412 3888 507 3963 accipi
529 3889 625 3958 debet,
649 3888 727 3962 quod
750 3887 838 3944 Tuae.
861 3887 891 3954 1,
916 3885 933 3942 2
957 3883 1064 3958 legitur
1086 3881 1153 3958 (non

102 4001 131 4010 -
149 3985 203 4030 sort
225 3973 410 4047 conferendo).
455 3973 513 4033 Sed
536 3992 601 4030 cum
625 3972 737 4048 aliquid
758 3971 986 4028 ferandumesse
999 3967 1150 4035 viredine,

100 4057 134 4110 πὶ
146 4061 285 4130 ferendum
306 4059 434 4135 primum
457 4059 522 4130 erit,
545 4059 624 4133 quod
635 4058 686 4115 vix
698 4056 841 4134 postulari
858 4076 876 4112 a
893 4072 1040 4129 quoquam
1053 4059 1152 4127 potest

100 4151 123 4194 nt
140 4143 207 4202 ierat
231 4145 290 4222 (vis
312 4147 388 4220 quod
401 4147 477 4218 sem'
486 4140 608 4224 debeat);
631 4143 699 4200 hinc
721 4151 819 4199 autem
842 4141 994 4217 proximus
1008 4137 1150 4194 transitus

19 4267 20 4272 1
100 4235 133 4280 est
149 4231 181 4287 ud
201 4231 247 4300 id,
278 4231 356 4305 quod
379 4230 431 4286 vix
452 4229 524 4287 ferri
546 4231 654 4306 possit,
689 4227 919 4302 significandum.
962 4225 1067 4298 Itaque
1090 4217 1154 4277 non'

20 4373 21 4386 p
100 4312 172 4372 solum
193 4315 305 4376 Caesar
327 4327 357 4373 et
380 4315 534 4374 Cornelius
556 4315 658 4391 Nepos
681 4313 790 4370 nnllam
820 4313 956 4369 timentes
973 4306 1148 4382 ambignita-

100 4405 144 4454 lem
162 4401 199 4458 sic
222 4403 372 4472 dixerunt,
395 4405 440 4458 aaa
462 4403 623 4460 medendum
645 4420 710 4472 esse,
734 4398 785 4456 sed
808 4397 909 4454 eodem
932 4395 1018 4452 modo
1042 4391 1147 4451 Cicero

926 4513 943 4564 2
