2998 5020
431 441 475 487 nr
498 441 698 488 unn.n1a.v
721 441 793 488 cnr.
813 445 837 488 a.
1103 424 1166 489 613

94 609 183 674 Piso:
206 611 310 692 Atqui,
333 610 449 688 Cicero,
470 610 580 691 inquit,
602 610 787 689 istashrdia,
810 610 837 675 si
853 610 1168 676 adimitandosaum·

92 731 161 776 mos
183 712 268 777 viros
290 719 442 794 spectant,
463 711 694 794 ingeniosorum
717 720 799 790 sunt,
822 712 870 777 sin
892 713 1105 778 tantummodo
1127 715 1168 778 ed

92 815 206 880 indicia
227 815 341 880 veteris
358 815 524 880 memoriae
535 815 758 895 cognoscenda,
781 815 987 894 curiosorum3
1010 825 1042 880 te
1063 821 1169 880 autem

91 917 254 982 hortamur
276 935 391 996 omnes
413 923 590 982 currentem
611 916 745 998 quidem,
767 922 802 982 ut
823 935 925 998 spero,
947 922 984 982 ut
1005 935 1068 996 eos,
1089 935 1169 1000 quos

91 1019 218 1084 novisse
235 1020 292 1099 vis,
314 1019 430 1084 imitari
452 1019 545 1084 etiam
566 1018 651 1084 velia.
685 1018 745 1084 Hic
767 1037 838 1101 ego:
861 1019 930 1084 Etsi
951 1017 1025 1084 lacit
1040 1019 1090 1084 hie
1101 1019 1169 1101 qui-
1186 1020 1207 1086 5

92 1121 173 1198 dem,
195 1121 331 1202 iuquam,
352 1120 436 1200 Piso,
458 1126 494 1185 ut
514 1121 611 1200 vides,
634 1139 680 1200 ea,
703 1139 783 1203 quoe
794 1119 958 1202 praecipis,
980 1121 1170 1186 tamenmihi

89 1228 184 1303 grata
205 1223 341 1288 hortatio
363 1229 491 1288 tuaest.
526 1224 607 1288 Tum
617 1223 669 1288 ille
680 1223 874 1303 arnioissime,
895 1229 932 1287 ut
948 1223 1080 1288 solebat:
1103 1223 1170 1287 Nos
1200 1245 1205 1256 ’

92 1342 176 1402 vero,
198 1325 306 1406 inquit,
329 1343 436 1390 omnes
459 1325 561 1390 omnia
583 1326 625 1391 ad
645 1325 737 1390 huus
759 1325 1001 1392 adulescentiam
1029 1323 1169 1390 contera-

91 1445 172 1504 mus,
193 1427 226 1490 in
246 1427 417 1510 primisque
439 1434 474 1492 ut
494 1427 612 1509 aliquid
632 1445 760 1492 suorum
771 1428 945 1492 studiorum
955 1425 1171 1508 philosophiae

90 1547 217 1610 quoque
238 1529 405 1611 impertiat,
427 1530 476 1594 vel
497 1535 533 1593 ut
553 1529 742 1608 teimitetur,
764 1547 856 1610 quem
867 1535 960 1608 amat,
982 1529 1032 1594 vel
1048 1527 1169 1593 utillud
1189 1531 1230 1597 10

90 1631 205 1711 ipsum,
227 1632 312 1712 quod
334 1631 448 1706 studet,
471 1629 573 1698 lacere
595 1631 698 1714 possit
719 1632 868 1696 ornatius.
896 1632 958 1697 Sed
979 1630 1170 1696 utrumhor-

91 1733 209 1796 raudus
232 1750 267 1797 es
289 1733 388 1812 nobis,
410 1734 495 1813 Luci,
517 1734 628 1816 inquit,
651 1753 691 1799 an
714 1735 808 1799 etiem
830 1740 885 1798 tua
907 1740 1019 1815 sponte
1035 1750 1170 1814 propen-

90 1852 147 1898 sus
169 1835 225 1899 es?
269 1834 345 1899 Mihi
368 1835 493 1917 quidem
514 1835 714 1916 Antiochum,
742 1854 835 1917 quem
856 1836 960 1915 audis,
994 1835 1070 1900 satis
1092 1835 1171 1901 belle

88 1936 208 2001 videris
236 1937 407 2003 attendere.
457 1939 537 2003 Tum
564 1937 616 2003 ille
643 1937 750 2003 timide
777 1938 826 2003 vel
853 1938 959 2019 potius
981 1938 1169 2002 verecunde:

90 2038 196 2116 Facio,
219 2039 327 2120 inquit,
349 2039 507 2122 equidem;
541 2041 597 2106 sed
623 2039 780 2105 audistine
805 2041 898 2105 modo
925 2038 1169 2114 commendet
1188 2042 1229 2109 15

146 2231 167 2274 3,
192 2225 290 2293 [indicta
307 2225 358 2294 Eh]
397 2233 419 2275 4.
439 2226 497 2292 quid
513 2227 680 2292 (proquidem)
700 2227 719 2277 E
765 2231 787 2276 5.
806 2227 873 2276 noot'o
889 2243 931 2277 eeu
947 2227 993 2291 hojo
1011 2227 1171 2292 (prouout'eae

90 2296 139 2358 om)
158 2295 181 2343 E
225 2299 296 2345 etiam
307 2294 397 2345 interi
411 2295 547 2347 arceor.
593 2295 702 2360 &inquit
720 2295 741 2346 C
790 2303 881 2346 tanmn
897 2294 955 2345 niti
972 2297 991 2345 P
1028 2298 1050 2348 7,
1068 2295 1171 2345 hortatio

90 2373 127 2413 est
145 2372 189 2412 toa
206 2363 227 2412 P
245 2373 280 2413 eet
296 2363 399 2415 hertam
416 2373 459 2414 tua
476 2363 566 2416 citer.
622 2369 661 2417 10.
681 2363 808 2429 impartiar
825 2361 847 2413 L
890 2362 928 2414 vel
945 2392 976 2401 -
995 2373 1062 2414 amat
1079 2380 1130 2417 om.
1148 2363 1171 2414 Ε

93 2437 133 2482 12.
156 2430 218 2498 [tuta
235 2441 317 2498 epam
334 2433 384 2499 mr]
425 2438 463 2486 15.
484 2431 585 2501 [audisti
600 2449 636 2482 me
653 2431 721 2483 modo
739 2432 790 2500 Eh]
829 2431 968 2484 Chommoda
985 2431 1028 2484 Or.

93 2625 204 2682 genere
227 2607 321 2664 utitur
341 2607 475 2665 Kritzius
497 2608 535 2665 ad
558 2605 630 2666 Sall.
641 2608 707 2684 Iug.
733 2607 781 2680 17,
795 2605 824 2678 3,
847 2606 898 2664 ubi
921 2616 1024 2664 contra
1035 2607 1172 2665 meliores

92 2692 212 2749 codices
235 2691 340 2749 edidit:
363 2695 390 2750 in
408 2703 516 2769 portem
528 2695 633 2750 tertiam
644 2693 901 2769 Astieompoeuere.
935 2691 1081 2766 Quoniam
1093 2693 1171 2750 enirn

92 2777 159 2852 ipse
181 2787 341 2855 negaturus
363 2787 497 2849 nonest,
520 2797 597 2851 eum,
620 2779 671 2853 qui
693 2777 806 2853 aliquid
827 2777 963 2855 ingenus
979 2797 1172 2836 numerumve

92 2863 224 2937 aliquem
246 2862 370 2935 referat,
410 2863 468 2920 diei
490 2863 596 2922 Latine
623 2863 655 2921 id
682 2867 709 2920 in
736 2883 766 2922 eo
790 2883 886 2939 penore
907 2882 1046 2921 numnam
1063 2883 1171 2940 portet-e,

92 2947 223 3006 concidit
245 2957 339 3007 totum
360 2949 401 3020 id,
423 2949 503 3024 quod
524 2967 556 3007 ee
572 2949 698 3025 primurn
710 2949 876 3025 repperisse
887 2957 981 3025 putat,
1004 2950 1172 3007 accusativo

91 3033 263 3111 significari,
286 3034 337 3109 qui
359 3033 446 3110 primi
458 3035 501 3092 sic
512 3035 680 3105 diviserint3
703 3053 880 3110 quamquem
904 3035 1040 3110 quidper
1056 3053 1087 3092 se
1109 3036 1172 3092 ina·

40 3183 44 3192 ,
91 3120 160 3177 nius
182 3117 247 3177 est?
286 3119 471 3195 Quicumque
498 3120 576 3178 enim
600 3120 774 3178 divisionem
797 3120 834 3176 ab
857 3119 924 3177 aliis
945 3120 1109 3178 institutam
1128 3138 1173 3178 se·

92 3205 209 3278 quitur,
232 3205 335 3262 eodem
357 3205 444 3263 modo
467 3206 625 3264 dividendo
636 3205 703 3264 loce
713 3205 801 3263 rebus
812 3205 952 3282 assignat
980 3203 1173 3284 [Noominus

91 3309 219 3366 pravum
241 3299 287 3348 est
298 3292 362 3368 lug.
377 3294 447 3362 111,
463 3294 477 3349 l
503 3295 529 3349 in
538 3296 657 3368 qratiam
668 3286 830 3371 habituros]
853 3290 914 3368 (De
924 3292 1071 3367 reponendi
1080 3291 1172 3348 verbo

92 3376 240 3434 dubitatio
263 3377 454 3452 relinquitur,
488 3396 526 3434 an
549 3377 654 3438 Cicero
677 3369 807 3454 propter
820 3378 955 3452 referendi
975 3376 1190 3452 propinquam

92 3462 245 3520 notionem
272 3462 450 3537 aliquotiens
467 3463 681 3539 praepositioni
702 3463 904 3520 accusativum
926 3462 1099 3535 subiecerit,
1139 3469 1173 3519 nt

93 3547 129 3604 de
147 3548 186 3605 N.
206 3548 244 3604 D.
267 3547 355 3622 Ι,38,
378 3543 436 3619 ΙΠ,
450 3551 506 3620 47,
535 3549 571 3606 de
597 3550 714 3606 Invent
736 3549 763 3621 1,
776 3549 815 3606 39
839 3558 869 3605 et
892 3549 942 3620 97,
965 3547 1001 3605 de
1023 3557 1084 3624 opt.
1106 3565 1172 3625 gen.

93 3643 168 3690 orat.
196 3634 242 3690 17.

180 3720 209 3776 6.
231 3630 332 3776 uinitori
352 3716 445 3798 edam)
468 3717 534 3798 [Sic
555 3719 683 3777 Baiter
694 3719 757 3777 Erl.
779 3727 809 3776 et
830 3719 865 3792 Β,
888 3719 1025 3793 idemque
1047 3737 1116 3777 mox
1134 3737 1172 3776 ex

91 3804 198 3862 iisdem
222 3806 337 3861 hortatae
359 3813 406 3861 tua
428 3816 475 3863 eet.
510 3803 603 3864 Gaius
626 3824 642 3862 e
665 3805 760 3863 tribus
788 3805 849 3864 suis
865 3805 936 3862 dett.
958 3813 1082 3862 annotat
1104 3805 1172 3862 hort.

93 3901 132 3946 eet
155 3900 212 3946 tuo.
256 3890 352 3948 Paulo
373 3900 442 3966 post
464 3891 565 3948 eadem
588 3892 689 3962 verba,
713 3909 789 3966 quae
810 3889 882 3962 Erl,
905 3889 1015 3948 omittit
1036 3887 1087 3968 Β.]

180 3976 349 4046 meantum,
372 3993 450 4051 quem
471 3975 566 4056 nudie)
593 3977 722 4034 Prorsus
744 3976 884 4044 abundat,
907 3984 937 4033 et
958 3975 1058 4052 inepte
1080 3975 1173 4032 ebun-

93 4061 144 4118 dat
168 4061 223 4118 hoc
245 4081 324 4136 quem
345 4064 440 4132 cadim
463 4063 514 4138 qui
536 4063 614 4120 enim
637 4071 689 4120 aut
710 4062 774 4138 ipse
797 4061 907 4119 Lucius
924 4061 1172 4138 autceteriigno·
1252 4088 1254 4094 ¹

94 4165 159 4204 rare
183 4144 338 4222 poterant?
360 4149 467 4223 Itaque
479 4148 812 4223 quotienshunclocum
828 4146 897 4224 legi,
921 4147 1086 4222 suspicatus
1098 4165 1173 4219 sum,

94 4231 268 4290 Ciceronem
291 4233 458 4309 scripsisse:
486 4234 647 4292 Antiochum
669 4253 728 4291 eum
750 4234 847 4304 aredis,
870 4235 938 4290 satie
961 4234 1117 4299 dedecet,
1141 4241 1175 4290 ut

94 4320 231 4376 attendere
252 4318 387 4376 absolute
410 4329 537 4395 ponatur
560 4321 687 4396 (attento
709 4319 807 4376 animo
830 4317 918 4395 ease).
962 4319 1009 4376 De
1029 4318 1174 4394 proximis

94 4404 193 4461 verbis
215 4403 263 4482 (de
288 4404 447 4462 Commode?
468 4405 575 4482 Raptor
597 4405 672 4480 illuc)
695 4405 806 4462 dictum
830 4415 875 4462 est
895 4404 985 4480 paulo
1008 4414 1085 4462 ente.
