3000 5044
333 389 396 453 578
726 404 771 451 nu
793 403 924 452 umens
947 405 1018 451 eoa.

333 576 444 640 cedere
473 579 505 640 et
531 574 679 656 progredi
705 573 889 652 invidete,
922 593 983 655 quo
1011 575 1113 640 miuus
1140 575 1336 640 miserrimus
1360 572 1400 648 sit

332 683 498 760 autequam
520 676 561 741 ud
582 693 651 742 eam
672 676 859 758 pervenerit,
881 676 1027 758 quoniam
1043 678 1075 742 in
1093 675 1260 758 aquanibil
1272 676 1399 742 adiurat

333 784 365 845 et
386 777 531 861 quoniam
553 777 660 858 catuli,
689 778 742 860 qui
764 779 825 843 iem
847 779 1017 860 dispecam'
1039 787 1126 858 sunt,
1154 778 1237 844 caeci
1259 783 1401 860 aequest

332 881 364 960 ii,
385 881 440 962 qui
462 880 554 945 modo
577 880 656 960 nati,
687 879 848 947 Platonem
871 899 995 963 quoque
1022 898 1149 947 necesse
1171 887 1233 959 est,
1265 879 1401 963 quonian

403 1091 427 1137 3.
446 1085 580 1150 despecturi
595 1099 682 1136 omnes
700 1085 735 1145 (et
752 1099 813 1136 mox
831 1086 918 1136 eadem
937 1085 1046 1146 ratione)
1099 1094 1120 1134 et
1137 1083 1164 1134 ii
1178 1083 1224 1134 Ei.
1242 1095 1266 1134 ar
1285 1085 1342 1135 itit

269 1339 273 1346 .
333 1299 385 1351 aiat
407 1313 460 1370 pro
483 1291 665 1362 indicativis‚
689 1293 792 1367 quiin
815 1293 994 1350 editionibus
1016 1302 1115 1364 erant,
1139 1294 1249 1351 habere
1270 1293 1341 1352 dicit
1360 1289 1400 1366 (ct

333 1374 503 1460 improbet),
526 1377 678 1436 confirmat
700 1377 737 1435 de
758 1382 974 1456 appropinqroeat
995 1379 1066 1436 adit
1078 1377 1159 1438 Crat.
1181 1374 1254 1460 (non
1276 1379 1312 1436 de
1332 1375 1400 1452 aar)

334 1463 377 1544 [et
394 1482 471 1522 nunc
487 1463 625 1522 Baiterus
647 1464 683 1521 de
705 1463 766 1521 Erl.
790 1462 880 1542 etB].
914 1465 1052 1522 Postulat
1073 1464 1293 1522 coniunctivnm
1315 1462 1400 1522 oratio

333 1551 468 1626 obliqua,
503 1567 568 1606 cum
596 1548 670 1606 nulli
698 1549 771 1606 certi
799 1549 932 1607 homines
955 1549 1170 1626 significentur3
1204 1559 1235 1607 et
1261 1547 1398 1627 praecedit

334 1638 420 1693 velint.
455 1635 614 1692 Praeterea
635 1633 796 1693 indicativo
818 1635 1072 1692 mododioendum
1085 1645 1148 1693 orat
1171 1631 1307 1715 (propter
1316 1629 1399 1712 sore):

333 1721 588 1798 appropinquabant
614 1753 657 1764 -
684 1717 768 1778 aaut.
818 1721 853 1778 In
882 1721 945 1791 ΙΙΙ,
975 1721 1015 1778 48
1044 1729 1107 1778 tote
1141 1721 1283 1778 orationis
1313 1719 1398 1778 forma

333 1807 468 1864 aliaest.
512 1805 606 1863 Paulo
629 1813 697 1863 ante
724 1809 766 1862 uti
785 1806 895 1863 omittit
917 1805 1005 1863 etiem
1030 1803 1107 1883 Spir.
1131 1804 1195 1885 [B].
1247 1807 1320 1864 Tum
1340 1804 1399 1860 aiiii

334 1896 415 1966 iqitar
436 1890 578 1950 Davisius
601 1890 699 1962 tacite,
722 1891 821 1948 neseio
833 1891 925 1962 unde;
948 1891 1053 1949 sedita
1075 1911 1132 1968 mg.
1145 1891 1237 1960 Crat,
1249 1889 1310 1950 cod.
1321 1891 1397 1953 Mor„

333 1978 411 2045 Eri.¹
435 1976 513 2053 Spir.
532 1973 603 2056 [B]‚
632 1975 711 2035 Gud.
725 1977 759 2046 2;
782 1977 919 2048 Munatii,
942 1976 1114 2047 Lambinus,
1138 1976 1293 2037 Grutems
1315 1975 1396 2034 Griru

335 2083 405 2138 erpo,
429 2073 458 2120 et
482 2062 584 2119 siletur
606 2061 642 2118 de
665 2061 744 2120 Oxx.
767 2062 932 2132 codicibus;
961 2060 1040 2121 Gud.
1066 2065 1080 2120 1
1106 2071 1136 2120 et
1157 2063 1224 2120 edd.
1242 2071 1310 2120 vett
1330 2063 1397 2118 enin·

335 2148 451 2206 Deinde
473 2147 628 2204 Ernestius
656 2146 774 2222 scripsit
800 2150 838 2205 sis
859 2181 902 2192 -
919 2151 1087 2224 ρενυαιενίε.
1116 2148 1226 2206 oblitus
1254 2159 1336 2206 notae
1359 2145 1397 2200 di·

336 2233 420 2291 cendi
443 2231 566 2302 formae,
589 2249 676 2307 quam
699 2232 737 2290 ad
758 2233 784 2304 Ι,
804 2233 842 2290 67
866 2233 896 2290 in
918 2243 1089 2291 transcursu
1111 2234 1206 2310 attigi.
1257 2235 1397 2292 Postremo

336 2317 509 2379 Schuetzius
531 2336 585 2394 pro
607 2319 646 2375 ud
667 2337 725 2374 eum
747 2318 849 2376 scribit
870 2321 910 2376 od
930 2337 1075 2382 maumam,
1108 2328 1141 2376 ut
1171 2320 1228 2376 hoc
1256 2318 1344 2376 simile
1363 2314 1396 2372 sit

336 2422 467 2462 summae
490 2421 584 2478 aquae
606 2403 758 2474 mentioni,
782 2420 847 2461 oum
870 2404 1059 2480 praesertim,
1088 2404 1138 2479 qui
1161 2406 1349 2480 promediator
1369 2402 1396 2456 in

335 2494 445 2559 uirtute,
468 2488 493 2546 is
516 2488 574 2546 iam
603 2487 633 2546 in
661 2506 696 2545 ea
724 2507 788 2546 esse
816 2489 966 2562 videatur,
999 2499 1032 2547 ut
1054 2492 1094 2547 ud
1113 2509 1172 2547 eura
1190 2492 1327 2566 peruenire
1345 2503 1396 2543 non

335 2593 409 2650 opus
432 2574 479 2632 sit.
521 2573 725 2645 Laudandum‚
748 2584 781 2631 ut
803 2575 883 2638 alibi,
906 2575 984 2650 quod
1005 2573 1209 2633 difficultatem
1228 2575 1326 2642 sensit,
1344 2589 1395 2629 non

336 2660 415 2735 quod
437 2659 529 2716 verba
551 2659 685 2716 mutarit.
729 2659 845 2716 Nam
836 2679 932 2736 ipsum
960 2660 1035 2718 illud
1060 2662 1207 2737 procedere
1234 2671 1260 2718 et
1282 2657 1397 2738 proprecb'

335 2749 367 2802 in
390 2748 486 2802 virtute
508 2743 613 2804 Cicero
636 2743 712 2801 dixit
733 2745 770 2802 ad
794 2745 1114 2845 communemiormam
1119 2747 1285 2840 loquendi3
1307 2741 1396 2804 Stoici

336 2830 386 2904 qui
409 2830 527 2924 virtutis
549 2829 657 2905 gratim
684 2847 748 2887 esse
776 2831 938 2906 negabant,
973 2823 1014 2896 εἰς
1036 2815 1157 2906 ἀρετήν,
1185 2849 1246 2890 nun
1270 2825 1298 2888 ἓν
1319 2821 1396 2903 ἀρετῇ

337 2904 515 2988 προκόπτειν
543 2915 676 2972 homines
704 2914 849 2973 docebant
876 2917 949 2992 (vid.
972 2917 1008 2973 ad
1031 2917 1089 2976 111.
1112 2911 1182 2997 48)
1212 2926 1245 2974 ut
1267 2929 1396 2974 summum

337 3009 415 3057 esset
436 2999 472 3056 ad
495 3017 560 3057 eam
583 3000 751 3076 pervenire;
774 3019 840 3058 nam
864 3001 901 3058 ud
924 3019 1066 3059 summam
1079 3012 1265 3078 pervenerat,
1288 3015 1397 3077 qurum

338 3085 407 3142 nino
430 3093 614 3160 pervenerat.
657 3086 743 3143 Hanc
766 3086 904 3161 loquendi
932 3086 1057 3144 formam
1087 3087 1222 3162 sequitur
1249 3081 1379 3146 Cicero
1372 3099 1396 3138 ιη

224 3165 232 3176 “
336 3170 435 3236 verbis
456 3171 496 3228 od
516 3190 583 3240 eam,
606 3181 639 3228 ut
660 3180 764 3246 postea
786 3173 863 3242 566.
898 3171 957 3232 Sed
974 3181 1178 3248 praeterquam
1202 3173 1281 3247 quod
1303 3173 1341 3229 ita
1360 3183 1397 3224 re·

337 3256 515 3332 pugnantiae
539 3256 682 3330 quaedum
706 3256 819 3332 species
841 3257 944 3328 oritur,
967 3257 1000 3314 fit
1022 3258 1120 3328 etiam,
1144 3266 1177 3314 ut
1199 3277 1258 3314 uon
1277 3257 1397 3327 sat-isep

336 3351 440 3416 pareat
461 3341 628 3398 absurditas
651 3360 695 3405 ea,
718 3360 806 3416 quam
830 3341 934 3401 Cicero
957 3343 1112 3400 ostendere
1139 3343 1212 3400 vult.
1257 3343 1332 3401 Nam
1353 3336 1397 3396 mi·

336 3444 418 3484 seros
441 3443 519 3495 esse,
553 3427 603 3500 qui
631 3426 667 3482 ad
690 3426 828 3484 virtutem
851 3446 910 3486 nun
933 3429 1150 3505 pervenissent,
1183 3429 1240 3486 buc
1268 3438 1324 3490 est,
1355 3419 1396 3498 qui

336 3511 447 3568 nullam
471 3511 534 3568 eius
556 3520 669 3588 partem
692 3511 869 3588 attigissent,
892 3523 1007 3572 veteres
1030 3531 1146 3588 quoque
1169 3522 1200 3570 et
1221 3515 1285 3590 ipse
1307 3511 1397 3572 Cicero
1476 3543 1477 3598 ἦ

338 3613 529 3654 concessurus
551 3604 624 3654 erar.
668 3595 746 3670 Quid
774 3616 844 3674 ergo
873 3597 936 3656 est?
979 3598 1138 3656 Debebant
1165 3598 1329 3658 Stoicorum
1355 3591 1396 3651 ad·
1476 3619 1477 3676 3

340 3681 462 3738 versarii
485 3681 634 3740 notionem
658 3699 721 3738 eam
744 3681 872 3755 virtutis,
896 3703 954 3758 qua
976 3684 1019 3741 illi
1041 3685 1071 3741 in
1094 3685 1140 3742 his
1162 3681 1397 3760 disputationibus

337 3767 495 3823 utebantur
522 3784 638 3842 quaque
666 3785 729 3823 eam
758 3767 800 3824 sic
827 3769 864 3825 ab
892 3769 994 3828 habitu
1023 3769 1113 3826 animi
1136 3769 1266 3828 nondum
1288 3761 1396 3845 perfecti

338 3852 523 3915 dirimebant.
546 3863 578 3910 ut
601 3851 688 3910 simul
710 3871 814 3927 reapse
831 3855 921 3912 evita
932 3855 1070 3922 eicerent,
1094 3864 1321 3931 oppugnarem,
1342 3865 1395 3906 cum

338 3937 367 3994 id
379 3935 527 4006 fecissent,
550 3947 650 3995 vetare
662 3956 713 3996 eos
727 3938 864 4013 ambigue
885 3941 975 4016 loqui.
1008 3941 1172 4016 Despectam
1181 3949 1211 3997 et
1227 3949 1328 4016 postea
1338 3929 1396 4012 (65)

339 4024 516 4098 desperauerit
533 4041 648 4094 omnes,
672 4034 704 4079 ut
731 4023 877 4093 ridentur,
896 4025 1011 4083 codices
1028 4022 1132 4105 [etiam
1143 4021 1198 4104 B];
1221 4027 1396 4084 correxemnt

339 4107 499 4165 Lambinus
522 4117 551 4166 et
573 4109 723 4166 Davisius.
768 4107 829 4166 Cir.
852 4110 894 4182 ΙΙ,
919 4112 967 4168 97.

423 4213 507 4267 oeque
528 4204 552 4250 et
575 4193 606 4268 ii)
631 4193 680 4252 Sic
703 4194 791 4251 etiam
815 4195 897 4252 codd.
916 4195 1002 4264 Pali,
1025 4196 1112 4268 Dan,
1136 4195 1226 4264 ΟΠ..
1250 4195 1317 4254 Gaii
1339 4187 1398 4268 (nisi

340 4277 417 4349 quod
439 4278 526 4336 huius
548 4287 607 4336 tres
631 4277 686 4356 1203
709 4290 738 4336 ut
759 4299 818 4337 una
830 4290 859 4338 et
871 4282 964 4340 altere
976 4282 1076 4352 editio,
1099 4290 1249 4358 post-rema
1261 4275 1399 4339 Lambini:

341 4361 399 4417 vid.
423 4362 460 4419 ad
481 4363 506 4422 Ι.
521 4365 569 4420 67.
614 4365 686 4422 Mox
710 4365 797 4422 etiam
821 4375 845 4422 ct
856 4369 999 4425 Pbuiorim
1011 4365 1104 4426 Gaius
1126 4377 1276 4442 tamquam
1289 4385 1325 4423 ex
1336 4361 1399 4421 Ful..
