2948 5024
269 493 310 538 nr
333 491 414 538 unu.
437 493 500 538 um.
523 493 544 540 v
567 491 640 540 cnr.
664 497 773 543 oo-oo.
1000 475 1063 540 705

63 663 156 728 tatlbm
188 663 247 727 Nan
264 668 317 726 aut
338 661 483 743 privatim
504 661 620 744 aliquid
642 681 751 744 gerere
773 661 892 726 malunt
918 669 987 740 aut,
1010 662 1063 744 qui

60 765 144 830 altiore
159 764 236 829 animo
252 770 329 842 sunt
351 771 520 845 capessunt
545 764 786 846 rempublicam
814 765 982 830 honoribus
1004 765 1061 829 im-

57 867 178 949 periisque
194 863 387 948 adipiscendis,
410 871 465 930 aut
485 871 569 932 totos
591 885 625 932 se
646 868 687 932 ad
704 865 807 932 studia
818 867 978 933 doctrinae
989 886 1063 933 con-

54 969 144 1048 lermt;
161 988 209 1052 qna
225 969 249 1033 io
268 969 330 1033 rita
345 973 467 1032 tantum
484 969 573 1034 abest
593 974 629 1034 ut
646 969 822 1050 voluptates
839 977 1063 1048 consectentur,

50 1073 123 1136 etiam
133 1089 211 1151 unas,
225 1069 444 1148 sollicitudines,
455 1071 574 1152 vigilias
585 1069 757 1152 perferunt
779 1071 957 1154 optimaque
972 1077 1063 1153 parte
1081 1073 1102 1138 5

47 1174 159 1253 hominis,
177 1173 286 1255 quaein
309 1171 398 1236 nobis
420 1172 525 1238 divina
546 1174 688 1238 ducenda
709 1179 767 1252 est
788 1173 903 1254 ingenii
925 1181 957 1239 et
977 1193 1063 1238 men-

45 1277 76 1341 tis
94 1276 148 1341 acie
157 1275 284 1354 fruuntur,
307 1293 363 1340 nec
374 1274 566 1356 voluptatem
576 1275 769 1356 requirentes
786 1293 843 1340 nec
853 1273 1006 1366 lurgientes
1017 1275 1063 1340 la-

42 1379 139 1457 torem3
162 1395 208 1442 nec
218 1387 286 1442 'vero
297 1377 505 1442 intermittunt
519 1385 576 1442 aut
585 1377 820 1442 admirationem
831 1395 937 1442 earum
949 1395 1063 1456 rerum,

36 1499 105 1560 qnae
122 1480 224 1545 suntab
233 1479 361 1561 andquis
374 1486 526 1560 repertae,
548 1487 603 1544 aut
618 1479 886 1561 investigationem
898 1497 1062 1558 novarum3

32 1602 86 1662 quo
105 1581 192 1646 studio
211 1599 270 1646 cum
292 1581 400 1646 satiari
422 1599 483 1645 non
505 1587 646 1662 possunt,
670 1581 805 1646 omnium
816 1589 989 1646 ceterarum
1011 1574 1124 1650 rc-'.lO

29 1703 88 1747 mm
108 1685 181 1748 obliti
199 1683 264 1748 nihil
284 1683 445 1762 abiectum,
468 1683 542 1748 nihil
558 1682 671 1748 humile
683 1683 832 1764 cogiunu
856 1691 1065 1764 tantaqueest

25 1787 66 1850 vis
86 1785 221 1850 talibusin
235 1786 351 1866 studiis,
373 1786 588 1865 uteosetiam,
611 1785 664 1866 qui
676 1785 733 1850 sibi
745 1783 1065 1867 aliosprcposuerunt

19 1887 91 1952 lines
110 1888 251 1966 bonorum,
271 1906 349 1969 quos
371 1887 504 1953 utilitate
525 1893 581 1952 aut
601 1887 762 1969 voluptate
783 1887 932 1968 dirigunt,
960 1893 1064 1952 tamen

15 1991 45 2054 in
67 1990 150 2054 rebus
170 1988 346 2072 quaerendis
368 1989 618 2072 explicandisque
635 1989 755 2054 naturis
772 1995 891 2054 aetates
903 1996 1065 2055 conterere

12 2093 167 2157 rideamus.
1083 2097 1123 2164 15

87 2195 166 2259 xxi
197 2195 244 2259 58.
271 2194 356 2276 Ergo
378 2193 436 2258 hoc
458 2194 582 2275 quidem
604 2199 745 2275 apparet
767 2212 825 2258 nos
847 2194 888 2258 ad
909 2194 1063 2276 agendum

1 2317 69 2361 esse
90 2305 184 2362 natos.
226 2296 386 2361 Actionum
409 2307 514 2362 autem
534 2314 650 2378 genera
671 2296 776 2377 plura,
804 2303 841 2360 ut
861 2296 1064 2361 obscurentur

49 2507 68 2552 l.
89 2499 196 2568 [air'quod
212 2500 261 2568 En]
300 2507 323 2551 4,
341 2501 400 2565 qur'ro
417 2499 441 2548 iu
459 2500 479 2548 P
520 2505 542 2548 5.
561 2509 587 2549 ort
604 2500 673 2550 etiem
693 2501 738 2550 La
780 2500 917 2551 solitudines
937 2502 955 2551 E
1005 2518 1063 2566 per·

12 2579 69 2618 taut
90 2572 110 2618 R
146 2574 167 2618 7,
187 2587 228 2619 uec
248 2599 277 2608 —
297 2571 440 2634 requirerem
458 2585 506 2618 om.
527 2570 550 2618 E
595 2569 726 2633 voluptates
746 2597 776 2606 -
796 2569 928 2621 labore-rc
965 2575 987 2622 8,
1007 2587 1062 2620 vero

4 2639 64 2688 ostri
79 2639 208 2688 rnr'ttlrrrtl'
260 2655 338 2687 rerum
357 2637 445 2688 omP
491 2643 513 2686 9.
531 2646 585 2686 oront
602 2640 645 2688 sub
663 2638 807 2702 antiquisE
848 2639 1062 2704 inculpatiouili

2 2719 21 2756 Ι.
42 2707 121 2756 cludro
139 2707 279 2756 comacr'rzro‘
295 2707 315 2756 L
356 2714 391 2757 l'i.
410 2723 450 2756 eoa
468 2714 489 2755 et
507 2707 550 2770 qui
566 2707 585 2756 E

60 2934 124 2972 cum
147 2919 252 2972 sedari
272 2935 323 2972 nou
341 2913 469 2992 possunt)
503 2915 568 2972 Hoc
599 2914 624 2972 si
651 2924 730 2971 recte
758 2915 898 2990 seriptum
928 2924 987 2985 est,
1021 2916 1064 2973 ita

2 3001 136 3058 niuncta
159 3011 207 3058 est
230 3000 373 3076 temporis
401 3009 432 3056 et
459 3018 564 3058 causae
587 2999 776 3076 significatio,
808 3011 840 3057 ut
862 3001 914 3057 illa
936 3001 1064 3058 emineat

4 3087 98 3160 dem),
125 3087 164 3143 de
189 3105 252 3161 qno
276 3104 383 3162 genere
406 3086 467 3142 dixi
490 3086 564 3156 adI,
581 3087 628 3142 10.
657 3087 768 3142 Verum
791 3085 833 3142 sic
856 3085 971 3156 dicitur,
995 3105 1061 3144 cum

2 3173 34 3228 'd
59 3191 101 3228 ex
128 3167 195 3228 una
216 3172 322 3246 aliqua
343 3171 458 3228 actione
481 3171 546 3247 ipso
569 3171 693 3228 actionis
721 3179 853 3246 tempore
880 3171 1063 3248 intellegitur

1 3279 31 3313 m
58 3259 114 3314 hoc
139 3259 227 3328 dieis,
252 3259 390 3332 siqm'ficas
412 3255 497 3332 oet),
521 3257 599 3332 quod
622 3257 651 3312 in
674 3256 751 3312 hunc
773 3255 870 3313 locum
893 3275 951 3313 non
974 3258 1062 3314 cadit.

3 3363 66 3400 ue
93 3343 194 3400 credo
220 3342 395 3400 Ernestium
417 3351 496 3399 recte
518 3341 671 3417 scripsisse
688 3343 808 3416 poseium
837 3360 904 3398 nam
927 3347 1061 3416 quonium,

7 3429 30 3486 d
58 3427 143 3487 Otto
168 3429 292 3504 posuit,
315 3428 363 3486 hic
385 3428 481 3486 minus
504 3436 604 3503 aptum
628 3436 687 3496 est;
720 3445 815 3502 neque
843 3427 921 3484 enim
944 3429 1061 3486 occasio

8 3523 118 3571 catur.
171 3514 283 3572 Paulo
305 3522 373 3590 post
394 3513 536 3570 Davisius
559 3513 648 3570 scribi
671 3513 800 3570 malebat
822 3520 850 3570 iu
872 3533 962 3570 rerum
979 3534 1061 3589 quoe-

2 3605 38 3656 ,r'e
65 3601 321 3676 explicandisque
343 3603 461 3670 rruturio,
495 3598 603 3656 vitioso
631 3599 788 3656 verborum
817 3599 920 3656 ordine
948 3609 977 3657 et
999 3601 1062 3658 sine
1115 3638 1121 3649 ·

23 3704 152 3756 eausa3
190 3703 273 3742 narn
295 3691 329 3742 ut
349 3687 461 3759 copositio
482 3704 571 3742 rerum
593 3684 764 3760 saepissime
786 3684 922 3742 universe
946 3685 1062 3758 dicitur,

1 3772 108 3828 ²tiam
136 3775 172 3828 in
200 3771 293 3828 rebus
315 3772 475 3844 quaerendis
498 3781 601 3845 tempus
623 3781 763 3835 conarer-u
788 3789 841 3827 nec
864 3771 960 3828 minus
982 3781 1062 3829 recte

2 3877 53 3914 ure
81 3857 254 3914 absolute
281 3855 317 3912 de
339 3856 520 3932 singularum
543 3875 640 3913 rerum
663 3856 902 3930 proprietatibus.

13 3942 109 4017 Cap.
125 3942 234 4000 XXI
235 3983 245 4014 ,
273 3942 324 3998 58.
348 3943 489 3999 Actionem
500 3951 587 3998 aulem
596 3960 694 4015 periero
702 3943 797 4016 plura)
815 3942 916 3999 Verba
927 3941 1063 4016 proxima

1 4029 99 4086 'iota
136 4028 239 4106 (erqo
272 4027 322 4084 too
343 4029 450 4102 quidem
472 4037 586 4103 apparel
609 4026 678 4103 cet.)
708 4027 926 4084 conclusionem
953 4027 1064 4084 habent

0 4113 282 4189 imputationis,
307 4131 394 4188 quam
406 4113 478 4170 Piso
490 4117 504 4182 ς
519 4113 557 4170 55
570 4112 751 4180 institueram
774 4112 805 4168 in
816 4112 963 4187 particula
973 4123 1060 4170 etoleno

1 4203 76 4256 [tur
121 4200 172 4256 ad
211 4217 334 4256 novam
368 4199 612 4274 disputationem,
646 4216 721 4272 qnae
754 4198 836 4254 illam
864 4198 1062 4272 consequitur.

0 4312 9 4334 o·
51 4293 241 4361 apparet,
269 4284 381 4342 assumi
403 4294 473 4356 suut,
496 4303 564 4356 non,
587 4282 869 4359 uthiusputabat,
892 4302 909 4340 e
931 4284 1063 4359 superio·

11 4389 116 4440 esse3
150 4389 229 4427 nee
259 4389 301 4427 ex
323 4389 380 4427 esce
401 4380 477 4426 natos
499 4369 537 4426 ad
551 4371 740 4444 qeooeruplura
763 4368 858 4426 audiri
869 4377 1062 4445 poteratesoe.

5 4457 186 4513 verbum
220 4453 325 4534 (eunt)
346 4456 377 4512 in
400 4455 567 4513 huiusmodi
589 4455 735 4512 sententia
756 4454 840 4512 initio
859 4455 956 4531 posita
968 4455 1063 4513 duris·

825 4571 860 4626 ts
