3018 5052
378 389 444 456 490
762 409 808 456 nn
829 409 959 458 rmmus
981 411 1051 458 acu.

378 579 461 644 hunc
483 595 604 644 omnem
625 577 773 658 oppidum
794 595 864 644 csse
886 587 1034 646 nostrum
1078 580 1356 662 lucasquantam
1375 599 1425 644 ren

379 687 461 762 agat
483 685 526 760 ut
553 679 677 746 Circeiis
704 680 758 761 qui
784 679 915 761 habitet,
947 688 1046 746 tetum
1072 682 1155 748 hrmc
1180 684 1327 749 mundum
1353 701 1425 747 suun

379 781 577 864 municipium
599 800 668 848 esse
689 781 850 848 emtimet
883 784 1023 850 Incendit
1043 785 1137 867 igitur
1158 803 1221 864 cus,
1243 785 1425 866 quiaudimt

380 885 483 962 Quid?
504 884 556 950 illc
576 885 740 952 incendat?
782 884 965 968 Restingvct
992 887 1096 967 citius,
1124 887 1150 953 si
1175 887 1336 953 ardentem
1356 905 1425 952 cccc

338 985 466 1068 aperit.
509 988 576 1053 Ista
595 988 674 1069 ipsa,
696 1007 776 1070 quac
797 994 832 1054 tu
853 988 998 1070 breviter,
1019 1007 1133 1071 regem,
1153 989 1343 1068 dictatorcm,
1364 988 1425 1052 diri·

378 1097 439 1154 tem
461 1090 560 1156 solum
582 1107 652 1156 esse
673 1091 859 1172 sapientem,
891 1109 911 1156 a
937 1099 969 1158 te
996 1092 1119 1174 quidem
1145 1097 1218 1174 apte
1240 1109 1277 1157 ac
1297 1091 1425 1162 munic

377 1192 506 1274 qrrippc3
539 1193 635 1258 habes
662 1193 742 1258 enirn
769 1211 789 1258 a
816 1193 1005 1273 rheteribuc3
1037 1193 1160 1258 illorum
1187 1212 1261 1259 vern
1288 1194 1348 1259 ista
1371 1193 1426 1274 ipsc

377 1312 470 1375 quam
492 1295 582 1361 exilia
608 1296 648 1360 dc
670 1294 793 1362 virtutis
819 1295 863 1360 vil
896 1314 990 1378 quam
1016 1301 1135 1362 tantam
1161 1296 1270 1361 volunt
1296 1313 1374 1372 csse,
1401 1303 1426 1357 ut

376 1395 500 1461 beatum
521 1415 579 1479 per
600 1415 635 1464 se
656 1396 778 1464 efficere
794 1398 901 1479 possit
934 1397 1082 1480 Pungrmt
1096 1398 1186 1478 enim,
1209 1398 1299 1480 quasi
1320 1396 1426 1472 mules

318 1497 359 1561 10
376 1497 679 1580 interrogatiunculis
695 1500 849 1582 angustia
882 1500 994 1582 quibus
1022 1500 1115 1566 etiam
1142 1501 1195 1583 qui
1221 1500 1426 1575 assentimur,

376 1599 451 1664 nihil
478 1607 705 1668 summutantur
731 1602 833 1668 animo
866 1609 898 1668 ct
928 1603 1021 1670 iidem
1046 1603 1171 1683 abeunt,
1198 1603 1252 1685 qui
1280 1607 1426 1672 venerant}

375 1721 427 1768 res
454 1703 535 1768 enim
561 1703 824 1785 interserente,
857 1711 941 1771 certe
966 1723 1088 1788 graves,
1111 1705 1239 1770 nonita
1260 1711 1426 1770 tractantur.

375 1812 410 1869 ut
430 1805 552 1886 debent,
574 1807 630 1872 scd
651 1806 810 1888 aliquante
831 1806 986 1872 minutius.

459 1907 512 1972 lV.
536 1909 565 1973 8.
599 1908 744 1990 Sequitur
771 1909 943 1974 disserendi
971 1909 1052 1974 ratic
1080 1909 1276 1991 cognitioque
1297 1915 1425 1980 uacuam

315 2008 356 2073 15
375 2027 444 2073 iram
466 2010 646 2075 desummo
668 2011 748 2076 bono
769 2029 849 2090 mox,
871 2015 907 2075 ut
927 2011 998 2090 dixi,
1021 2011 1189 2076 videbimus
1215 2017 1249 2076 et
1274 2012 1315 2076 ad
1335 2011 1366 2075 id
1385 2027 1425 2073 er·

375 2111 550 2192 plicandum
572 2111 813 2194 disputationem
834 2132 954 2178 omnem
977 2112 1176 2178 conferemus.
1220 2113 1258 2178 In
1279 2113 1327 2179 his
1348 2112 1426 2193 igitir

444 2321 464 2364 1.
483 2325 593 2367 ammana.
632 2315 733 2367 incendii
754 2317 859 2384 (necandi
877 2315 958 2385 [Δ]Ε)
976 2318 1046 2384 ruitur
1069 2325 1134 2384 (cryc
1152 2319 1185 2378 E)
1202 2335 1254 2378 cor,
1272 2317 1315 2382 qni
1333 2316 1426 2367 audam

379 2382 452 2448 Vides
470 2400 556 2435 omnm
607 2394 699 2449 quantu
716 2403 754 2436 m
771 2388 795 2436 E
848 2392 870 2435 a.
888 2403 949 2452 cyna
967 2401 1053 2438 omncs
1100 2395 1125 2436 nt
1147 2386 1242 2437 caecas
1260 2387 1343 2437 omli
1363 2384 1426 2434 Circa

372 2451 402 2502 lu
420 2451 441 2501 1’
459 2461 520 2504 carle
537 2453 596 2502 uu
617 2451 755 2505 Cercola'sC
790 2453 898 2504 mundum
915 2463 987 2504 totum
1004 2456 1064 2506 lunc
1083 2457 1101 2505 E
1136 2464 1206 2505 totum
1225 2471 1272 2508 cun
1293 2457 1316 2505 B
1356 2459 1380 2506 ³.
1394 2468 1426 2501 cr·

372 2519 456 2572 irtimet
465 2521 529 2586 qnid,
548 2522 751 2582 multinominis,
771 2539 856 2573 omnen
891 2525 1141 2590 ⁴.reatin9vetcm.E
1181 2519 1303 2588 pulian
1336 2528 1358 2572 5.
1377 2535 1426 2586 quot

372 2599 419 2640 luna
437 2591 457 2640 F.
491 2607 566 2657 rcymn
586 2619 615 2630 —
635 2591 762 2642 rimorum
779 2593 877 2642 Nonius
895 2608 919 2657 p.
942 2597 988 2641 164
1032 2598 1054 2644 6.
1074 2602 1145 2657 atquc
1161 2592 1299 2642 rauendel·
1317 2601 1338 2641 at
1353 2587 1427 2639 rolli

372 2665 395 2709 9.
415 2660 532 2711 animum.
546 2657 724 2727 [AJLPCBOr.
762 2666 800 2711 10.
814 2661 962 2728 [ιίιτωτῳαῑί
977 2661 1075 2712 uinculis
1085 2659 1134 2729 Eh]
1174 2666 1212 2714 ll.
1232 2655 1425 2728 aitilprcnrlr'llc

374 2727 442 2794 [vilan
461 2727 495 2796 A]
547 2733 583 2779 ts.
603 2727 746 2796 [aliqnando
764 2729 813 2796 Eh]
862 2733 899 2782 tc.
918 2729 947 2778 iic
966 2730 1007 2794 (P)
1024 2730 1110 2780 aium

370 2921 448 2977 nrcclo
469 2919 570 2998 loqu.);
593 2931 623 2978 ct
643 2921 809 2980 necessarie
831 2921 904 2978 haec
925 2922 977 2992 rei,
1000 2939 1076 2996 quae
1093 2921 1198 2998 egitur,
1221 2917 1425 2998 magnitudcin

370 3023 407 3062 ea
434 3023 560 3080 persona
586 3007 683 3064 notari
712 3007 812 3077 debet,
841 3024 916 3080 quae
942 3006 1116 3064 incendatuc
1148 3026 1186 3064 an
1213 3025 1274 3064 nou
1295 3004 1425 3066 incendat

371 3091 536 3166 quaeritur;
565 3091 648 3166 atqui
670 3091 706 3150 de
728 3111 764 3149 ca
785 3095 908 3163 incendit,
931 3095 1072 3166 rastinyvat
1093 3093 1208 3150 (licitur.
1231 3093 1336 3167 Itaque
1347 3099 1375 3148 et
1385 3105 1425 3144 vc·

369 3185 447 3233 teres
459 3177 578 3250 quidam
589 3177 716 3235 editores
727 3173 817 3258 (Van.
839 3179 929 3249 1480,
952 3177 1041 3250 Crat,
1069 3178 1120 3252 qui
1140 3177 1172 3236 in
1188 3197 1245 3256 mg.
1263 3178 1424 3248 hebetaque

370 3260 587 3342 Man.‚Lamb.)
604 3270 634 3319 et
644 3281 738 3339 nuper
759 3263 875 3320 Davisii
889 3263 1086 3321 coniecturam
1098 3271 1254 3338 sequentes
1266 3260 1425 3323 Schuetzius

369 3358 400 3405 et
411 3347 540 3406 Orellius
551 3358 616 3422 aqut
626 3347 814 3424 scripserunt,
829 3367 893 3407 mec
904 3349 1013 3408 iudicio
1024 3359 1112 3420 recte,
1131 3357 1165 3406 ut
1180 3349 1238 3406 iam
1249 3349 1299 3407 hic
1310 3357 1425 3406 nmsea·

369 3441 419 3490 tur
434 3432 471 3490 ad
489 3434 594 3491 incerti
615 3433 703 3504 illius,
726 3434 886 3508 quianimo
908 3443 1051 3505 occurrat,
1075 3433 1168 3495 Stoici
1177 3453 1342 3510 personam.
1373 3431 1424 3490 An

370 3537 408 3576 cx
430 3518 493 3576 Erl.
504 3516 559 3597 [B]
582 3517 767 3577 efficiendum
790 3519 860 3576 crit:
882 3530 985 3596 quauta
1006 3539 1050 3578 rer
1070 3530 1178 3594 nactur,
1205 3529 1240 3576 ut
1261 3537 1383 3595 sequens
1401 3521 1423 3570 ct

369 3603 501 3681 syllabae
523 3615 567 3662 tar
585 3605 724 3662 nocuisse
746 3613 874 3681 putetur.
916 3601 1026 3686 (Potius
1052 3624 1106 3682 pro
1132 3609 1210 3663 mlius
1231 3605 1310 3664 Dav.
1332 3624 1367 3662 ex
1387 3600 1424 3658 El·

369 3684 433 3768 (1),
456 3689 564 3760 meac,
585 3689 676 3767 Ball.)

455 3795 473 3832 u
495 3785 520 3832 tc
541 3777 648 3850 qratiam
669 3786 731 3852 apte
752 3777 918 3847 electuaria,
942 3809 983 3817 —
1005 3778 1111 3834 illerum
1132 3795 1193 3834 varo
1216 3780 1270 3834 iata
1281 3775 1355 3854 ἰρια)
1375 3773 1424 3832 Pe

369 3860 426 3918 tuit
447 3879 569 3937 pergere
591 3862 693 3918 cadem
715 3860 824 3920 forma:
854 3863 888 3918 ab
909 3863 963 3918 ilat
977 3879 1045 3918 cero
1067 3881 1212 3937 —quum
1233 3865 1351 3931 erilitm
1382 3853 1424 3915 sed

368 3955 437 4022 post
468 3947 587 4004 brevem
614 3947 802 4022 parenthesin
829 3947 962 4022 repetitis
989 3947 1088 4005 verbis
1114 3950 1168 4006 icta
1189 3953 1253 4023 apuu
1274 3946 1424 4006 oraticnem

369 4031 502 4089 mutavit
829 4027 832 4040 '

454 4118 582 4191 Prmqunt
598 4117 679 4192 enim)
702 4119 785 4174 Enim
807 4115 902 4176 Gaius
923 4119 953 4174 in
976 4119 1044 4176 Bas.
1067 4115 1217 4177 arcuna
1241 4118 1424 4176 addinmac

368 4201 477 4260 oblitus
500 4212 545 4260 est
565 4201 626 4260 Erl.
649 4204 798 4279 appellare
821 4212 851 4260 at
872 4203 935 4260 cina
957 4203 1047 4262 dubio
1068 4203 1146 4279 Spir.
1169 4201 1234 4281 [Β].
1284 4197 1425 4262 Particuls

367 4296 508 4345 nontam
531 4305 648 4346 musam
671 4307 758 4362 quarn
781 4288 1007 4365 explicationem
1029 4289 1182 4365 significat

454 4371 526 4449 Cap.
548 4374 603 4444 IV,
627 4374 655 4431 8.
688 4375 721 4430 In
744 4374 785 4431 ta
806 4377 887 4448 r'qr'lur
904 4375 1031 4450 partibus
1051 4373 1171 4451 duabus)
1193 4374 1313 4432 Drmbtar
1328 4369 1426 4434 omittit
